3192 4975
1168 431 1245 480 m
1298 425 1776 482 TERENTIUM.

374 575 548 628 Venus
568 578 658 631 Eu.
680 580 743 638 iv,
764 586 813 630 6.
832 585 867 630 6

443 645 613 692 Cerno.
634 645 683 694 Si
700 646 811 693 satis
830 661 989 701 cerno,
1007 645 1051 694 is
1066 644 1221 695 hercle
1240 652 1313 694 est
1327 645 1428 696 Ad.

376 708 451 765 iii,
471 713 518 758 8.
542 715 604 758 85
651 710 719 758 Ut
751 717 1029 758 consuetum
1061 711 1203 760 facile
1224 726 1427 760 amorem

376 788 587 822 cerneres
616 773 679 822 A.
700 774 737 829 i,
760 779 809 824 1.
835 779 931 824 108

442 837 600 888 Certe.
672 837 878 904 Egomet
928 839 1157 888 continuo
1210 853 1393 888 mecum
1414 855 1425 886 =

376 908 501 949 certe
519 908 687 966 captus
709 903 809 951 est!
846 902 911 951 A.
931 904 969 964 i,
991 909 1038 955 1.
1058 909 1121 952 66
1171 903 1288 952 Mea
1321 903 1427 967 qui·

374 967 481 1013 dem
503 966 659 1014 hercle
679 975 805 1016 certe
824 968 878 1014 in
900 968 1047 1015 dubio
1064 967 1161 1014 vita
1182 973 1255 1016 est
1284 966 1350 1018 A.
1372 967 1428 1025 ii,

376 1034 427 1078 2.
447 1033 507 1079 10
529 1029 672 1078 Certe
684 1031 724 1078 si
738 1031 1033 1080 rescit-erim!
1058 1031 1153 1079 Da.
1167 1032 1308 1081 Certe
1324 1032 1427 1079 her-

374 1094 448 1142 cle
468 1110 595 1142 nunc
630 1095 709 1142 hic
748 1111 799 1143 se
838 1096 965 1157 ipsus
1003 1095 1140 1157 fallit,
1176 1097 1301 1143 haud
1336 1111 1427 1158 ego

376 1157 441 1210 A.
462 1159 531 1216 iii,
554 1163 604 1208 2.
631 1163 713 1211 14.
736 1165 793 1208 16
828 1160 967 1209 Certe
984 1159 1105 1208 enim
1128 1159 1227 1209 scio
1266 1159 1330 1210 A.
1352 1161 1427 1216 iii,

372 1227 424 1272 2.
444 1225 510 1272 28
564 1223 837 1286 Expedies?
872 1223 965 1271 Da.
998 1223 1154 1282 Certe,
1177 1224 1427 1288 Pamphile

375 1285 445 1334 A.
465 1282 537 1343 iii,
558 1291 605 1337 6.
631 1292 654 1337 1
667 1293 688 1336 1
740 1288 973 1336 Molestus
988 1295 1113 1336 certe
1134 1289 1181 1337 ei
1200 1288 1333 1338 fuero
1366 1288 1427 1337 A.

371 1350 443 1407 iv,
469 1355 517 1399 1.
542 1353 601 1400 17
636 1350 869 1400 Andrium
891 1367 979 1416 ego
1001 1352 1241 1402 Critonem
1255 1353 1429 1401 video?

291 1433 295 1435 ’
374 1415 563 1462 certeis
584 1423 657 1462 est
690 1414 751 1464 A.
783 1433 829 1473 v,
866 1421 917 1467 4.
954 1422 985 1466 8
1038 1416 1179 1466 Certe
1216 1433 1323 1466 mea
1358 1424 1433 1466 est

377 1476 441 1526 A.
464 1495 511 1535 v.
533 1483 581 1527 4.
602 1483 666 1528 80
716 1478 887 1528 Nescis
906 1481 1023 1546 quid
1046 1482 1161 1530 mihi
1194 1481 1433 1544 obtigerit.

378 1543 475 1590 Da.
513 1543 653 1592 Certe
682 1542 747 1592 A.
767 1562 817 1606 v,
837 1549 887 1594 6.
909 1550 941 1596 2
998 1545 1157 1593 Homo
1198 1546 1435 1610 quatietur

380 1613 506 1655 certe
526 1623 633 1655 cum
654 1608 783 1656 dono
804 1609 926 1657 foras
946 1609 1040 1659 Eu.
1056 1610 1110 1668 ii,
1131 1615 1179 1660 8.
1194 1615 1259 1659 66
1292 1610 1433 1660 Certe

380 1679 583 1720 extrema
603 1671 731 1720 linea
752 1689 906 1721 arnare
926 1674 1055 1722 haud
1076 1671 1195 1722 nihil
1216 1681 1291 1722 est
1338 1674 1432 1725 Eu.

378 1736 447 1791 iv,
470 1740 517 1785 2.
541 1740 603 1785 12
666 1736 809 1786 Certe
828 1745 881 1785 tu
902 1737 1094 1802 quidem
1116 1738 1197 1824 pol
1216 1747 1267 1786 et
1288 1739 1435 1786 multo

380 1800 570 1848 hilarior
600 1799 695 1850 Eu.
719 1801 785 1859 iv,
806 1809 855 1850 6.
876 1807 905 1851 6
940 1802 1117 1850 Credin
1152 1804 1171 1849 ?
1204 1802 1301 1852 Gn.
1337 1802 1435 1850 lm·

380 1879 461 1912 mo
478 1873 603 1914 certe
622 1865 855 1923 Eu.iv,·r.
870 1871 935 1916 42
974 1865 1147 1915 Venit!
1182 1866 1273 1918 Ch.
1295 1868 1435 1916 Certe

385 1929 509 1980 Hea.
530 1929 600 1988 iii,
626 1935 673 1978 1.
694 1935 761 1980 22
810 1929 880 1978 At
900 1938 1024 1979 certe
1060 1932 1293 1980 concedas
1324 1932 1435 1980 hinc

384 1993 543 2057 aliquo
582 1993 706 2042 Hea.
740 1993 810 2051 iii,
838 1999 891 2046 8.
929 1999 987 2045 11
1046 1994 1162 2042 Ain'
1213 1996 1305 2043 tu?
1354 1996 1435 2044 So.

388 2057 544 2114 Certe,
580 2058 793 2122 inquam,
830 2061 897 2107 mi
934 2060 1007 2106 vir
1040 2059 1161 2107 Hes.
1197 2076 1250 2116 v,
1285 2064 1335 2109 8.
1376 2064 1435 2108 12

385 2121 533 2170 Estne
569 2123 649 2171 hic
686 2124 834 2186 ipsus,
868 2125 929 2171 de
966 2139 1063 2187 quo
1100 2123 1334 2186 agebam?
1389 2129 1440 2170 et

386 2196 510 2235 certe
544 2187 587 2234 is
619 2194 693 2234 est
729 2186 827 2235 Ad.
847 2187 884 2244 i,
909 2193 957 2238 1.
980 2192 1043 2236 68
1100 2187 1258 2244 Certe,
1280 2186 1439 2250 Hegio

388 2251 487 2298 Ad.
508 2251 578 2308 iii,
600 2255 653 2300 4.
672 2256 739 2301 42
766 2251 992 2300 Simulare
1012 2259 1138 2300 certe
1151 2259 1223 2299 est
1235 2251 1439 2299 hominis

386 2315 483 2364 Ad.
503 2316 637 2372 iv,'1.
658 2320 723 2365 16
766 2315 991 2365 Certen'?
1024 2316 1131 2364 Par.
1168 2317 1309 2364 Certe
1342 2315 1437 2366 He.

388 2395 435 2435 v,
457 2384 506 2428 4.
526 2385 556 2429 8
608 2379 687 2428 Illi
720 2388 864 2437 certe,
885 2397 991 2444 quae
1028 2396 1155 2428 nunc
1186 2381 1273 2428 tibi
1308 2381 1440 2428 domi

389 2452 476 2502 est,
500 2444 763 2503 consuleres
786 2445 878 2495 Ph.
903 2446 970 2504 iii,
989 2451 1077 2497 1.4
1112 2444 1253 2494 Certe
1268 2445 1441 2509 hercle,

389 2510 478 2557 tibi
498 2510 689 2573 quidem
710 2518 783 2557 est
804 2510 917 2558 olim
938 2512 1041 2559 dies
1065 2512 1325 2574 praestituta
1346 2510 1437 2561 Ph.

387 2573 459 2629 iii,
481 2580 531 2624 2.
554 2579 619 2623 38
668 2574 809 2623 Certe
829 2575 1030 2639 aedepol,
1048 2574 1236 2623 nisime
1258 2576 1443 2623 animus

387 2637 509 2688 fallit
540 2638 632 2686 Ph.
646 2656 693 2695 v,
718 2643 763 2688 1.
786 2643 818 2687 8

458 2702 617 2755 certo.
650 2702 896 2765 (adverb.)
960 2702 1070 2751 Hoc
1092 2710 1220 2750 certo
1242 2702 1343 2751 scio
1380 2700 1447 2752 A.

392 2783 439 2822 v,
461 2772 514 2817 4.
536 2772 602 2817 26
650 2767 755 2830 Ego
790 2768 891 2829 pol,
966 2784 1039 2814 uae
1068 2767 1185 2814 mihi
1208 2782 1307 2813 sum
1328 2781 1446 2813 con-

396 2831 513 2894 scia,
533 2832 625 2879 hoc
643 2838 771 2879 certo
795 2832 892 2878 scio
972 2848 1019 2878 u.
1041 2830 1075 2885 i,
1096 2836 1145 2879 2.
1167 2834 1265 2880 119
1296 2828 1450 2891 Atqui

388 2902 521 2943 certo
544 2894 750 2957 comperi
788 2894 881 2943 Eu.
920 2910 967 2948 v,
992 2900 1039 2942 1.
1071 2898 1105 2941 9
1154 2892 1321 2949 Quid?
1352 2892 1446 2938 ah!

391 2958 545 3015 volet,
581 2966 711 3007 certo
747 2957 877 3005 scio:
912 2957 1029 3005 civis
1070 2958 1212 3003 modo
1252 2957 1353 3002 haec
1390 2955 1453 3002 sit

391 3024 490 3071 Eu.
527 3039 576 3080 v,
608 3028 658 3071 2.
696 3026 761 3070 60
813 3020 937 3068 Satis
972 3028 1101 3069 certo
1142 3020 1241 3069 scio
1275 3019 1395 3068 Hea.
1417 3018 1453 3076 i,

393 3093 445 3138 l.
472 3090 553 3136 19.
610 3085 707 3133 Ad.
741 3084 795 3140 ii,
831 3089 880 3133 3.
914 3090 962 3135 3.
1034 3084 1200 3141 Hosti,
1225 3089 1271 3133 l.
1290 3089 1339 3134 7.
1387 3084 1453 3138 ἰν,

394 3156 444 3201 4.
466 3155 531 3200 84
590 3149 649 3197 Id
682 3149 901 3212 equidem
918 3166 1010 3213 ego
1028 3156 1155 3197 certo
1186 3148 1286 3197 scio
1330 3146 1453 3195 Hea.

394 3216 461 3273 iv,
487 3221 534 3265 1.
561 3219 625 3263 19
675 3214 735 3261 Id
773 3221 901 3261 certo
938 3214 1039 3261 scio
1072 3212 1193 3261 Hea.
1233 3230 1280 3269 v,
1318 3217 1363 3261 1.
1404 3216 1453 3261 1.

398 3280 556 3335 Pha,
580 3282 629 3327 8.
653 3282 731 3328 10.
779 3294 826 3334 v,
865 3282 914 3328 7.
935 3283 1005 3328 60
1052 3278 1148 3325 Pro
1185 3275 1363 3325 certon'
1400 3283 1453 3324 tu

391 3344 530 3391 istaec
550 3343 700 3391 dicis?
720 3341 821 3391 Ad.
840 3343 970 3397 iiia.
987 3347 1052 3391 82
1086 3342 1189 3390 Has
1204 3358 1301 3389 non
1316 3356 1454 3389 nosse

399 3416 467 3464 te,
491 3414 541 3455 et
559 3415 685 3455 certo
708 3407 806 3455 scio
838 3405 939 3456 Ad.
960 3407 1025 3463 iv,
1048 3413 1097 3457 6.
1127 3410 1184 3456 14
1240 3406 1343 3469 Ego
1378 3420 1455 3452 rus

401 3472 631 3520 abituram
664 3472 777 3519 hinc
816 3487 924 3520 cum
963 3478 1045 3517 tuo
1084 3486 1159 3518 me
1191 3486 1292 3517 esse
1326 3476 1455 3517 certo

402 3535 591 3585 decrevi
610 3543 743 3599 patre
764 3535 861 3584 He.
883 3536 947 3593 iv,
970 3538 1021 3583 2.
1047 3539 1111 3583 10
1160 3533 1265 3581 Tua
1302 3532 1461 3581 hercle

404 3608 533 3651 certo
554 3598 651 3647 vita
672 3601 938 3663 expetenda
958 3606 1031 3647 est
1064 3598 1155 3646 Ph.
1178 3597 1214 3649 i.
1239 3602 1287 3646 3.
1317 3601 1377 3646 12

473 3664 630 3713 Certo.
655 3662 835 3729 (verb.)
869 3663 1145 3712 Benedictis
1168 3662 1208 3709 si
1224 3667 1461 3716 certasset,

406 3728 617 3776 audisset
638 3729 759 3776 bene
790 3727 881 3779 Ph.
904 3727 1032 3776 Prol.
1055 3731 1119 3775 21

472 3792 659 3848 Certus,
680 3808 727 3848 a,
763 3808 861 3841 um.
920 3792 1017 3854 Spe
1052 3792 1251 3847 incerta,
1286 3797 1463 3837 certum

408 3856 527 3904 mihi
568 3856 771 3904 laborem
806 3856 969 3903 sustuli
1000 3856 1095 3903 He.
1133 3853 1235 3902 Alt.
1268 3855 1395 3919 Prol.
1430 3856 1464 3901 9

408 3920 551 3969 Certa
571 3937 641 3969 res
662 3929 735 3969 est
754 3919 817 3969 A.
840 3921 893 3975 ii,
910 3924 959 3969 2.
978 3924 1037 3968 31
1074 3918 1181 3967 Nec
1198 3918 1314 3982 quid
1329 3934 1463 3980 agam

408 3993 591 4034 eertum
628 3995 701 4033 est
730 3983 797 4034 A.
833 3982 871 4040 i,
908 3987 1009 4034 8.4
1057 3983 1237 4031 Omnia
1269 3983 1467 4045 experiri

407 4058 587 4099 certum
610 4056 702 4111 est,
724 4048 994 4112 priusquam
1014 4062 1154 4107 pereo
1175 4046 1241 4095 A.
1260 4046 1314 4101 ii,
1339 4052 1383 4095 1.
1406 4050 1465 4094 11

410 4114 491 4163 Ita
510 4114 663 4163 facere
684 4120 861 4161 certum
884 4118 956 4158 est
987 4110 1137 4168 Eu.i,
1150 4116 1203 4161 2.
1229 4115 1323 4160 108
1368 4108 1472 4156 Ne·

412 4177 636 4227 bulonem
658 4178 785 4225 hunc
801 4184 982 4224 ,certum
1004 4183 1077 4222 est
1106 4175 1265 4223 ludere
1305 4174 1397 4222 Eu.
1418 4173 1473 4235 ii,

414 4246 467 4291 2.
487 4248 552 4292 88
588 4242 780 4291 Certum
794 4248 867 4289 est
887 4239 980 4290 Eu.
996 4238 1051 4296 ii,
1067 4243 1117 4290 8.
1133 4244 1197 4287 88
1228 4238 1279 4287 Si
1296 4245 1472 4285 certum

412 4313 490 4355 est
508 4308 681 4364 facere,
700 4304 846 4355 facias
866 4306 953 4354 Eu.
976 4303 1033 4362 ii,
1046 4308 1097 4353 8.
1110 4306 1175 4352 96
1202 4302 1251 4350 Si
1265 4302 1387 4351 istuc
1408 4301 1475 4349 ita

544 4387 719 4451 Delph.
737 4391 784 4437 et
802 4380 926 4437 Ver.
936 4386 1066 4435 Clas.

2404 417 2558 486 xlix

1501 589 1679 631 certum
1701 589 1774 630 est
1793 579 1884 630 tibi
1918 579 2010 629 Eu.
2031 581 2101 639 iii,
2123 585 2170 633 8.
2195 585 2260 633 80
2313 583 2421 633 Jarn
2444 585 2558 636 satis

1502 657 1682 696 eertum
1703 654 1794 702 est.
1815 645 2041 710 virginem
2080 647 2286 695 vitiatam
2325 663 2428 698 esse
2460 649 2555 704 Eu.

1502 710 1568 767 iv,
1590 714 1639 759 4.
1662 713 1724 760 87
1777 710 1830 759 Si
1847 717 2022 758 certum
2061 718 2134 760 est
2163 711 2252 760 tibi
2283 712 2352 760 sic
2385 712 2557 773 facere,

1502 775 1621 824 illud
1647 773 1890 838 permagni
1909 775 2078 824 referre
2113 777 2308 824 arbitror
2338 774 2462 827 Hes.
2485 779 2561 838 iii,

1506 842 1640 892 1.,67
1693 839 1845 887 Satin’
1867 841 1958 888 hoc
1977 847 2155 888 certum
2175 839 2282 888 est?
2316 839 2408 892 Ge.
2443 841 2560 892 Cer·

1506 909 1607 951 tum
1629 901 1730 952 Ad.
1751 903 1826 960 iii,
1846 906 1895 953 2.
1918 907 1980 953 81
2017 903 2086 953 Ut
2105 918 2262 968 neque
2274 904 2389 968 quid
2407 921 2562 970 agam,

1508 975 1686 1016 certum
1707 967 1825 1015 siet!
1860 966 1961 1015 Ad.
1983 967 2048 1026 iv,
2071 970 2118 1018 4.
2141 973 2174 1018 2
2217 967 2364 1017 Domi
2384 979 2559 1018 certum

1509 1033 1724 1080 obsidere
1743 1038 1818 1080 est
1839 1047 2005 1096 usque,
2038 1033 2194 1081 donec
2231 1031 2420 1082 redierit
2465 1035 2564 1086 Ad.

1508 1095 1575 1152 iv,
1615 1100 1664 1144 6.
1697 1099 1732 1144 6
1775 1096 2028 1145 Certumne
2061 1104 2134 1145 est
2166 1097 2288 1145 istuc
2323 1097 2418 1145 Hc.
2439 1099 2492 1156 ii,
2514 1103 2565 1150 2.

1509 1164 1575 1209 80
1623 1161 1814 1208 Servare
1835 1160 1888 1208 in
1907 1177 1966 1209 eo
1985 1168 2162 1208 certum
2185 1169 2277 1219 est,
2294 1162 2422 1225 qnod
2444 1162 2564 1222 dixi,

1510 1223 1652 1272 fidem
1685 1224 1780 1276 He.
1812 1224 1884 1280 iii,
1908 1228 1958 1274 8.
1978 1227 2045 1274 42
2100 1225 2290 1274 Certum
2324 1226 2566 1277 obfirmare

1510 1295 1583 1336 est
1603 1289 1726 1336 viam
1747 1304 1824 1338 me
1856 1287 1950 1336 He.
1971 1288 2043 1345 iii,
2065 1294 2114 1338 6.
2133 1293 2166 1340 4
2215 1289 2360 1338 Nune
2381 1290 2470 1338 tibi
2491 1305 2568 1340 me

1510 1360 1690 1401 certum
1723 1361 1796 1400 est
1831 1360 1994 1400 contra
2031 1352 2224 1417 gratiam
2269 1354 2434 1403 referre
2472 1353 2566 1404 He.

1512 1415 1577 1474 iv,
1599 1422 1648 1467 2.
1670 1422 1700 1467 7
1757 1417 1948 1466 Certum
1966 1425 2039 1464 est
2059 1418 2276 1482 persequi
2312 1418 2403 1466 Ph.
2425 1419 2492 1472 iii.
2514 1423 2567 1470 8.

1516 1485 1579 1530 18
1612 1479 1718 1530 Nec
1733 1483 1984 1546 quicqum
2005 1482 2121 1530 certi
2141 1483 2397 1546 respondes
2416 1483 2570 1532 mihi?

1514 1545 1610 1594 He.
1651 1545 1716 1604 iv,
1755 1550 1805 1594 4.
1841 1549 1906 1594 84
1959 1544 2208 1596 Arbitror:
2255 1557 2432 1596 certum
2471 1563 2570 1596 non

1514 1609 1688 1658 scimus
1726 1609 1817 1657 Eu.
1839 1609 1875 1666 i,
1896 1614 1945 1658 2.
1967 1614 2026 1659 81
2085 1609 2175 1658 Ibo
2207 1611 2353 1673 intro,
2375 1612 2436 1660 de
2457 1626 2570 1674 cog·

1515 1673 1699 1722 uitione
1733 1681 1786 1721 ut
1818 1681 1996 1722 certum
2029 1675 2174 1722 sciam
2207 1675 2297 1725 Eu.
2336 1692 2382 1732 v,
2419 1680 2466 1724 8.
2507 1681 2572 1726 12

1516 1737 1587 1786 Ut
1607 1739 1714 1794 hoc,
1737 1737 1964 1802 quicquid
1983 1745 2072 1795 est,
2087 1745 2262 1786 certum
2277 1740 2454 1788 sciam?
2477 1740 2572 1788 He.

1515 1801 1591 1859 iii,
1620 1807 1662 1852 l.
1682 1808 1746 1852 44
1802 1801 1914 1850 Non
1938 1810 2114 1850 certum
2135 1803 2232 1852 scio
2265 1803 2354 1852 Ph.
2377 1804 2410 1858 i.
2430 1810 2480 1855 2.
2502 1807 2568 1854 98

1516 1866 1614 1914 Hic
1635 1867 1803 1915 reddes
1823 1866 2000 1924 omnia,
2021 1881 2127 1930 quie
2147 1881 2276 1916 nunc
2313 1879 2424 1914 sunt
2443 1875 2573 1918 certa

1516 1931 1561 1978 ei
1584 1931 1800 1986 consilia,
1833 1930 2016 1978 incerta
2035 1938 2089 1978 ut
2109 1931 2233 1979 sient
2262 1931 2329 1981 A.
2351 1931 2404 1990 ii,
2427 1937 2476 1983 8.
2504 1935 2568 1981 16

1517 1993 1705 2044 Incerta
1735 1997 1838 2042 haec
1871 1995 1910 2042 si
1945 2001 1996 2041 tu
2019 1995 2228 2058 postules
2246 1996 2428 2044 ratione
2447 2003 2576 2044 certa

1519 2058 1676 2106 facere
1711 2059 1804 2108 Eu.
1828 2059 1861 2114 i.
1886 2064 1934 2107 1.
1956 2062 2014 2108 17
2067 2059 2209 2116 Vide.
2244 2067 2298 2107 ut
2331 2061 2446 2108 mihi
2469 2061 2570 2108 hoc

1519 2130 1648 2170 certa
1669 2129 1720 2170 et
1737 2121 1863 2170 clara
1873 2121 2080 2169 attuleris
2101 2122 2196 2170 He.
2215 2138 2261 2179 r,
2277 2125 2328 2172 4.
2348 2128 2373 2171 1
2411 2123 2576 2179 Quan-

1522 2194 1623 2233 tum
1646 2193 1798 2251 potes,
1819 2201 1894 2234 me
1913 2185 2157 2234 certiorem
2191 2186 2296 2234 face
2328 2186 2418 2234 Ph.
2441 2187 2507 2244 iv,
2527 2191 2578 2236 8.

1588 2315 1754 2362 Cerva.
1820 2313 2016 2363 Cervam
2037 2313 2198 2363 videre
2219 2314 2397 2379 fugere,
2409 2315 2575 2363 sectari

1520 2395 1662 2429 canes
1695 2377 1788 2426 Ph.
1812 2380 1940 2428 Prol.
1964 2385 1996 2429 7

1588 2443 1773 2495 cervix.
1841 2443 2034 2494 Inversa
2051 2445 2208 2501 verba,
2231 2459 2412 2493 eversas
2432 2442 2579 2494 cervi·

1522 2526 1602 2558 ces
1623 2518 1745 2565 tuas,
1767 2510 1948 2557 abstine
1981 2510 2102 2558 Hea.
2119 2511 2173 2566 ii,
2197 2514 2244 2559 8.
2272 2514 2361 2559 181

1590 2574 1756 2624 Cesso.
1791 2572 1937 2621 Cesso
1952 2574 2163 2637 alloqui?
2188 2574 2250 2622 A.
2273 2590 2320 2629 v,
2341 2577 2392 2622 2.
2417 2577 2450 2622 4
2483 2573 2578 2621 Sed

1524 2653 1614 2700 ego
1647 2652 1780 2685 cesso
1814 2638 1876 2684 ad
1907 2638 2136 2686 Thaidem
2160 2638 2281 2685 hanc
2310 2637 2582 2687 deducere?

1517 2701 1608 2750 Eu.
1623 2702 1676 2757 ii,
1689 2705 1736 2749 2.
1753 2706 1814 2750 84
1833 2702 1979 2750 Cesso
1995 2704 2090 2749 huc
2103 2703 2438 2764 introrumpere
2453 2702 2472 2748 ?
2489 2700 2582 2749 Eu.

1516 2780 1567 2820 v,
1578 2770 1628 2812 6.
1638 2769 1704 2813 26
1723 2765 1869 2812 Cesso
1881 2765 2062 2827 pultare
2077 2764 2246 2812 ostium
2263 2765 2409 2812 vicini
2425 2766 2442 2811 ?
2461 2762 2584 2811 Hea.

1520 2827 1591 2884 iii,
1617 2832 1662 2874 1.
1687 2832 1711 2875 1
1751 2827 1896 2875 Cesso
1919 2830 2044 2875 hunc
2066 2826 2272 2875 adoriri?
2303 2826 2428 2875 Hes.
2450 2827 2518 2887 iv,
2531 2832 2581 2875 6.

1522 2896 1555 2941 9
1604 2892 1699 2939 Sed
1721 2906 1852 2939 cesso
1884 2892 2042 2939 heram
2072 2892 2164 2939 hoc
2198 2890 2324 2937 malo
2360 2890 2583 2953 impertiri

1526 2956 1760 3019 propere?
1794 2954 1888 3003 Ad.
1909 2955 1984 3011 iii,
2019 2959 2068 3004 2.
2089 2960 2154 3004 22
2215 2956 2312 3003 Sed
2351 2970 2483 3003 cesso
2520 2954 2583 3001 ad

1525 3035 1633 3066 eum
1657 3033 1848 3083 pergere
1885 3019 1982 3069 Ad.
2001 3020 2069 3075 iv,
2090 3024 2138 3068 2.
2155 3022 2220 3067 47
2253 3019 2347 3066 Sed
2363 3034 2495 3067 cesso
2515 3018 2584 3066 ire

1524 3083 1650 3131 intro
1670 3085 1687 3131 ἓ
1721 3082 1815 3130 Ad.
1839 3083 1904 3139 iv,
1929 3089 1976 3131 5.
1997 3087 2062 3132 78
2113 3084 2259 3132 Cesso
2293 3083 2402 3130 hinc
2423 3082 2490 3130 ire
2509 3082 2585 3128 in·

1530 3155 1601 3194 tro
1621 3150 1639 3195 ?
1674 3148 1769 3197 He.
1815 3147 1892 3209 iii,
1938 3151 1984 3195 1.
2027 3151 2092 3199 44
2148 3147 2242 3195 Sed
2278 3162 2414 3194 cesso
2457 3145 2587 3194 adire

1524 3210 1868 3277 quamprimum
1891 3226 2051 3259 senem
2071 3212 2090 3259 ?
2123 3210 2214 3259 Ph.
2233 3211 2290 3266 ii,
2313 3215 2360 3261 1.
2383 3216 2445 3259 66
2491 3210 2586 3258 Sed

1525 3292 1617 3339 ego
1639 3290 1768 3323 nunc
1787 3276 1900 3323 mihi
1922 3291 2072 3330 cesso,
2109 3276 2194 3339 qui
2227 3291 2323 3322 non
2346 3276 2588 3323 humerum

1526 3342 1653 3389 hunc
1675 3356 1819 3388 onero
1841 3340 1986 3403 pallio
2020 3339 2110 3387 Ph.
2130 3356 2178 3395 v,
2201 3345 2250 3389 6.
2267 3345 2298 3389 4
2333 3339 2501 3387 Cessas
2513 3340 2592 3386 al-

1528 3405 1692 3468 loqui?
1720 3404 1779 3452 A.
1789 3404 1846 3460 ii,
1864 3410 1914 3453 2.
1930 3409 1965 3452 6
1987 3402 2118 3461 Quid
2133 3404 2256 3452 stas?
2275 3403 2388 3467 quid
2399 3404 2588 3452 cessas?

1529 3469 1597 3519 A.
1620 3486 1666 3525 v,
1685 3474 1735 3519 6.
1759 3474 1820 3517 16
1856 3468 2040 3516 Odiosa
2059 3469 2244 3517 cessas?
2263 3468 2357 3515 Eu.
2379 3468 2441 3523 iv,
2459 3472 2591 3517 6.16

1529 3532 1624 3580 Sed
1639 3548 1722 3581 cur
1734 3534 1920 3580 cessas?
1943 3532 2040 3581 Ad.
2057 3534 2120 3589 iv,
2139 3538 2189 3581 6.
2201 3535 2267 3581 69
2283 3531 2420 3595 Syre,
2436 3545 2592 3579 cessas

1532 3596 1616 3653 ire',
1637 3612 1694 3644 ac
1713 3597 1902 3645 facere?
1938 3597 2044 3645 Ad.
2067 3614 2114 3653 v,
2133 3601 2180 3645 7.
2203 3600 2266 3645 18
2321 3594 2452 3650 Quid
2489 3609 2590 3641 ees·

1534 3662 1642 3708 sas?
1680 3661 1772 3709 He.
1799 3661 1872 3717 iii,
1889 3664 1937 3709 4.
1959 3664 2042 3711 22.
2099 3660 2189 3709 Ph.
2225 3676 2274 3714 v,
2307 3663 2355 3707 6.
2377 3662 2442 3707 42
2494 3657 2590 3705 Sed

1534 3726 1724 3773 cessas?
1759 3726 1854 3772 He.
1890 3741 1937 3779 ν,
1977 3728 2026 3772 8.
2068 3728 2148 3772 16.
2199 3722 2292 3771 Ph.
2335 3738 2384 3777 v,
2432 3726 2481 3770 6.
2529 3725 2594 3769 18

1535 3789 1669 3846 Quid
1690 3804 1844 3837 cessas
1874 3787 2112 3835 hominem
2134 3786 2300 3835 adire?
2335 3786 2425 3835 Pla.
2457 3786 2512 3840 ii,
2545 3789 2595 3834 1.

1534 3858 1604 3903 22
1636 3853 1837 3901 Cessas?
1872 3852 1964 3900 Ph.
1983 3852 2058 3907 iii,
2077 3856 2126 3901 8.
2147 3854 2212 3899 88
2265 3850 2358 3897 Sed
2393 3848 2596 3905 interim,

1538 3916 1653 3980 quid
1682 3918 1782 3965 illic
1798 3916 1899 3980 jam
1923 3916 2102 3963 dudum
2127 3921 2293 3978 gnatus
2315 3920 2468 3961 cessat
2485 3928 2594 3961 cum

1538 3981 1659 4044 Syro
1679 3983 1697 4028 ?
1732 3982 1855 4031 Hea.
1890 3996 1937 4036 V,
1977 3985 2022 4030 1.
2059 3984 2094 4028 9
2143 3978 2397 4028 AEschinus
2433 3976 2598 4025 odiose

1538 4054 1723 4093 cessat:
1771 4044 2015 4108 prandium
2051 4042 2362 4105 corrumpitur
2391 4040 2490 4089 Aed.
2529 4040 2594 4099 iv,

1540 4114 1592 4158 2.
1615 4114 1680 4159 49
1713 4110 2094 4173 Haudquaquam
2107 4107 2251 4155 etiam
2269 4113 2455 4154 cessant
2474 4105 2597 4154 Hes.

1543 4175 1579 4229 i,
1602 4178 1650 4222 2.
1675 4178 1699 4221 1
1737 4173 1870 4221 Nihil
1892 4171 2132 4220 cessavisti
2156 4186 2304 4235 usque
2327 4170 2482 4219 adhuc
2501 4170 2599 4218 He.

1543 4238 1614 4293 iv,
1638 4241 1684 4285 1.
1705 4242 1772 4287 29
1818 4238 1900 4285 Nu

1546 4301 1628 4349 die
1660 4300 1751 4350 Ph.
1790 4302 1842 4359 ii,
1863 4306 1912 4349 8.

1967 4250 2074 4283 uam
2111 4234 2312 4284 cessavit
2331 4235 2490 4283 dicere
2509 4237 2595 4285 ho·

1989 4305 2022 4349 0
2070 4300 2177 4349 Nisi
2215 4296 2430 4349 Phaedria
2470 4297 2596 4346 haud

1370 4383 1479 4433 Iud.
1514 4382 1701 4431 Terent.
2422 4379 2472 4425 G
