3192 4975
569 439 766 509 cxxii

595 606 838 656 restituta.
891 604 982 652 Ph:
1025 602 1218 656 Factum
1267 602 1359 651 ΡΙ).
1395 601 1468 660 iii,
1489 606 1540 653 2.
1559 606 1627 651 39

561 622 698 719 ime
717 671 892 717 factum
913 668 924 716 Ι
973 668 1062 717 ΡΙ).
1091 684 1139 722 ν,
1163 672 1209 716 1.
1229 671 1294 717 24
1349 666 1625 729 Composito

561 736 736 784 factum
757 741 831 782 est
861 733 955 783 ΡΙ).
979 749 1026 792 ν,
1051 738 1094 781 1.
1117 737 1182 783 29
1232 731 1428 799 Factum
1449 740 1524 780 est
1543 732 1626 779 abs

565 808 615 848 te
657 799 822 848 sedulo
862 814 946 861 pro
984 797 1123 845 fratre
1173 796 1264 845 ΡΙ).
1287 800 1333 851 'v,
1355 802 1402 847 8.
1427 801 1491 846 12
1545 795 1626 847 An

561 862 1427 977 ‘1¹:3⁰3‘{¹²¹230‘¹1{{.3t{.‘·⁸⁰1132¹„323
1431 859 1628 973 ³5:1³2&

562 962 774 1041 facturir?
809 992 900 1039 Pb.
931 1008 978 1048 v,
1001 996 1048 1040 8.
1068 995 1134 1039 44
1189 991 1350 1049 Facta,
1393 996 1628 1039 transacta

563 1057 722 1107 omnia
754 1055 816 1105 A.
838 1056 876 1118 i,
896 1062 945 1105 5.
967 1060 1028 1105 13
1061 1055 1136 1103 Tu
1151 1055 1362 1113 fortasse,
1375 1070 1483 1118 quae
1499 1055 1628 1102 sacta

562 1122 640 1169 hic
663 1122 778 1183 sint,
798 1120 952 1170 nescis
1001 1120 1091 1167 Eu.
1115 1137 1161 1177 v,
1181 1126 1231 1170 9.
1256 1125 1317 1170 31
1365 1119 1473 1176 Ina,
1519 1134 1627 1182 quoe

563 1188 764 1235 antehac
795 1186 922 1233 sacta
961 1193 1088 1242 sunt,
1126 1185 1292 1233 omitto
1345 1185 1439 1235 Ad.
1460 1184 1498 1245 i,
1520 1188 1570 1233 2.
1592 1188 1627 1233 6

564 1250 688 1299 Utut
722 1251 825 1298 haec
861 1257 970 1297 sunt
1005 1249 1133 1297 facta
1168 1250 1266 1299 Ad.
1289 1250 1341 1305 ii,
1363 1253 1414 1298 2.
1433 1253 1498 1298 40
1547 1248 1625 1296 De

562 1314 841 1379 Antiphone
863 1313 1084 1363 audistin'
1109 1330 1214 1378 quse
1249 1314 1409 1362 facta?
1441 1313 1531 1360 ΡΙ).
1561 1312 1626 1369 iv,

563 1384 612 1429 3.
629 1384 660 1429 7
695 1380 826 1427 Dum
848 1379 955 1425 fiam
979 1380 1117 1426 miser
1149 1380 1272 1427 Hea.
1294 1379 1331 1433 i,
1355 1382 1404 1427 1.
1419 1383 1485 1427 96
1521 1378 1626 1441 Ego

563 1459 714 1492 novus
738 1443 928 1491 maritus
941 1445 1130 1492 demum
1149 1445 1255 1491 fiam
1275 1444 1287 1489 !
1324 1444 1415 1493 Ad.
1439 1460 1484 1498 v,
1499 1448 1545 1492 8.
1563 1448 1625 1492 16

562 1508 697 1565 Quid
733 1516 895 1567 restat,
932 1506 1023 1555 nisi
1061 1522 1194 1571 porro
1229 1515 1282 1555 ut
1313 1507 1422 1555 fiam
1455 1508 1626 1555 miser?

564 1573 660 1623 He.
682 1573 758 1634 iii,
780 1578 826 1622 1.
849 1577 912 1622 20
957 1572 1145 1621 Interea
1165 1572 1248 1621 fiet
1267 1571 1466 1635 aliquid,
1491 1586 1627 1635 spero

563 1638 632 1686 A.
655 1638 709 1694 ii,
735 1643 780 1687 1.
804 1641 864 1687 14
898 1637 1027 1695 Quid
1049 1653 1126 1685 me
1147 1637 1265 1686 fiet?
1317 1636 1376 1686 A.
1399 1636 1464 1690 iv,
1487 1641 1536 1685 2.
1559 1641 1626 1685 26

563 1702 679 1749 Νοι)
719 1702 802 1751 fiet
851 1701 945 1750 Eu.
983 1703 1021 1757 i,
1043 1707 1092 1752 2.
1116 1705 1209 1751 106
1267 1700 1388 1749 Fiet.
1431 1701 1521 1749 ΡΙ).
1562 1702 1628 1747 At

565 1774 765 1815 mature.
795 1765 881 1813 Pa.
915 1765 1021 1814 Fiet
1059 1766 1147 1813 Eu.
1171 1767 1224 1827 ii,
1249 1772 1295 1815 1.
1317 1772 1349 1815 2
1404 1766 1498 1813 Hic
1539 1766 1626 1813 tibi

563 1832 868 1878 asservandus
891 1838 977 1878 est.
1010 1832 1101 1880 Ch.
1126 1830 1234 1878 Fiet
1265 1830 1386 1877 Hea.
1407 1829 1476 1887 iii,
1494 1834 1542 1879 3.
1559 1834 1623 1878 33

563 1894 679 1942 Non
703 1896 811 1943 fiet:
853 1896 979 1942 bono
1011 1896 1168 1942 animo
1202 1911 1252 1943 es
1285 1895 1382 1941 Ad.
1417 1894 1469 1951 ii,
1491 1901 1539 1943 4.
1559 1898 1625 1943 20

564 1959 790 2013 Obsecro.
813 1960 928 2022 quid
945 1976 1072 2008 nunc
1094 1960 1176 2007 fiet
1195 1960 1212 2005 ?
1263 1959 1349 2007 Ca.
1371 1958 1503 2015 Quid
1525 1959 1625 2013 fiet,

563 2025 734 2087 rogas?
769 2024 862 2071 Ad.
883 2024 956 2080 iii,
981 2030 1027 2074 1.
1049 2029 1076 2074 1
1111 2024 1237 2071 Tace
1259 2041 1270 2070 ε
1303 2038 1400 2069 non
1420 2024 1502 2070 fiet
1528 2023 1624 2071 Ad.

563 2105 612 2143 v,
635 2094 683 2138 3.
706 2093 771 2137 62
805 2089 899 2136 Sed
921 2090 982 2135 de
1002 2090 1140 2136 fratre
1163 2089 1278 2151 quid
1299 2088 1412 2135 fiet?
1447 2088 1541 2134 Ad.
1577 2104 1625 2147 v,

565 2158 612 2202 9.
635 2158 699 2202 39
733 2152 877 2213 Geta,
899 2155 1013 2217 quid
1035 2170 1162 2201 nunc
1176 2153 1294 2200 fiet?
1329 2153 1419 2200 Ph.
1443 2153 1476 2209 i,
1495 2156 1543 2201 4.
1560 2156 1625 2204 42

559 2216 669 2265 Fiet
689 2217 853 2265 sedulo
885 2217 972 2265 ΡΙ).
997 2218 1029 2274 i,
1053 2225 1101 2267 4.
1128 2223 1186 2266 51
1237 2217 1288 2263 Si
1325 2218 1384 2263 ab
1416 2232 1474 2263 eo
1509 2217 1627 2264 nihii

563 2281 665 2343 fiet,
701 2291 798 2329 tum
832 2281 924 2329 Ph.
947 2282 1012 2337 iv,
1034 2286 1080 2331 2.
1105 2287 1164 2330 16
1215 2282 1345 2337 Quid
1369 2280 1485 2327 fiet?
1531 2282 1622 2329 Ph.

561 2347 630 2406 iv,
649 2350 698 2395 4.
724 2350 786 2393 14
835 2345 966 2402 Quid
988 2346 1105 2393 fiet?
1138 2346 1192 2393 in
1213 2346 1380 2393 eodem
1404 2345 1505 2392 luto
1527 2346 1623 2392 hae-

561 2410 674 2457 sitas
709 2409 798 2457 ΡΙ).
837 2426 884 2464 V,
908 2414 1043 2458 2.15
1093 2410 1152 2456 Id
1188 2410 1378 2471 quidem
1413 2409 1496 2453 tibi
1523 2408 1623 2469 jam

560 2472 662 2529 fiet,
685 2473 778 2521 nisi
813 2472 900 2520 ΡΙ).
923 2489 970 2526 v,
993 2478 1043 2522 6.
1069 2477 1129 2523 10
1166 2472 1297 2529 Quid
1331 2472 1473 2534 igitur
1505 2471 1625 2520 fiet?

561 2537 655 2586 ΡΙ).
677 2555 724 2591 v,
748 2542 795 2586 7.
817 2541 877 2585 31
924 2537 1044 2583 Turn
1085 2537 1182 2582 illae
1217 2537 1362 2583 turbae
1399 2536 1515 2582 fient
1560 2535 1625 2586 A.

559 2601 686 2659 ii,.s.
707 2607 741 2650 6
772 2601 831 2650 In
855 2617 994 2664 quem
1015 2600 1228 2664 exempla
1249 2600 1401 2647 fient?
1451 2600 1539 2650 Eu.
1577 2617 1624 2657 v,

563 2672 611 2715 5.
633 2671 666 2714 6
699 2665 879 2713 Redito
900 2683 911 2712 t
936 2665 1068 2722 fient,
1089 2681 1196 2728 quae
1214 2665 1312 2712 fieri
1333 2679 1516 2727 aequom
1535 2675 1624 2721 est,

564 2731 723 2778 onmia
755 2730 851 2778 Ad.
871 2731 946 2785 iii,
967 2735 1014 2780 4.
1037 2735 1101 2780 60
1155 2729 1303 2776 Fratri
1345 2732 1470 2777 aedes
1510 2731 1627 2778 fient

560 2796 736 2859 perviae
769 2794 868 2846 Ad.
889 2813 936 2850 V,
955 2799 1002 2845 7.
1025 2800 1085 2844 14
1120 2794 1237 2842 Haec
1259 2795 1391 2844 fient.
1424 2795 1522 2843 An.
1558 2796 1629 2844 Ut

563 2862 706 2908 modo
729 2860 859 2907 fiant.
897 2859 987 2907 Ge.
1008 2859 1144 2906 Fient
1165 2877 1175 2906 z
1201 2875 1276 2906 me
1297 2860 1406 2907 vide
1440 2859 1534 2908 Ph.
1558 2861 1623 2917 iv,

561 2930 610 2974 4.
637 2929 697 2974 31
735 2925 864 2981 Quid
887 2925 927 2972 si
950 2940 1076 2972 nunc
1099 2933 1198 2971 tute
1219 2924 1480 2972 fortunatus
1504 2925 1586 2972 fias
1606 2926 1623 2972 ?

563 2989 658 3038 Eu.
681 2989 734 3045 ii,
753 2995 800 3040 3.
818 2993 882 3036 77
916 2989 988 3036 Ex
1009 3005 1068 3036 ea
1089 3005 1136 3036 re
1161 2989 1273 3054 quid
1295 2989 1392 3043 fiat,
1415 2989 1524 3036 vide
1556 2988 1623 3039 A.

561 3053 615 3108 ii,
635 3057 682 3102 3.
709 3058 766 3103 11
803 3054 1016 3109 Postulo,
1043 3062 1092 3100 ut
1113 3053 1213 3111 fiat,
1233 3054 1432 3102 Chreme
1465 3053 1528 3100 A.
1552 3054 1623 3110 iii,

563 3121 612 3166 3.
637 3122 700 3167 18
733 3117 856 3182 Age,
878 3119 962 3166 fiat
995 3118 1054 3167 A.
1081 3135 1126 3172 v,
1144 3123 1192 3166 4.
1213 3123 1292 3166 53.
1326 3118 1414 3167 ΡΙ).
1435 3135 1482 3176 ν,
1498 3121 1623 3168 3.28

562 3181 672 3229 Fiat
709 3182 802 3232 Eu.
825 3183 862 3238 i,
885 3187 934 3231 2.
958 3186 1038 3231 20.
1071 3183 1140 3236 iii,
1164 3189 1212 3232 2.
1237 3187 1319 3232 47.
1373 3182 1445 3238 iii,
1469 3189 1515 3230 5.
1538 3187 1621 3232 66.

563 3246 687 3294 Hea.
709 3263 756 3302 v,
779 3253 825 3295 1.
849 3251 930 3294 76.
986 3263 1030 3301 v,
1055 3253 1104 3294 6.
1128 3250 1207 3294 23.
1247 3246 1341 3293 He.
1379 3247 1448 3300 iii,
1470 3251 1517 3294 2.
1541 3251 1622 3295 23.

560 3309 652 3357 ΡΙ).
677 3326 720 3365 v,
745 3315 793 3357 8.
818 3315 878 3358 65
930 3309 1114 3372 Adjuta
1150 3325 1242 3364 me,
1265 3326 1360 3372 quo
1380 3310 1428 3356 id
1452 3310 1536 3357 fiat
1553 3312 1621 3358 fa·

561 3373 696 3422 cilius
732 3373 824 3420 Eu.
844 3374 881 3433 i,
902 3379 948 3423 2.
972 3378 1035 3422 70
1068 3374 1127 3420 Id
1152 3382 1202 3420 ut
1224 3390 1282 3421 ne
1306 3374 1404 3431 fiat,
1427 3375 1528 3422 haec
1551 3391 1623 3424 res

563 3437 664 3484 sola
707 3445 778 3484 est
817 3438 1023 3485 remedio
1077 3438 1169 3488 Eu.
1202 3438 1272 3497 iii,
1309 3443 1355 3488 1.
1377 3443 1443 3488 49
1495 3439 1622 3488 Pace

561 3502 689 3566 quod
713 3501 796 3550 fiat
817 3511 896 3549 tua
933 3501 1024 3550 Eu.
1049 3502 1118 3559 iii,
1141 3507 1189 3551 2.
1218 3508 1277 3552 13
1327 3504 1432 3560 Me,
1471 3520 1620 3567 quan-

563 3574 663 3614 tum
696 3567 774 3615 hic
812 3567 968 3630 operis
1004 3567 1105 3628 fiat,
1139 3568 1338 3630 poenitet
1367 3568 1490 3616 Hea.
1514 3569 1548 3625 i,
1573 3576 1621 3620 1.

560 3636 626 3680 20
672 3629 902 3688 Fortasse,
939 3632 1052 3694 quid
1075 3649 1148 3679 me
1168 3633 1266 3691 fiat,
1301 3635 1432 3695 parvi
1451 3635 1623 3696 pendis

563 3695 686 3744 Hea.
709 3697 776 3752 iv,
801 3700 847 3744 3.
871 3700 935 3745 37
987 3695 1114 3744 Volo
1137 3704 1184 3745 te
1207 3698 1318 3745 dare
1338 3713 1546 3761 operam,
1570 3705 1624 3746 ut

563 3761 662 3817 fiat,
685 3777 843 3808 verum
867 3760 958 3808 alia
978 3762 1067 3808 via.
1100 3761 1184 3824 Sy.
1219 3762 1351 3810 Fiat:
1389 3770 1623 3824 quaeratur
1653 3784 1660 3791 ·

561 3825 689 3874 aliud
726 3825 850 3873 Hea.
875 3827 940 3886 iv,
962 3832 1008 3873 5.
1029 3831 1110 3876 41.
1133 3831 1198 3875 42
1251 3827 1359 3883 Qua
1392 3841 1530 3874 causa
1570 3827 1621 3874 id

561 3888 646 3936 fiat
677 3890 800 3940 Hes.
825 3893 887 3945 iv,
909 3895 955 3938 6.
979 3896 1043 3940 22
1076 3890 1280 3946 Quando
1299 3893 1420 3938 bene
1438 3906 1621 3953 prome-

560 3955 673 4014 ruit,
696 3955 779 4002 fiat
809 3955 904 4002 Ad.
926 3956 977 4011 ii,
1002 3961 1048 4005 1.
1069 3961 1130 4005 47
1179 3957 1319 4012 Quod
1343 3971 1449 4002 cum
1472 3955 1621 4004 salute

561 4018 664 4080 ejus
684 4019 785 4076 fiat,
802 4021 872 4068 ,ita
893 4036 944 4067 se
964 4019 1247 4082 defatigarit,
1267 4019 1422 4075 velim,
1441 4027 1510 4066 ut.
1532 4020 1618 4084 Sy.

562 4081 640 4129 Ita
660 4084 772 4131 fiat!
809 4083 906 4132 Ad.
928 4085 992 4140 iv,
1018 4089 1062 4132 1.
1087 4089 1134 4134 3.
1159 4090 1187 4132 6
1229 4085 1438 4146 AEquom
1461 4092 1548 4139 est,
1573 4093 1621 4132 te

563 4161 770 4207 operam,
794 4155 848 4196 ut
868 4148 968 4202 fiat,
991 4150 1102 4197 dare
1131 4147 1226 4196 Ad.
1249 4165 1294 4204 v,
1311 4152 1438 4198 8.10
1471 4147 1519 4194 Si
1537 4165 1622 4196 vos

562 4208 684 4257 istuc
726 4212 885 4275 voltis,
925 4213 1008 4260 fiat
1038 4211 1138 4260 Ad.
1171 4229 1217 4269 v,
1239 4217 1287 4262 8.
1307 4217 1372 4262 22
1425 4211 1621 4261 Utinam

565 4272 656 4322 hoc
691 4283 965 4338 perpetuum
1001 4277 1082 4326 fiat
1121 4277 1342 4340 gaudium
1387 4277 1483 4325 Ad.
1503 4294 1548 4334 v,
1571 4283 1621 4327 9.

567 4342 628 4388 15
666 4337 738 4388 Ea
757 4341 913 4397 causti,
936 4347 990 4389 ut
1009 4343 1142 4408 nejd
1165 4343 1247 4394 fiat
1269 4343 1421 4405 palam
1453 4343 1547 4390 He.
1584 4343 1619 4403 i,

1525 449 1773 499 ”mex

1698 605 1747 651 2.
1772 602 1837 650 so
1884 597 1993 645 'ribi
2010 597 2063 645 id
2087 597 2135 645 in
2156 612 2296 645 manu
2323 604 2417 654 ast,
2456 612 2519 646 ne
2552 596 2635 647 fiat
2667 594 2764 647 He.

1696 664 1771 719 iii.
1796 672 1842 713 6.
1862 668 1927 712 43
1971 662 2103 719 Quid
2126 662 2181 710 fit
2201 663 2444 725 denique?
2490 662 2587 711 Ge.
2628 664 2762 720 Quid

1699 729 1817 776 fist?
1851 728 1942 777 ΡΙ).
1978 729 2015 783 i,
2035 732 2085 777 2.
2107 731 2173 777 72
2215 726 2346 784 Quid
2368 728 2541 783 obstat,
2560 744 2645 777 cur
2662 744 2761 776 non

1701 809 1821 841 verre
1844 793 1995 841 fiant?
2046 791 2110 839 A.
2132 792 2165 849 i,
2193 797 2238 842 1.
2259 796 2325 841 76
2378 792 2489 857 Quo
2528 793 2763 857 (nupn‘se)

1700 858 1819 905 fiant
1838 859 1993 905 minus
2024 856 2087 905 A.
2108 858 2142 919 i,
2160 861 2208 905 2.
2229 860 2295 905 26
2336 856 2439 919 Ego
2460 857 2611 913 istaee,
2634 864 2763 906 recte

1702 930 1756 969 ut
1776 923 1909 978 fiant,
1930 922 2090 972 videro
2140 920 2201 969 A.
2230 922 2284 977 ii,
2306 926 2356 971 6.
2380 925 2443 971 26
2491 920 2654 985 Atque
2676 923 2762 979 ita,

1702 994 1754 1033 ut
1774 987 1955 1051 nuptiae
1974 987 2160 1035 fuerant
2178 986 2365 1047 futurae,
2386 985 2502 1033 fiant
2533 985 2596 1035 A.
2618 985 2690 1041 iii,
2704 990 2758 1035 ³.

1701 1056 1761 1101 11
1786 1052 1839 1100 Si
1860 1052 1911 1098 in
1933 1064 2029 1098 rem
2050 1059 2123 1100 est
2144 1050 2343 1114 utrique,
2366 1058 2421 1097 ut
2438 1050 2571 1107 fiant,
2594 1051 2764 1098 arcessi

1694 1115 1813 1179 jube
1844 1116 1907 1163 A.
1928 1116 1998 1173 iii,
2019 1119 2068 1166 3.
2094 1120 2155 1165 14
2210 1115 2289 1163 Ne
2320 1115 2439 1162 fiant
2478 1115 2555 1163 isti
2592 1115 2759 1177 vigimi

1700 1180 1803 1233 dies
1835 1180 1927 1228 Eu.
1948 1181 1986 1236 i,
2006 1184 2057 1229 2.
2082 1184 2177 1230 103
2231 1179 2334 1234 Est,
2379 1179 2471 1227 Dis
2512 1180 2677 1243 gratia,
2708 1186 2762 1228 et

1702 1247 1829 1294 unde
1867 1247 1968 1293 haee
2012 1244 2129 1292 fiant
2186 1243 2279 1292 Ad.
2311 1244 2350 1299 i.
2374 1248 2421 1295 2.
2446 1250 2511 1295 42
2558 1244 2674 1292 Haee
2708 1252 2763 1292 ut

1700 1309 1833 1367 fiant,
1868 1309 1999 1357 Deos
2027 1324 2206 1373 quaeso,
2236 1316 2291 1355 ut
2316 1309 2453 1356 vobis
2488 1310 2627 1357 decet
2661 1307 2760 1359 Ad.

1700 1374 1772 1430 iii,
1791 1380 1839 1424 4.
1860 1379 1923 1423 45
1958 1373 2027 1421 Ut
2046 1374 2189 1421 modo
2209 1372 2339 1420 fiant.
2364 1372 2459 1422 Ge.
2494 1373 2633 1420 Fient
2648 1390 2662 1419 ε
2686 1389 2763 1421 me

1700 1440 1809 1487 vide
1840 1438 1930 1486 ΡΙ).
1970 1438 2033 1493 iv,
2056 1441 2106 1486 4.
2130 1443 2191 1486 31
2242 1436 2436 1485 Utinam
2478 1444 2602 1485 esset
2644 1438 2763 1485 mihi

1686 1518 1807 1569 pars
1829 1518 1962 1567 aequa
1983 1503 2151 1549 amoris
2172 1510 2344 1556 tecum,
2384 1516 2439 1549 ac
2474 1502 2646 1563 pariter
2674 1501 2761 1549 fie-

1699 1575 1787 1624 ret,
1811 1575 1863 1615 ut
1895 1567 1985 1614 Eu.
2006 1568 2041 1623 i,
2063 1572 2115 1615 2.
2138 1570 2201 1615 12
2246 1565 2371 1613 Nam
2394 1566 2431 1612 si
2463 1574 2604 1620 esset,
2633 1566 2761 1614 unde

1696 1631 1749 1678 id
1773 1633 1919 1688 fieret,
1940 1632 2195 1679 faceremus
2227 1630 2323 1677 Ad.
2346 1628 2378 1685 i,
2401 1635 2449 1679 2.
2471 1634 2536 1678 26
2568 1630 2656 1678 Me
2688 1646 2761 1679 re·

1700 1698 1924 1758 prehendi
1948 1703 2122 1755 tamen,
2140 1711 2201 1742 nc
2223 1695 2355 1743 fieret
2378 1695 2533 1755 palam
2566 1694 2665 1745 Ad.
2696 1695 2761 1752 iv,

1698 1764 1749 1809 4.
1770 1766 1832 1811 14
1884 1762 2128 1823 Prospexti
2166 1760 2271 1821 tibi,
2306 1760 2421 1823 quid
2460 1759 2625 1807 fieret?
2667 1775 2761 1822 qua

1698 1824 1861 1873 fieret?
1896 1825 1991 1877 Ad.
2010 1826 2078 1880 iv,
2100 1831 2149 1873 6.
2174 1830 2239 1873 66
2274 1823 2342 1871 Ut
2364 1824 2585 1883 dicerem,
2598 1839 2761 1887 argen-

1700 1897 1749 1936 to
1769 1906 1891 1953 opus
1912 1907 2032 1944 esse,
2056 1898 2105 1937 et
2126 1890 2174 1937 id
2196 1904 2293 1952 quo
2316 1896 2455 1951 pacto
2489 1888 2623 1936 fieret
2667 1888 2759 1938 ΡΙ).

1698 1954 1761 2008 iv.
1782 1960 1834 2003 2.
1854 1960 1883 2003 3
1938 1955 2180 2001 Dabamus
2200 1969 2408 2016 operam,
2432 1960 2485 1999 ut
2506 1953 2637 2000 fieret
2667 1952 2759 2001 Pb.

1700 2035 1745 2073 v,
1772 2025 1817 2068 1.
1840 2023 1905 2067 33
1952 2019 2064 2067 Feci
2086 2018 2226 2065 hodie
2248 2026 2301 2064 ut
2332 2018 2499 2065 fierent
2528 2018 2762 2081 (nuptiae)

1699 2082 1767 2130 A.
1788 2084 1857 2138 iii,
1880 2088 1931 2133 4.
1954 2088 2017 2133 24
2053 2083 2162 2138 Quo
2185 2082 2338 2129 minus
2360 2084 2433 2129 hae
2454 2081 2619 2129 fierent
2634 2098 2759 2145 nup·

1701 2148 1779 2195 tiae
1814 2148 1876 2195 A.
1899 2148 1965 2204 iv,
1988 2153 2037 2196 2.
2058 2154 2116 2197 17
2150 2148 2201 2195 Si
2222 2147 2342 2195 forte
2360 2148 2545 2194 morbus
2562 2146 2767 2209 amplior

1698 2212 1851 2261 factus
1872 2212 1961 2261 siet
1990 2212 2087 2260 He.
2106 2212 2179 2269 iii,
2201 2216 2249 2261 1.
2272 2217 2337 2261 60
2369 2212 2561 2259 Utinam
2584 2219 2666 2258 aut
2682 2212 2761 2259 hic

1700 2278 1883 2332 surdus,
1907 2285 1991 2324 aut
2010 2278 2111 2324 baec
2135 2284 2265 2323 muta
2282 2277 2407 2325 facta
2430 2277 2491 2323 sit
2528 2276 2590 2323 A.
2611 2276 2687 2332 iii,
2713 2280 2760 2323 1.

1699 2347 1729 2389 6
1778 2340 1957 2401 Audio,
1990 2342 2106 2404 quid
2142 2341 2225 2389 illo
2256 2342 2317 2388 sit
2346 2342 2521 2389 factum
2557 2339 2616 2387 A.
2640 2356 2686 2397 v,
2705 2344 2760 2391 4.

1700 2410 1763 2452 34
1801 2406 1948 2453 Narra
1974 2421 2161 2454 omnem
2184 2421 2279 2453 rem
2304 2406 2485 2460 ordine,
2508 2412 2562 2451 ut
2580 2404 2758 2451 factum

1698 2468 1789 2516 siet
1838 2469 1929 2517 Eu.
1968 2488 2014 2526 v,
2045 2476 2093 2518 5.
2130 2474 2195 2520 28
2249 2470 2377 2517 Mihi
2419 2485 2516 2517 non
2558 2469 2761 2527 videtur,

1700 2534 1828 2594 quod
1852 2535 1912 2581 sit
1944 2535 2120 2582 factum
2159 2535 2358 2597 iegibus,
2389 2535 2591 2583 rescindi
2623 2550 2761 2598 posse

1700 2597 1790 2646 Ph.
1832 2599 1883 2655 ii,
1904 2603 1951 2647 4.
1977 2604 2037 2647 15
2090 2599 2139 2645 Si
2184 2615 2279 2646 non
2314 2600 2529 2655 redisses,
2562 2600 2637 2646 hae
2678 2601 2761 2647 irae

1699 2663 1837 2710 factm
1850 2671 2007 2710 essent
2020 2663 2267 2726 ampliores
2301 2663 2393 2714 He.
2412 2664 2483 2723 iii,
2502 2668 2593 2713 1.9
2614 2663 2759 2720 Quod

1700 2728 1737 2774 si
1760 2734 1886 2775 esset
1904 2729 2079 2776 factum
2113 2728 2235 2776 Hea.
2258 2728 2292 2784 i,
2318 2734 2363 2778 1.
2389 2733 2479 2778 105
2522 2728 2759 2784 Quoniam

1701 2808 1797 2838 non
1822 2800 1978 2854 potest
1996 2793 2048 2840 id
2070 2793 2187 2851 fieri,
2210 2794 2338 2856 quod
2378 2793 2447 2839 vis
2485 2792 2543 2838 A.
2578 2793 2631 2848 ii,
2659 2797 2703 2840 1.
2726 2801 2757 2842 6

1701 2857 1831 2913 Quid
1854 2857 1969 2905 alias
1990 2856 2169 2918 malim,
2188 2873 2327 2921 quam
2362 2858 2505 2904 hodie
2544 2857 2625 2904 has
2657 2857 2761 2905 fieri

1699 2921 2115 3034 iffitiss⁵fi³nss⁸fiss¹ssf
2136 2927 2284 3048 ἓξὲξ
2316 2923 2391 3034 2².
2415 2922 2761 3036 iimciii'eiicii

1698 3051 1750 3097 Si
1770 3053 1941 3113 poterit
1960 3052 2079 3106 fieri,
2104 3059 2156 3098 ut
2172 3067 2233 3099 ne
2282 3050 2345 3098 A.
2371 3052 2436 3108 iv,
2454 3056 2503 3100 2.
2528 3040 2591 3102 1'6
2643 3049 2758 3099 Alio

1698 3124 1840 3178 pac-to
1862 3117 1986 3162 haud
2011 3123 2193 3176 poterat
2213 3115 2328 3171 fieri,
2352 3123 2406 3162 ut
2448 3114 2510 3162 A.
2533 3117 2598 3171 iv,
2620 3118 2669 3163 4.
2692 3119 2759 3164 53

1699 3180 1806 3228 Hac
1842 3195 1891 3227 re
1934 3181 2125 3227 arbitror
2166 3180 2217 3226 id
2252 3178 2352 3226 fieri
2390 3194 2527 3242 posse
2558 3180 2761 3228 maxime

1698 3244 1789 3292 Eu.
1813 3245 1845 3301 i,
1868 3249 1915 3292 2.
1938 3249 2001 3292 93
2036 3243 2203 3300 Quid?
2248 3251 2297 3288 tu
2330 3243 2403 3290 his
2434 3244 2571 3290 rebus
2603 3243 2758 3292 credis

1700 3309 1828 3356 fieri?
1862 3309 1950 3355 Eu.
1974 3308 2026 3366 ii,
2050 3314 2097 3358 2.
2124 3313 2183 3356 14
2235 3309 2447 3370 AEquum
2470 3315 2543 3356 est
2563 3307 2681 3362 fieri,
2706 3315 2759 3355 ut

1698 3389 1725 3420 a
1766 3389 1841 3421 me
1880 3373 2067 3420 ludatur
2096 3371 2219 3420 dolis
2272 3370 2363 3423 Eu.
2396 3373 2453 3434 ii,
2474 3377 2608 3422 3.94
2646 3371 2763 3420 Erat

1696 3437 1918 3501 suspicio,
1940 3439 2053 3486 doio
2073 3437 2198 3485 malo
2216 3439 2319 3484 haec
2340 3438 2440 3485 fieri
2461 3438 2617 3484 omnia
2666 3436 2759 3484 Eu.

1694 3502 1767 3557 iii,
1792 3508 1839 3552 3.
1862 3507 1893 3552 9
1926 3503 2053 3551 Dico
2074 3519 2163 3566 ego
2184 3501 2299 3550 mihi
2318 3502 2510 3550 insidias
2526 3502 2623 3549 fieri
2663 3500 2757 3549 Eu.

1696 3568 1765 3622 iii.
1790 3571 1838 3616 3.
1863 3571 1929 3617 26
1980 3569 2091 3615 Sine
2132 3566 2359 3629 sanguiue
2400 3568 2491 3614 hoc
2528 3565 2629 3613 fieri
2658 3573 2758 3612 non

1697 3647 1837 3695 posse
1868 3632 1956 3678 Eu.
1980 3634 2045 3687 iv,
2067 3637 2115 3680 7.
2137 3636 2170 3680 9
2210 3632 2352 3688 Quod
2386 3647 2477 3694 ego
2514 3645 2757 3694 nunquam

1696 3697 1793 3744 vidi
1816 3696 1932 3752 fieri,
1954 3711 2110 3760 neque
2130 3697 2269 3744 velim
2302 3695 2394 3745 Eu.
2418 3713 2467 3752 v,
2489 3702 2539 3746 5.
2564 3700 2625 3745 16
2678 3693 2757 3742 Ne

1697 3775 1835 3823 quarn
1862 3761 1912 3808 in
1934 3759 2069 3807 iilum
2088 3761 2231 3808 Thais
2253 3761 2347 3808 vim
2369 3761 2470 3808 fieri
2492 3761 2617 3808 sinat
2665 3759 2759 3808 Eu.

1697 3839 1744 3880 v,
1767 3831 1814 3873 5.
1835 3829 1895 3872 21
1934 3824 2032 3872 Ubi
2054 3827 2193 3873 satias
2214 3826 2359 3888 coepit
2380 3827 2497 3882 fieri,
2515 3831 2755 3874 >commuto

1698 3889 1863 3936 locum'
1887 3889 1974 3936 Eu.
2000 3907 2044 3944 v,
2066 3895 2115 3939 6.
2138 3896 2165 3940 3
2203 3891 2273 3938 Ut
2294 3891 2431 3938 facile
2451 3891 2608 3945 scires,
2630 3887 2757 3934 desi·

1698 3954 1827 4000 derio
1848 3955 1900 4001 id
1922 3955 2020 4001 fieri
2046 3963 2127 4002 tuo
2173 3955 2298 4004 Hea.
2338 3954 2391 4010 ii,
2415 3959 2462 4002 3.
2485 3959 2551 4002 66
2603 3950 2755 4012 Cujus

1697 4022 1911 4067 maxume
1934 4027 1980 4066 te
2002 4019 2103 4067 fieri
2135 4021 2409 4083 participem
2450 4017 2583 4080 cupis
2626 4015 2751 4064 Hea.

1696 4083 1767 4144 iii,
1791 4090 1837 4132 1.
1864 4089 1927 4133 19
1958 4083 2053 4140 Qui
2077 4100 2239 4147 passus
2258 4091 2329 4132 est
2342 4083 2392 4130 id
2411 4082 2510 4128 fieri
2544 4081 2663 4128 Hea.
2686 4079 2756 4138 iii,

1696 4153 1746 4198 2.
1765 4151 1827 4198 21
1876 4148 1987 4206 Quo
2022 4157 2164 4212 pacto
2196 4150 2245 4196 id
2280 4148 2378 4194 fieri
2406 4145 2571 4202 soleat,
2602 4143 2755 4193 calleo

1698 4213 1825 4262 Hea.
1839 4213 1909 4270 iii,
1932 4217 1981 4262 2.
2005 4218 2067 4263 37
2101 4214 2238 4261 Itane
2259 4212 2359 4259 fieri
2374 4209 2598 4274 oportet?
2631 4209 2765 4278 Hes.

1696 4277 1767 4334 iii,
1784 4283 1835 4327 3.
1858 4283 1883 4328 1
1936 4277 2034 4326 Ubi
2067 4276 2249 4326 videbit
2282 4283 2436 4324 tantos
2464 4274 2554 4322 sibi
2574 4281 2755 4326 sumtus

1698 4343 1825 4391 dorni
1847 4343 2145 4405 quotidianos
2166 4341 2282 4398 fieri,
2306 4356 2395 4390 nec
2421 4339 2519 4388 fieri
2540 4340 2755 4394 modum,
