3192 4975
1206 407 1287 458 m
1332 407 1814 463 TERENTIUM.

413 557 509 607 Eu.
528 558 601 616 iii,
622 563 673 608 5.
692 562 753 610 16
1080 592 1087 597 -
1124 614 1130 619 ,
1162 605 1171 614 .,

480 621 889 674 commemoratio.
955 621 1085 672 Nam
1132 621 1295 674 isthoc
1331 639 1463 673 com-

412 688 682 736 memoratio
714 688 849 751 quasi
879 687 1177 752 exprobratio
1196 695 1271 738 est
1299 689 1463 738 imme-

410 752 549 800 moris
572 753 786 802 beneficii
816 751 882 804 A.
904 753 939 809 i,
964 757 1011 804 1.
1035 757 1099 803 16

476 815 816 865 Commemoro.
882 816 975 866 Cui
1007 818 1136 875 dem,
1192 825 1245 866 et
1298 835 1463 882 quam·-

410 881 568 929 obrem
591 882 718 938 dem,
738 883 1117 931 commemorabo
1150 879 1243 932 Ph.
1270 882 1337 940 iv,
1360 889 1409 932 5.
1432 887 1463 934 8

408 944 537 1000 Quid
560 961 919 995 commemorem
937 946 1156 1008 primum,
1178 955 1261 996 aut
1276 947 1463 997 laudem

407 1011 658 1059 maxume?
693 1011 788 1061 Eu.
810 1027 859 1067 v,
881 1014 932 1060 9.
957 1015 1020 1060 14
1073 1011 1202 1068 Quid
1222 1028 1313 1076 ego
1336 1028 1463 1062 nunc

402 1088 783 1133 commemorem.
848 1074 1089 1139 Demipho
1117 1076 1135 1122 i
1187 1075 1278 1126 Ph.
1320 1094 1369 1134 v,
1409 1082 1459 1128 8.

475 1203 789 1252 Commendo.
853 1201 957 1267 Ego
978 1220 1053 1252 me
1068 1211 1163 1252 tum
1180 1206 1461 1253 commendo

404 1273 459 1314 et
496 1269 740 1316 committo
775 1268 887 1316 fidei
934 1267 1020 1315 Eu.
1061 1284 1105 1324 ν,
1124 1273 1171 1317 2.
1192 1273 1255 1319 47
1308 1269 1461 1318 Vobis

404 1333 689 1380 commendo
735 1331 983 1388 Phanium,
1040 1340 1089 1379 et
1120 1333 1264 1382 vitam
1307 1349 1461 1382 meam

404 1395 499 1446 Ph.
546 1397 580 1453 i,
624 1401 672 1447 4.
715 1401 771 1445 41
850 1396 1163 1445 Commendat
1210 1397 1459 1462 virginem.

406 1461 501 1506 An.
525 1459 653 1508 Cui?
688 1461 866 1508 tibine?
901 1461 991 1510 Cli.
1025 1463 1153 1510 Mihi
1184 1462 1281 1511 Eu.
1320 1462 1390 1519 iii,
1411 1469 1461 1512 5.

404 1528 471 1576 89
504 1524 596 1573 Cui
614 1526 938 1574 commendavi
971 1525 1117 1575 filium
1150 1527 1261 1576 hinc
1298 1527 1461 1575 abiens

402 1603 559 1636 meum
594 1590 689 1637 Ph.
706 1589 760 1647 ii,
789 1595 835 1639 1.
861 1596 925 1640 58
954 1591 1097 1640 Thais
1120 1592 1239 1653 patri
1262 1607 1315 1640 se
1334 1607 1461 1639 com-

406 1653 649 1700 mendavit
680 1655 726 1700 in
752 1654 1019 1702 clientelam
1042 1662 1091 1703 et
1121 1656 1263 1702 fidem
1296 1655 1389 1704 Eu.
1410 1671 1460 1713 v,

406 1721 455 1765 9.
477 1721 509 1766 9
546 1718 635 1766 Ille
660 1717 744 1766 tibi
768 1719 969 1768 moriens
989 1735 1077 1768 uos
1096 1720 1459 1777 commendavit,

407 1797 548 1829 senex
581 1782 678 1832 Ad.
703 1783 771 1838 iii.
790 1788 842 1833 4.
866 1787 925 1832 11

472 1845 819 1898 Commeatum.
888 1845 1016 1895 Mihi
1069 1848 1263 1910 quidem
1304 1848 1460 1898 hercle

404 1926 501 1958 non
526 1911 579 1958 fit
602 1912 848 1960 verisimile
870 1929 883 1971 ;
910 1911 1039 1974 atqui
1072 1913 1189 1976 ipsis
1220 1928 1459 1962 commen·

402 1982 503 2022 tum
528 1976 686 2038 placet
716 1977 781 2025 A.
802 1975 839 2032 i,
862 1982 909 2026 8.
930 1981 997 2026 20

470 2041 714 2090 Commeo.
779 2040 887 2089 Huc
910 2056 1013 2088 raro
1042 2039 1095 2086 in
1132 2042 1291 2089 urbem
1330 2057 1459 2091 coru-

405 2113 532 2154 meat
562 2105 688 2153 Hec.
711 2105 748 2160 i.
770 2109 820 2154 2.
844 2110 940 2155 100
974 2105 1103 2152 Olim
1122 2104 1295 2167 potius,
1318 2121 1459 2169 quam

404 2178 614 2232 paterere
636 2169 785 2216 filium
823 2185 1083 2218 commeare
1112 2170 1174 2216 ad
1211 2169 1460 2218 muliercu-

402 2236 497 2282 lam
530 2233 653 2282 Hea.
674 2233 749 2291 iii,
773 2239 820 2284 1.
842 2239 905 2283 35

470 2299 765 2349 Commereo.
822 2298 1139 2348 Commereor.
1186 2297 1317 2354 Quid
1332 2298 1459 2347 feci?

404 2363 519 2426 quid
544 2362 813 2425 commerui,
842 2370 925 2412 aut
956 2363 1169 2425 peccavi,
1191 2363 1361 2426 peter?
1392 2361 1459 2412 A.

403 2427 436 2483 i,
463 2432 629 2478 l..112
662 2428 783 2485 Quae
800 2435 975 2491 exopto
991 2427 1121 2484 mihi,
1143 2434 1197 2475 ut
1218 2443 1459 2493 nunquam

404 2494 557 2541 sciens
578 2495 830 2542 commerui
860 2492 959 2543 I-Ie.
980 2494 1047 2549 iv,
1070 2498 1119 2541 2.
1138 2497 1170 2541 4
1204 2492 1314 2541 Ah!
1350 2493 1458 2541 nul·

405 2557 496 2603 lam
519 2559 581 2605 de
604 2560 673 2605 his
696 2560 831 2607 rebus
852 2557 1039 2621 culpam
1070 2558 1347 2605 commeruit
1376 2566 1459 2607 tua

407 2622 501 2671 He.
532 2622 599 2679 is,
621 2627 671 2671 4.
697 2629 729 2671 9
774 2623 826 2671 Si
846 2622 1042 2670 senserit
1062 2628 1108 2668 te
1131 2622 1349 2670 timidum
1375 2638 1458 2685 pa·

404 2695 475 2734 ter
486 2703 607 2743 esse,
620 2687 915 2735 arbitrabitur
926 2688 1255 2738 commeruisse
1272 2686 1347 2733 cul
1351 2702 1461 2750 pam

404 2751 494 2801 Ph.
528 2752 566 2808 i,
587 2755 637 2802 4.
659 2756 725 2800 29
772 2750 1029 2815 Nunquam
1060 2750 1311 2815 quicquam
1352 2766 1464 2814 erga

404 2832 479 2863 me
500 2815 771 2865 commerita
791 2824 883 2874 est,
902 2822 1035 2876 pater
1068 2814 1165 2862 He.
1184 2815 1253 2870 iii,
1278 2820 1329 2863 5.
1354 2819 1418 2863 36

469 2880 757 2941 commigro.
824 2878 893 2925 Ex
928 2876 1097 2925 Andro
1136 2877 1465 2940 commigravit

400 2944 497 2991 huc
518 2943 709 2991 viciniae
743 2942 805 2989 A.
827 2942 862 3002 i,
884 2946 931 2990 1.
947 2946 1010 2991 43
1046 2940 1217 3003 Neque
1240 2941 1365 2989 enim
1380 2942 1463 2989 diu

400 3009 501 3055 huc
518 3006 885 3067 commigrarunt
916 3004 1015 3053 Ad.
1037 3005 1103 3059 iv,
1120 3010 1168 3053 5.
1193 3009 1253 3053 15

472 3070 829 3120 Comminiscor.
884 3068 1174 3133 Hujusmodi
1192 3085 1263 3117 res
1283 3084 1467 3133 semper

402 3136 759 3184 comminiscere
790 3134 914 3183 Hea.
932 3135 996 3190 iv,
1015 3139 1064 3183 6.
1080 3138 1111 3183 8
1146 3133 1279 3189 Quid
1294 3135 1461 3197 agam?

398 3208 487 3249 aut
529 3200 647 3264 quid
693 3198 1052 3247 comminiscar?
1106 3198 1231 3247 Hes.
1270 3199 1335 3261 iv,
1354 3204 1405 3249 2.
1429 3204 1461 3249 7

402 3264 605 3329 Aliquid
660 3264 823 3314 tulisse
884 3263 1297 3312 comminiscentur
1350 3264 1463 3311 mali

406 3328 502 3376 He.
550 3329 618 3385 iii,
661 3333 709 3377 1.
748 3334 811 3377 63
868 3328 1145 3377 Commenta
1183 3336 1333 3378 mater
1372 3336 1461 3385 est,

406 3408 509 3441 esse
546 3409 603 3441 ex
642 3394 737 3441 alio
771 3392 885 3449 viro,
920 3393 1083 3441 nescio
1116 3409 1229 3456 quo,
1263 3408 1459 3457 puerum

406 3465 571 3505 natum
607 3457 700 3505 Ad.
722 3458 787 3514 iv,
808 3463 855 3506 5.
878 3461 941 3505 23

473 3522 857 3571 Commisere'sco.
920 3521 971 3569 Si
990 3521 1193 3577 adesset,
1216 3521 1373 3577 credo,
1395 3520 1463 3569 ibi

404 3585 511 3649 ejus
530 3589 955 3637 commIseresceret
988 3585 1085 3634 He.
1124 3584 1161 3641 i,
1198 3589 1245 3633 2.
1268 3590 1333 3633 54

475 3650 822 3699 commissator.
886 3649 1096 3713 AEdepol
1140 3649 1462 3697 commissato-

406 3728 503 3763 rem
524 3716 647 3762 haud
670 3731 783 3762 sane
800 3715 1099 3763 commodum
1133 3712 1232 3763 Ad.
1252 3729 1300 3771 V,
1322 3718 1374 3761 2.
1395 3718 1428 3762 8

472 3779 767 3829 Commissor.
854 3779 1119 3827 Phaedriam
1183 3777 1463 3827 intromitta-

406 3858 510 3891 mus
530 3843 877 3893 commissatum
912 3842 1002 3891 Eu.
1020 3843 1096 3899 iii,
1121 3847 1169 3892 1.
1189 3847 1254 3893 52

474 3908 779 3971 CommitigO.
845 3906 1040 3955 Utinam
1088 3907 1179 3955 tibi
1227 3905 1459 3955 commiti-

408 3973 503 4034 gari
530 3972 712 4020 videam
736 3970 949 4019 sandalio
972 3972 1146 4034 caput!
1182 3971 1272 4033 Eu.
1291 3987 1339 4026 v,
1362 3975 1411 4019 8.
1426 3974 1459 4021 4

473 4036 753 4088 Committe.
818 4034 923 4098 Ego
945 4052 1019 4083 me
1054 4042 1147 4083 tum
1178 4035 1461 4085 commendo

406 4108 457 4149 et
478 4101 719 4149 committo
740 4099 853 4148 fidei
886 4098 975 4147 Eu.
1000 4117 1047 4155 v,
1062 4104 1111 4149 2.
1128 4104 1190 4152 47
1226 4099 1311 4147 Eis
1332 4114 1461 4147 com-

408 4166 514 4213 misi
530 4173 580 4215 et
590 4164 773 4215 credidi
806 4163 929 4212 Hea.
946 4180 993 4220 v,
1007 4167 1057 4213 2.
1076 4168 1137 4213 la
1170 4164 1309 4227 Lupo
1325 4178 1462 4211 ovem

406 4230 680 4279 commisisti
710 4226 803 4278 Eu.
822 4245 872 4281 v,
894 4232 941 4279 1.
969 4233 1031 4277 16
1076 4228 1137 4275 Se
1176 4229 1227 4275 in
1261 4232 1462 4277 vostram

408 4293 645 4343 commisit
658 4294 800 4341 fidem
836 4292 931 4343 He.
950 4290 1053 4343 Alt.
1075 4292 1203 4341 Prol.
1222 4296 1283 4342 45
1308 4290 1459 4339 Num·
1482 4295 1488 4307 “

2534 404 2606 474 lv

1539 575 1684 626 qaam
1709 563 1866 616 hercle
1887 563 2030 616 hodio
2157 565 2284 618 istuc
2303 571 2596 622 committam

1538 626 1632 676 tibi
1661 626 1761 677 Ad.
1800 628 1868 686 iv,
1890 633 1942 680 2.
1975 635 2036 681 12
2048 581 2214 680 ⁰Num
2245 632 2359 682 dum
2398 635 2600 688 amicam

1536 691 1664 742 hanc
1683 707 1836 740 meam
1857 709 1962 742 esse
1988 696 2166 754 credet,
2199 711 2298 746 non
2331 701 2598 752 committet

1538 755 1684 804 filiam
1723 757 1848 806 Hes.
1888 759 1956 816 iv,
1992 763 2042 808 8.
2067 765 2132 810 86
2185 761 2482 827 Quamquam
2525 774 2600 816 est

1538 819 1780 878 scelestus,
1801 838 1899 870 nou
1923 825 2188 874 committet
2207 827 2352 875 hodie
2371 843 2600 892 unquam,

1537 883 1707 934 iterum
1727 893 1778 934 ut
1792 887 1990 951 vapulet
2019 889 2118 938 Ad.
2139 888 2194 945 ii,
2213 894 2303 939 l.5
2336 890 2598 956 Nunquam

1537 949 1669 998 dices
1702 958 1798 998 tam
1831 953 2096 1009 commode,
2131 961 2186 1002 ut
2215 961 2396 1016 tergum
2439 972 2596 1008 meum

1536 1019 1667 1062 tuam
1687 1014 1736 1062 iu
1760 1015 1900 1064 fidem
1923 1017 2214 1066 committam
2263 1019 2360 1070 He.
2393 1019 2429 1077 i.
2459 1025 2508 1070 2.
2530 1027 2594 1074 ⁸⁴

1535 1077 1643 1126 Nec
1683 1079 1795 1127 satis
1832 1081 1995 1144 digna,
2025 1083 2106 1132 cui
2143 1085 2408 1132 committas
2443 1087 2596 1148 primo

1535 1151 1674 1206 partu
1717 1143 1959 1194 mulierem
2005 1145 2069 1195 A.
2098 1147 2137 1207 i,
2160 1151 2260 1197 4.s
2317 1149 2415 1206 Qui
2457 1150 2594 1199 illum

1535 1208 1786 1256 decrerunt
1809 1209 2021 1273 dignum,
2047 1227 2156 1260 suos
2177 1212 2258 1260 cui
2281 1211 2452 1262 liberos
2465 1231 2596 1264 com-

1535 1270 1778 1322 mitterent
1809 1273 1902 1322 He.
1925 1275 1976 1330 ii,
1999 1280 2046 1324 1.
2072 1280 2132 1325 15
2165 1275 2340 1340 Neque
2370 1277 2442 1325 illi
2465 1294 2597 1327 com-

1535 1336 1762 1448 }nirstissem
1783 1337 2010 1401 virginem
2032 1338 2125 1390 Eu.
2149 1339 2285 1416 iY’.³·
2305 1347 2368 1453 ²1⁵
2381 1342 2598 1455 3ςέ*ιίιῖ

1556 1417 1585 1446 o
1629 1417 1748 1450 unas
1771 1417 1898 1450 meas
1919 1418 1994 1452 me
2018 1419 2306 1454 commisisse
2349 1423 2378 1452 u
2437 1423 2456 1454 1
2583 1443 2597 1456 .

1534 1463 1608 1518 iii,
1631 1470 1680 1514 5.
1702 1470 1731 1514 8
1767 1465 1864 1524 Qui
1887 1468 2142 1532 denegarat
2162 1484 2212 1517 se
2239 1471 2596 1520 commissurum

1534 1528 1654 1577 mihi
1691 1539 1880 1593 gnatam
1916 1547 2048 1579 susm
2089 1548 2280 1582 uxorem
2335 1533 2400 1582 A.
2433 1537 2470 1593 i,
2492 1542 2540 1584 5.
2562 1541 2596 1587 6

1534 1591 1585 1640 N
1588 1608 1650 1640 on
1677 1593 1756 1656 pol
1779 1596 1940 1648 credo,
1964 1596 2177 1652 Choerea.
2199 1598 2294 1646 nisi
2317 1600 2357 1646 si
2379 1600 2596 1649 commis·

1534 1672 1638 1704 sum
1660 1673 1755 1706 non
1781 1659 1873 1707 erit
1905 1659 1998 1708 Eu.
2021 1677 2064 1717 v,
2089 1666 2139 1712 2.
2161 1665 2224 1711 63

1602 1723 1880 1772 Commode.
1947 1723 1996 1771 N
1999 1741 2062 1772 on
2083 1733 2156 1773 sat
2175 1728 2424 1776 commode
2445 1728 2596 1778 divisa

1534 1793 1646 1834 sunt
1665 1788 1954 1850 temporibus
1976 1789 2082 1844 tibi.
2114 1788 2270 1846 Dave,
2291 1792 2395 1840 haee
2429 1793 2492 1840 A.
2519 1792 2594 1851 iii,

1536 1853 1583 1898 1.
1631 1856 1689 1901 17
1745 1852 1988 1908 Quantum
2031 1854 2113 1902 ille
2169 1855 2326 1918 potuit
2387 1857 2595 1920 cogitare

1532 1916 1783 1965 commode
1831 1917 1956 1968 Hes.
1993 1917 2124 1968 Ptol.
2160 1922 2222 1970 14
2275 1919 2416 1967 Illum
2459 1923 2594 1970 obse-

1533 1987 1775 2041 quentem,
1821 1981 1860 2030 si
1901 1981 2007 2045 quis
2046 1990 2174 2032 recte
2227 1992 2310 2031 aut
2347 1987 2594 2034 commode

1535 2051 1756 2092 tractaret
1785 2045 1908 2094 Hca.
1942 2047 1977 2102 i,
2001 2051 2051 2096 1.
2077 2051 2174 2096 100
2223 2047 2368 2096 Haud
2406 2049 2594 2113 opinor,

1534 2109 1784 2156 commode
1815 2109 1955 2157 finem
1990 2111 2208 2159 statuisse
2239 2113 2439 2160 orationi
2471 2114 2595 2160 mili-

1536 2177 1632 2220 tem
1666 2171 1762 2222 He.
1803 2171 1840 2230 i,
1859 2177 1910 2225 2.
1931 2177 1999 2222 26
2037 2172 2296 2237 Nunquam
2331 2176 2462 2224 dices
2498 2185 2592 2224 tam

1534 2237 1800 2294 commode,
1845 2245 1900 2284 ut
1944 2245 2126 2300 tergum
2163 2253 2320 2286 meum
2359 2246 2489 2287 tuam
2543 2241 2594 2288 in

1534 2300 1678 2348 fidem
1720 2301 2008 2350 committam
2062 2301 2158 2350 He.
2199 2303 2234 2361 i,
2256 2308 2305 2352 2.
2341 2309 2405 2354 88
2455 2303 2596 2352 Nun-

1534 2381 1678 2428 quam
1697 2366 1992 2414 commodius
2015 2382 2221 2430 unquam
2243 2369 2406 2416 herum
2427 2369 2592 2418 audivi

1535 2429 1666 2494 loqui
1699 2429 1822 2481 Hea.
1843 2430 1916 2489 iii,
1939 2436 1987 2481 2.
2010 2435 2075 2481 48
2115 2431 2208 2481 Cui
2246 2447 2382 2497 mque
2419 2434 2596 2482 audisti

1532 2495 1830 2545 commodius
1873 2496 2129 2561 quiequam
2169 2498 2422 2548 evenisse?
2467 2500 2596 2548 Hes.

1534 2560 1599 2617 iv,
1623 2564 1672 2608 3.
1695 2564 1726 2609 7

1603 2623 1946 2672 Commoditas.
2010 2624 2182 2688 Itaq'ue
2213 2626 2336 2673 adeo
2376 2640 2596 2689 magnam

1533 2686 1649 2735 mihi
1687 2686 1856 2751 injecit
1903 2704 1989 2737 sua
2042 2689 2381 2738 commoditate
2435 2707 2594 2740 curam

1536 2750 1636 2799 Ad.
1677 2752 1746 2812 iv,
1777 2758 1825 2801 5.
1857 2756 1924 2800 76
1977 2752 2048 2799 At
2089 2752 2129 2799 si
2170 2754 2434 2816 corrigitur,
2478 2765 2596 2819 quot

1536 2816 1914 2869 commoditates,
1933 2816 2049 2862 vide
2081 2814 2147 2864 A.
2169 2815 2240 2871 iii,
2264 2821 2313 2864 3.
2335 2822 2397 2865 87
2433 2818 2478 2865 Ο
2502 2820 2596 2866 for-

1536 2878 1680 2925 tuna!
1713 2895 1742 2926 o
1763 2878 1857 2926 fors
1876 2879 2068 2926 fortuna
2092 2876 2308 2942 !quantis
2337 2884 2596 2929 commodi·

1538 2942 1732 2998 tatibus,
1774 2958 1914 3005 quam
1957 2942 2131 2999 subito,
2167 2944 2280 2991 hero
2311 2961 2418 2992 meo
2451 2943 2593 2993 Anti-

1533 3007 1685 3069 phoni
1705 3022 1799 3070 ope
1822 3016 1972 3053 vestra
2005 3008 2134 3055 hunc
2171 3010 2398 3057 onerastis
2435 3010 2592 3059 diem!

1538 3071 1630 3117 Ph.
1656 3086 1700 3125 v,
1720 3076 1769 3119 6.
1798 3075 1825 3119 1

1603 3133 1884 3184 Commodo.
1948 3134 2076 3182 Nam
2097 3132 2290 3181 meritus
2308 3136 2372 3183 de
2400 3152 2478 3184 me
2507 3146 2598 3201 est,

1535 3200 1666 3261 quod
1687 3215 1876 3263 queam,
1901 3207 1954 3246 ut
1972 3198 2044 3247 illi
2075 3200 2372 3248 commodem
2415 3200 2512 3251 He.
2546 3217 2596 3259 v,

1603 3327 1934 3376 Commodum.
1959 3326 2206 3392 (adverb.)
2269 3328 2362 3376 Illa
2382 3345 2484 3378 sese
2519 3330 2593 3379 in·

1534 3399 1659 3440 terea
1683 3393 1984 3441 commodum
2006 3393 2098 3441 huc
2121 3392 2387 3441 adverterat
2424 3395 2515 3444 Eu.
2537 3396 2594 3459 ii,

1532 3461 1667 3568 {3¹51
1705 3456 1764 3505 Id
1803 3458 1893 3505 hoc
1928 3474 2037 3505 cum
2067 3458 2266 3521 agebam
2293 3461 2594 3509 commodum

1611 3552 1624 3565 .
1648 3522 1716 3577 iv,
1737 3525 1786 3570 8.
1811 3526 1844 3569 9

1601 3584 1932 3636 Commodum.
1948 3585 2152 3649 (subst.)
2204 3585 2300 3633 Sed
2321 3584 2364 3632 si
2386 3600 2443 3633 ex
2467 3602 2526 3633 ea
2546 3602 2596 3634 re

1532 3649 1643 3713 plus
1664 3648 1780 3697 mali
1795 3658 1887 3713 est,
1901 3666 2040 3714 quam
2057 3649 2296 3697 commodi
2309 3648 2498 3713 utrique
2531 3649 2596 3697 A.

1534 3714 1604 3769 iii,
1627 3718 1677 3763 Β.
1703 3718 1764 3763 15
1799 3714 1930 3771 Quid
1953 3731 2010 3763 ex
2033 3728 2092 3761 ea
2123 3730 2172 3762 re
2205 3714 2398 3761 tandem
2429 3721 2482 3760 ut
2513 3728 2594 3761 ca«-

1532 3792 1668 3841 peres
1688 3778 1956 3825 commodi?
1993 3778 2085 3825 Eu.
2103 3776 2182 3836 iii,
2202 3784 2253 3827 5.
2275 3780 2338 3825 25
2381 3776 2452 3823 Ex
2486 3792 2594 3824 meo

1534 3843 1804 3905 propinquo
1826 3856 1929 3891 rure
1951 3843 2042 3890 boc
2065 3842 2200 3903 capio
2235 3841 2470 3889 commodi
2501 3840 2597 3889 Eu.

1532 3924 1581 3961 v,
1605 3911 1654 3957 6.
1676 3911 1704 3956 1
1741 3906 1870 3955 ΝοΙο
1901 3906 1988 3954 tibi
2019 3904 2168 3953 ullum
2205 3905 2504 3954 commodum
2543 3904 2594 3953 in

1532 3986 1608 4017 me
1645 3968 1857 4019 claudier
1887 3969 1952 4018 A.
1981 3970 2054 4026 iii,
2076 3974 2127 4018 3.
2149 3974 2212 4019 41
2247 3966 2494 4016 Manebo:
2533 3985 2595 4017 ne

1532 4035 1664 4097 quod
1700 4042 1908 4083 vostrum
1945 4048 2146 4084 remorer
2182 4034 2483 4082 commodum
2529 4032 2596 4081 A.

1532 4099 1602 4155 iv,
1625 4102 1674 4147 3.
1694 4104 1758 4151 24
1792 4098 1864 4147 Ut
1895 4114 1952 4147 ex
1988 4098 2115 4146 illius
2152 4098 2405 4145 commodo
2439 4112 2594 4146 meum

1532 4179 1852 4227 compararem
1874 4162 2174 4211 commodum
2219 4162 2346 4211 Hea-
2381 4162 2436 4219 ii,
2458 4166 2506 4212 4.
2531 4167 2592 4212 17

1535 4228 1624 4274 Me
1671 4228 1824 4291 pietas
1871 4226 2057 4275 matris·
2083 4226 2248 4289 potius>
2290 4228 2595 4275 commodum

1534 4291 1702 4340 suadet
1724 4292 1862 4357 sequi
1895 4291 1991 4342 He.
2013 4290 2085 4350 iii,
2109 4296 2159 4341 5.
2181 4294 2239 4339 31
2298 4290 2396 4348 Qui
2436 4290 2598 4340 omnia
