3192 4975
510 377 653 442 xlvi

512 541 581 593 ria
614 539 737 591 Heu.
763 538 831 593 iii,
853 543 902 588 3.
921 539 987 586 47
1456 591 1465 596 ,

582 603 840 654 Camutex.
899 601 1153 660 Carnufex,
1193 613 1301 665 quo
1340 597 1575 663 loquitur!

516 667 581 720 A.
604 669 638 724 i,
660 673 710 716 2.
736 672 796 716 12
831 666 1137 728 Quantasque
1160 665 1235 713 bic
1256 665 1351 711 suis
1372 663 1579 712 consiliis

516 731 633 780 mihi
652 731 858 780 confecit
878 729 1215 784 solicitudiues,
1250 745 1379 777 meus
1414 743 1578 775 carnu-

516 797 591 848 fex
613 795 679 845 A.
698 795 765 849 iv,
785 798 903 844 1.27
941 794 1061 850 Eho,
1080 809 1173 840 non
1186 801 1235 840 tu
1251 793 1371 840 dixti
1390 807 1491 840 esse
1510 791 1581 837 in-

518 868 589 908 ter
609 875 689 906 eos
710 858 997 911 inimicitias,
1021 857 1274 905 carnufex?
1308 856 1373 905 A.
1390 873 1437 912 v,
1455 861 1502 904 2.
1520 861 1576 903 11

520 924 589 972 Os
610 931 664 970 ut
684 921 775 972 sibi
796 921 1003 970 distorsit
1026 921 1243 970 carnusex
1264 921 1278 967 2
1316 921 1405 968 Eu.
1436 921 1504 976 iv,
1534 924 1584 969 4.

520 993 551 1037 3
586 985 857 1049 Numquam
878 986 1009 1033 dicet
1026 986 1249 1034 carnufex
1280 986 1375 1032 Ad.
1396 983 1468 1037 iii,
1486 987 1533 1031 3.
1552 988 1586 1031 9

522 1049 654 1101 Eho!
678 1051 901 1100 carnusex
920 1067 935 1109 ;
954 1057 1027 1098 est
1047 1049 1277 1113 Ctesipho
1296 1048 1457 1096 intus?
1483 1046 1583 1098 Ad.

527 1132 572 1171 v,
594 1119 643 1163 2.
666 1119 698 1162 2

574 1171 763 1242 'Carpm
828 1176 1228 1240 Unumquodque,
1249 1177 1377 1240 quod
1398 1177 1589 1238 quidem

524 1243 612 1290 erit
632 1240 953 1298 bellissimum,
972 1257 1159 1304 carpam
1190 1240 1293 1290 Ad.
1316 1241 1381 1297 iv,
1401 1246 1454 1290 2.
1475 1245 1539 1290 52

592 1307 759 1361 Carus,
782 1321 829 1361 a,
852 1322 945 1352 um.
1008 1306 1130 1352 Tum
1162 1320 1351 1352 annona
1378 1321 1485 1352 cara
1520 1311 1593 1352 est

530 1369 595 1420 A.
618 1371 684 1424 iv,
704 1375 753 1418 4.
773 1374 803 1418 ⁷
840 1369 999 1418 Solum
1018 1369 1073 1417 id
1095 1377 1165 1417 est
1180 1385 1335 1417 carum
1352 1370 1464 1416 mihi
1496 1367 1593 1415 Ad.

528 1435 563 1490 i,
591 1437 635 1483 1.
660 1438 724 1485 24
759 1433 877 1482 Haec
898 1448 1037 1496 quam
1059 1435 1156 1481 sint
1176 1434 1353 1493 suavia,
1376 1442 1426 1480 et
1455 1449 1596 1496 quam

532 1513 640 1548 cara
659 1499 753 1546 sint
782 1498 873 1545 Ph.
897 1498 947 1553 ii,
971 1502 1019 1546 2.
1041 1503 1103 1546 30
1144 1497 1313 1560 Neque
1338 1514 1441 1544 meo
1464 1497 1596 1544 cordi

532 1576 633 1608 esse
670 1577 951 1624 quemquam
987 1562 1207 1610 cariorem
1250 1564 1339 1610 hoc
1382 1561 1601 1608 Phaedria

535 1625 628 1674 Eu.
648 1626 686 1682 i,
708 1630 755 1673 2.
782 1631 873 1676 121
932 1625 1034 1690 Ego
1115 1642 1271 1689 uoque
1310 1641 1405 1673 una
1440 1641 1599 1688 pereo,

537 1691 667 1751 quod
690 1690 803 1736 mihi
824 1697 899 1737 est
911 1692 1061 1738 carius
1138 1708 1183 1739 u.
1208 1691 1259 1746 ii,
1285 1695 1330 1738 1.
1356 1697 1385 1738 5
1420 1690 1479 1738 In
1503 1690 1603 1736 ani-

536 1767 663 1800 mum
686 1753 943 1809 instituere,
965 1762 1049 1800 aut
1069 1769 1245 1816 parare,
1267 1756 1394 1817 quod
1429 1756 1491 1801 sit
1526 1769 1604 1801 ca·

494 1867 507 1880 Ι
536 1815 649 1871 rius,
694 1833 833 1878 quam
877 1818 977 1880 ipse
1010 1826 1081 1864 est
1109 1819 1232 1865 sibi?
1279 1817 1376 1864 Ad.
1411 1819 1448 1873 i,
1472 1823 1515 1867 1.
1542 1821 1602 1865 14

539 1879 759 1939 Αωοῐυι
781 1881 1102 1930 difficillimum
1121 1890 1171 1930 et
1201 1883 1485 1930 carissimum
1518 1882 1612 1928 Eu.

538 1961 589 2000 v,
610 1948 660 1993 4.
685 1951 713 1994 5

611 2008 749 2056 Casa.
814 2007 890 2055 Ita
927 2008 1097 2071 fugias,
1141 2024 1202 2056 ue
1236 2016 1402 2072 praeter
1436 2025 1609 2067 casam,

546 2073 675 2134 quod
696 2072 831 2120 aiunt
862 2073 951 2122 Ph.
971 2089 1020 2129 v,
1039 2078 1087 2122 2.
1109 2078 1139 2122 3

552 2175 565 2192 ,
610 2135 821 2199 Castigo.
888 2136 1105 2193 Chreme,
1146 2137 1235 2184 nisi
1279 2154 1385 2184 eum
1443 2153 1614 2195 servas,

546 2200 765 2263 castigas,
787 2202 981 2248 mones?
1016 2201 1137 2248 Hea.
1160 2203 1229 2256 iii,
1255 2205 1302 2249 3.
1324 2207 1385 2250 31

615 2264 779 2312 Catus.
844 2264 1022 2312 Nescio
1044 2266 1125 2325 qui
1148 2280 1287 2313 senex
1312 2266 1451 2312 modo
1465 2265 1616 2322 venit,

547 2327 707 2387 ellum,
726 2327 988 2384 confidens,
1009 2337 1140 2376 catus
1174 2328 1239 2378 A.
1262 2344 1310 2383 v,
1332 2333 1383 2377 2.
1409 2334 1469 2377 14

614 2390 829 2440 Caudex.
894 2391 955 2438 In
979 2407 1050 2438 me
1072 2393 1256 2454 quidvis
1278 2393 1440 2438 harum
1462 2407 1612 2438 rerum

550 2455 787 2509 convenit,
847 2470 953 2518 quae
991 2464 1099 2502 suut
1141 2456 1269 2505 dicta
1306 2457 1357 2505 in
1401 2457 1611 2513 stultum,

550 2520 767 2579 caudex;
796 2520 957 2583 stipes,
996 2520 1169 2576 asinus,
1204 2522 1449 2584 plumbeus
1492 2521 1618 2568 Hea.

553 2601 599 2639 v,
628 2589 673 2633 1.
698 2588 729 2631 4

620 2648 797 2697 Caveo.
865 2648 1015 2711 Atqui
1039 2657 1091 2695 tu
1112 2650 1231 2699 hanc
1248 2648 1401 2711 jocari
1426 2648 1613 2697 credis?

554 2711 715 2766 saciet,
736 2712 829 2760 nisi
863 2728 1009 2760 caseo
1062 2714 1183 2763 Hea.
1220 2714 1285 2770 iv,
1306 2718 1355 2761 4.
1377 2718 1408 2762 8
1462 2712 1616 2759 Etiam

555 2776 729 2823 caves?
764 2792 825 2825 ne
857 2777 1018 2824 videat
1050 2778 1167 2825 sorte
1196 2778 1305 2826 hinc
1343 2785 1390 2824 te
1426 2792 1457 2824 a
1487 2785 1621 2839 patre

555 2839 725 2901 aliquis
746 2842 904 2890 exiens
936 2840 1057 2889 Hea.
1078 2842 1133 2898 ii,
1156 2847 1205 2891 2.
1224 2847 1257 2891 6
1289 2841 1423 2896 Quot
1444 2842 1621 2890 incom-

558 2905 807 2953 moditates
828 2906 881 2953 in
902 2907 989 2953 hae
1012 2922 1060 2953 re
1082 2906 1305 2969 accipies,
1323 2906 1411 2953 nisi
1448 2906 1623 2952 caves?

558 2968 685 3017 Hea.
708 2984 755 3024 v,
780 2972 825 3017 1.
848 2974 913 3017 59
944 2970 1160 3019 Profecto
1182 2970 1273 3017 nisi
1294 2984 1448 3024 caves,
1467 2976 1521 3016 tu
1538 2970 1624 3015 ho-

562 3048 655 3087 mo,
678 3032 858 3094 aliquid
881 3043 1023 3095 gnato
1043 3034 1267 3083 conficies
1291 3033 1399 3081 mali
1432 3033 1553 3080 Heu.
1578 3051 1626 3089 v,

563 3101 609 3143 3.
634 3101 657 3145 1
714 3096 991 3145 Geminabit
1025 3098 1321 3161 (colaphos),
1355 3097 1448 3144 nisi
1490 3112 1628 3144 caves

560 3160 658 3208 Ad.
674 3161 727 3217 ii,
748 3166 791 3209 1.
817 3167 877 3210 10
906 3161 1043 3209 Malo
1064 3170 1253 3209 coaetus
1276 3162 1359 3223 qui
1378 3176 1513 3207 suum
1526 3160 1627 3207 offi-

562 3224 688 3272 cium
727 3225 859 3283 tacit,
892 3225 1005 3271 dum
1040 3226 1089 3271 id
1126 3224 1341 3271 rescitum
1372 3224 1425 3271 iri
1460 3224 1630 3279 credit,

566 3290 792 3347 tantisper
822 3295 957 3335 cavet
1003 3287 1099 3335 Ad.
1120 3287 1159 3346 i,
1183 3292 1309 3337 1.45
1367 3287 1523 3342 Cavit,
1569 3303 1630 3334 ne

566 3350 771 3397 infamiae
794 3364 851 3398 ea
872 3365 943 3397 res
964 3351 1053 3397 sibi
1076 3359 1199 3399 esset
1231 3352 1292 3399 A.
1317 3350 1367 3406 ii,
1388 3356 1437 3399 6.
1461 3355 1523 3399 13
1562 3350 1632 3399 Ut

564 3414 707 3465 hosce
728 3414 963 3472 iustruxit,
981 3414 1115 3477 ipsus
1136 3415 1223 3462 sibi
1248 3414 1373 3465 cavit
1394 3414 1498 3463 loco
1537 3414 1630 3464 Eu.

567 3477 631 3531 iv,
652 3481 701 3525 7.
726 3482 786 3525 12
821 3477 976 3524 Etiam
1018 3480 1173 3526 taces?
1206 3495 1295 3542 ego
1325 3480 1503 3527 cavebo
1534 3478 1635 3527 Ad.

566 3540 635 3595 iv,
656 3546 705 3589 2.
734 3546 794 3592 12
841 3541 1005 3591 Sciens
1040 3544 1217 3591 cavebo
1267 3542 1365 3591 Ad.
1400 3542 1468 3600 iv,
1498 3550 1547 3592 5.
1568 3548 1632 3592 ⁷7

568 3602 741 3666 Neque
776 3612 825 3651 tu
853 3606 942 3655 hoc
964 3606 1111 3663 dicas,
1129 3608 1215 3655 tibi
1231 3622 1325 3654 uon
1342 3607 1637 3671 praedictum.

569 3683 683 3716 cave
714 3668 781 3717 A.
804 3668 840 3725 i,
860 3674 907 3717 2.
925 3674 988 3721 34
1022 3670 1236 3719 Audin'?
1272 3674 1463 3719 verbum
1490 3687 1638 3719 unum

572 3748 685 3781 cave
706 3734 768 3781 de
788 3734 968 3796 nuptiis
999 3734 1064 3783 A.
1084 3736 1121 3792 i,
1138 3742 1187 3785 5.
1210 3740 1273 3785 65
1309 3734 1455 3791 Cave,
1472 3744 1519 3783 te
1536 3751 1638 3783 esse

572 3797 751 3845 tristem
787 3798 959 3848 sentiat
1007 3798 1071 3846 A.
1105 3799 1156 3856 ii,
1178 3804 1227 3849 3.
1248 3803 1314 3848 29
1357 3799 1565 3847 Verbum
1600 3799 1642 3847 si

574 3861 690 3912 mihi
732 3877 896 3920 unum,
928 3871 1233 3926 preterquam
1266 3863 1399 3926 quod
1429 3871 1479 3910 te
1507 3878 1640 3925 rogo,

574 3924 712 3980 suis,
744 3940 861 3973 cave
914 3926 978 3977 A.
1024 3928 1092 3984 iv,
1113 3932 1163 3976 4.
1190 3932 1251 3977 14
1304 3927 1488 3986 Mane3
1526 3942 1643 3975 cave

575 3989 812 4051 quoquam
846 4006 904 4037 cx
938 3990 1057 4039 istoc
1100 3990 1299 4040 excessis
1338 3990 1447 4039 loco
1480 3990 1545 4039 A.
1574 3992 1644 4047 iv,

574 4055 625 4099 4.
654 4058 719 4107 21
766 4052 836 4099 At
873 4054 999 4103 enim
1030 4070 1162 4112 cave,
1216 4071 1279 4105 ne
1315 4054 1459 4116 prius,
1503 4070 1644 4117 quam

578 4113 701 4161 lianc
741 4130 772 4161 a
813 4132 887 4165 me
945 4119 1168 4182 accipias,
1226 4118 1413 4169 amittas
1444 4116 1537 4167 Eu.
1578 4118 1648 4175 iv,

576 4180 627 4226 0.
665 4181 749 4251 la·
793 4178 923 4229 Cave
970 4183 1069 4243 sin
1130 4181 1301 4238 nescis,
1369 4181 1448 4229 cui
1524 4196 1650 4231 nune

578 4239 831 4297 antedius
849 4244 946 4294 viro
980 4246 1071 4297 Eu.
1104 4246 1172 4305 iv,
1192 4248 1241 4299 7.
1262 4251 1328 4299 2⁹
1374 4246 1503 4297 Cave
1532 4246 1657 4297 faxis

1514 387 1750 435 mnnx

1653 532 1774 581 Hes.
1819 533 1853 588 i,
1873 537 1923 581 2.
1965 535 2023 582 13
2092 527 2262 594 Perge,
2305 528 2496 577 obsecro
2549 537 2614 588 te,
2668 537 2718 580 et

1653 613 1766 645 eave
1800 597 1922 644 Hea.
1944 595 1998 652 ii,
2021 599 2071 643 3.
2095 600 2151 644 61
2200 594 2332 643 Cave
2352 593 2606 658 quicquam
2631 597 2714 644 ad-

1655 662 1844 708 miratus
1865 660 1956 708 sies
1987 659 2110 708 Heu.
2145 659 2208 715 iv,
2231 663 2280 707 6.
2301 662 2364 707 23
2418 657 2549 706 Cave
2590 667 2718 722 post-

1655 727 1762 779 hac,
1783 725 1820 772 si
1847 739 1919 771 me
1951 739 2095 779 amas,
2128 738 2336 786 unquam
2364 722 2488 770 istuc
2526 725 2718 770 verbum

1657 805 1716 837 ex
1737 797 1784 836 te
1805 788 1994 836 audiam
2029 787 2150 835 Hea.
2181 803 2228 841 v,
2251 791 2303 836 4.
2328 791 2359 835 8
2413 785 2574 834 Mores
2606 803 2722 835 cave

1658 855 1709 900 in
1750 861 1798 900 te
1841 867 1943 899 esse
1983 853 2100 900 istos
2143 850 2338 898 seutiam
2390 851 2511 899 Hea.
2548 867 2596 908 v,
2617 857 2666 900 4.
2688 856 2723 901 9

1659 919 1789 966 Cave
1810 931 1937 964 nunc
1952 919 2054 978 jam
2076 913 2238 964 oculos
2260 929 2289 960 a
2313 915 2426 962 meis
2445 915 2592 962 oculis
2603 931 2723 978 quo-

1660 997 1802 1044 quam
1823 983 2073 1028 demoveas
2094 986 2200 1025 tuos
2232 977 2326 1026 Ad.
2344 979 2395 1035 ii,
2416 983 2458 1026 1.
2481 983 2544 1027 16
2573 979 2622 1026 si
2638 980 2724 1026 de-

1659 1046 1775 1092 seris
1796 1053 1865 1101 tu,
1889 1044 2110 1107 perimus.
2132 1043 2226 1090 He.
2259 1042 2389 1091 Cave
2419 1042 2588 1090 dixeris
2622 1042 2724 1092 Ad.

1659 1111 1734 1164 iii.
1757 1115 1804 1159 4.
1829 1115 1890 1158 12
1946 1109 2079 1155 Heus
2100 1106 2182 1154 tu!
2219 1123 2334 1156 cave
2374 1107 2464 1153 Ph.
2495 1107 2572 1165 iii,
2592 1111 2640 1154 3.
2662 1112 2724 1156 51

1665 1175 1826 1222 Meam
1849 1188 1950 1221 esse
1973 1174 2094 1220 hanc
2113 1187 2228 1220 cave
2248 1171 2469 1218 resciscat
2483 1171 2726 1234 quisquam

1667 1239 1756 1285 Ph.
1773 1255 1818 1294 v,
1835 1243 1876 1286 1.
1901 1242 1962 1286 37
1989 1236 2135 1291 Cave,
2155 1251 2216 1282 ne
2232 1235 2283 1282 in
2299 1245 2548 1298 cognatam
2567 1251 2731 1296 pecces

1670 1303 1760 1351 Ph.
1783 1319 1830 1359 v,
1853 1306 1900 1350 3.
1923 1307 1988 1350 20
2022 1300 2150 1348 Cave
2171 1301 2248 1346 isti
2269 1300 2518 1363 quicquam
2537 1301 2732 1347 creduas

1670 1367 1760 1414 Ph.
1783 1383 1831 1421 v,
1854 1371 1902 1414 8.
1925 1371 1954 1414 4
1991 1365 2086 1412 Sed
2119 1373 2168 1410 tu
2205 1364 2334 1426 quod
2367 1379 2529 1411 cavere
2565 1364 2734 1426 possis,

1671 1429 1863 1476 stultum
1887 1430 2131 1476 admittere
2153 1437 2224 1475 est
2257 1427 2348 1475 Eu.
2371 1427 2437 1480 iv,
2459 1432 2510 1475 6.
2529 1431 2592 1475 23
2629 1427 2734 1490 Ego

1671 1511 1748 1542 me
1769 1495 1866 1540 scio
1889 1494 2084 1548 cavisse,
2106 1507 2166 1540 ne
2189 1492 2285 1538 ulla
2307 1491 2470 1538 merito
2492 1499 2736 1538 contume-

1675 1559 1742 1605 lia
1761 1558 1858 1604 fieri
1877 1573 1906 1604 a
1926 1558 2058 1604 vobis
2081 1565 2239 1618 posset
2270 1555 2362 1602 He.
2381 1555 2454 1611 iii,
2469 1561 2517 1605 5.
2535 1560 2600 1604 20
2631 1555 2739 1602 Tibi

1676 1623 1736 1668 ab
1768 1623 1902 1679 istoc,
1943 1624 2070 1678 hera,
2103 1621 2362 1670 cavendum
2397 1619 2612 1683 intelligo
2645 1619 2737 1667 Eu.

1663 1702 1724 1742 .v,
1746 1691 1795 1734 2.
1815 1691 1878 1734 44

1747 1750 1916 1798 Causa.
1982 1748 2060 1797 Ne
2093 1749 2195 1796 haec
2228 1746 2421 1810 quidem
2455 1746 2566 1794 satis
2601 1747 2742 1794 vehe-

1682 1830 1814 1862 mens
1835 1829 1976 1861 causa
1995 1815 2056 1860 ad
2069 1812 2410 1876 objurgandum
2442 1810 2504 1866 A.
2529 1812 2564 1866 i,
2583 1817 2628 1860 1.
2649 1815 2742 1860 123

1687 1878 1755 1925 Ut
1801 1894 1882 1940 per
1921 1879 2066 1924 falsas
2103 1877 2290 1939 nuptias
2324 1891 2432 1922 vera
2465 1875 2748 1939 objurgandi

1686 1957 1828 1990 causa
1863 1940 2029 1990 sit-A.
2051 1943 2088 1998 i,
2114 1945 2275 1990 1.131
2307 1940 2518 1986 Tandem
2555 1939 2749 1986 inventa

1688 2014 1760 2054 est
1801 2021 1944 2054 causa
1994 2006 2054 2054 A.
2096 2006 2163 2060 iv,
2189 2010 2236 2053 1.
2263 2009 2325 2053 19
2371 2004 2467 2051 Ubi
2501 2019 2559 2051 ea
2590 2019 2749 2059 causa,

1688 2073 1986 2133 quamobrem
2011 2071 2110 2117 haec
2129 2070 2323 2122 faciunt,
2347 2068 2436 2115 erit
2449 2069 2636 2115 ademta
2657 2068 2749 2125 his,

1689 2137 1907 2183 desinent
1937 2134 2001 2183 A.
2025 2150 2072 2190 v,
2098 2140 2143 2182 1.
2168 2139 2226 2182 18
2260 2132 2370 2180 Una
2391 2134 2551 2180 harum
2573 2133 2750 2195 quaevis

1689 2214 1830 2246 causa
1851 2215 1944 2255 me,
1971 2207 2021 2245 ut
2050 2199 2235 2254 faciam,
2273 2204 2434 2244 monet
2482 2197 2544 2242 A.
2579 2213 2624 2250 v,
2645 2201 2693 2244 4.
2719 2200 2744 2243 1

1691 2264 1848 2311 Causa
1887 2270 2082 2325 optuma
2123 2270 2212 2321 est,
2246 2261 2336 2308 nisi
2377 2261 2492 2324 quid
2522 2268 2652 2322 pater
2685 2261 2756 2309 sit

1690 2327 1815 2374 aliud
1851 2328 1913 2374 A.
1938 2343 1984 2379 v.
2008 2331 2056 2374 4.
2079 2332 2144 2376 46
2177 2325 2304 2372 Num
2328 2341 2470 2388 parva
2489 2341 2646 2380 causa,
2669 2333 2754 2372 aut

1691 2406 1832 2454 parva
1853 2391 1968 2438 ratio
1991 2391 2096 2438 est?
2146 2390 2236 2437 Eu.
2259 2389 2326 2445 iii,
2352 2396 2400 2437 5.
2425 2394 2487 2440 27
2544 2388 2753 2445 Quamo-

1694 2457 1819 2503 brem
1841 2455 1890 2503 id
1915 2455 2104 2516 faciam,
2126 2469 2234 2503 vera
2254 2469 2396 2503 causa
2431 2461 2503 2501 est
2535 2454 2658 2503 Hea.
2699 2453 2755 2511 ii,

1693 2525 1741 2569 3.
1762 2525 1824 2570 95
1860 2520 2060 2567 Inventa
2082 2527 2153 2567 est
2172 2534 2330 2574 causa,
2351 2534 2446 2582 qua
2467 2526 2516 2565 te
2547 2518 2754 2581 expelle-

1692 2594 1796 2631 rent
1826 2584 1950 2633 Hea.
1990 2600 2036 2639 v,
2060 2589 2106 2631 2.
2132 2589 2196 2633 36
2249 2583 2332 2629 Sin
2356 2598 2410 2630 ea
2433 2590 2505 2629 est
2525 2598 2666 2631 causa
2684 2596 2756 2629 re-

1691 2649 1873 2695 tinendi
1894 2649 2020 2711 apud
2036 2664 2135 2707 vos,
2155 2648 2268 2711 quia
2289 2662 2412 2709 aegra
2429 2655 2501 2694 est
2532 2647 2626 2693 He.
2639 2648 2693 2701 ii,
2706 2650 2756 2695 2.

1694 2717 1756 2761 13
1790 2712 1900 2759 Neu
1922 2728 2066 2760 causa
2083 2712 2182 2759 ulla
2202 2718 2345 2758 restet
2365 2712 2544 2773 reliqua
2576 2710 2670 2758 He.
2689 2711 2755 2767 iv,

1693 2781 1740 2825 2.
1765 2781 1787 2825 l
1803 2782 1824 2824 1
1875 2776 1976 2823 Etsi
1998 2776 2086 2822 tibi
2107 2792 2250 2823 eausa
2271 2782 2344 2823 est
2363 2776 2424 2822 de
2447 2776 2532 2823 hac
2557 2790 2624 2831 re,
2661 2789 2757 2821 ma-

1694 2848 1764 2887 ter
1785 2856 1892 2903 quae
1913 2848 1960 2887 te
1981 2840 2174 2903 impulit
2205 2840 2300 2887 He.
2320 2840 2388 2894 iv,
2406 2844 2455 2888 4.
2477 2844 2506 2888 3
2541 2839 2603 2887 Ei
2618 2854 2761 2885 causa

1696 2905 1788 2952 alia
1810 2921 1915 2967 quae
1937 2904 2044 2962 fuit,
2067 2904 2369 2968 quamobrem
2391 2906 2472 2951 abs
2500 2912 2547 2951 te
2577 2902 2761 2951 abiret?

1698 2968 1790 3016 He.
1811 2971 1876 3025 iv,
1895 2973 1945 3017 4.
1969 2974 2032 3018 73
2084 2970 2209 3017 Puer
2240 2983 2384 3017 causa
2417 2968 2507 3015 erit
2541 2966 2764 3014 mittundi

1699 3034 1790 3081 Ph.
1815 3033 1847 3089 i,
1874 3038 1920 3082 1.
1942 3037 2005 3081 16
2054 3032 2228 3080 Nostra
2265 3046 2423 3088 eausa,
2467 3031 2672 3080 scilicet!
2713 3031 2764 3079 in

1699 3113 1891 3144 nervum
1928 3097 2084 3159 potius
2116 3097 2208 3143 ibit
2244 3097 2328 3144 Ph.
2363 3097 2430 3152 iv,
2457 3101 2505 3144 4.
2525 3101 2585 3146 15
2642 3094 2765 3151 Qum

1700 3176 1842 3207 causa
1863 3169 1936 3208 est
1951 3160 2210 3223 justissima
2260 3160 2350 3208 Ph.
2383 3159 2446 3217 iv,
2470 3164 2520 3207 4.
2543 3163 2608 3207 30
2657 3158 2764 3207 Nec

1703 3226 1814 3271 satis
1836 3226 1898 3272 ad
1919 3224 2261 3288 objurgandum
2281 3238 2434 3271 causus
2467 3222 2529 3270 A.
2548 3222 2582 3277 i,
2601 3226 2647 3273 1.
2668 3227 2762 3271 111

1705 3289 1836 3344 Quid
1859 3304 2011 3337 causae
2033 3296 2122 3346 est,
2145 3289 2263 3351 quin
2286 3288 2396 3335 bine
2431 3288 2479 3333 in
2517 3286 2765 3349 pistrinum

1706 3361 1832 3399 recta
1852 3353 2119 3415 proficiscar
2148 3352 2262 3400 via?
2309 3350 2374 3401 A.
2397 3352 2469 3412 iii,
2489 3356 2536 3399 4.
2557 3355 2620 3399 21
2671 3351 2766 3399 Sed

1707 3416 1750 3463 si
1769 3417 1846 3463 bic
1871 3425 2110 3479 pernocto,
2126 3432 2279 3464 causre
2295 3416 2412 3479 quid
2429 3416 2602 3467 dicam,
2615 3412 2732 3477 Syre
2751 3414 2770 3460 ἓ

1709 3481 1802 3528 Ad.
1827 3481 1890 3538 iv,
1916 3486 1960 3529 1.
1986 3487 2044 3531 15
2082 3480 2281 3543 Aliquid
2309 3480 2506 3536 credito,
2531 3477 2770 3534 Phormio,

1709 3561 1811 3594 esse
1829 3560 1983 3595 causas
2021 3546 2108 3595 Pb.
2130 3560 2174 3602 v,
2198 3550 2246 3593 6.
2267 3550 2329 3593 35
2365 3544 2465 3591 Aut
2493 3543 2535 3590 si
2569 3541 2770 3588 lubitum

1709 3610 1865 3666 suerit,
1887 3625 2074 3657 causam
2096 3609 2277 3671 ceperit
2307 3608 2371 3656 A.
2392 3608 2427 3664 i,
2443 3611 2490 3657 3.
2504 3610 2536 3655 8
2569 3604 2772 3653 Censen’

1714 3688 1788 3721 me
1818 3673 2026 3735 potuisse
2059 3674 2160 3735 prol
2226 3673 2274 3719 ui
2307 3681 2513 3727 causam,
2545 3668 2774 3732 ineptam,

1712 3738 1894 3798 falsam,
1915 3738 2122 3800 iniquam
2140 3739 2157 3785 ἓ
2243 3772 2257 3787 .
2281 3738 2318 3792 i,
2340 3742 2390 3785 5.
2409 3740 2476 3785 22
2507 3734 2702 3783 Dictum
2717 3748 2775 3781 ac

1712 3801 1889 3849 factum
1909 3800 2141 3849 invenerit
2167 3801 2373 3863 aliquam
2407 3814 2596 3849 causam
2625 3799 2688 3845 Δ.
2719 3796 2777 3853 ii,

1716 3869 1764 3915 3.
1787 3869 1820 3913 8
1868 3866 2069 3915 Causam
2091 3866 2247 3914 dicere
2267 3863 2415 3928 prius,
2437 3863 2565 3911 unde
2588 3860 2780 3936 petitur²

1717 3942 1877 3977 aurum
1900 3945 2044 3993 quare
2063 3929 2126 3977 sit
2145 3944 2282 3977 suum
2313 3927 2408 3976 Eu.
2431 3926 2556 3976 Prol.
2579 3931 2646 3976 10
2682 3924 2778 3973 Ubi

1716 3993 1846 4049 veni,
1865 4008 2070 4051 causam,
2101 4001 2154 4041 ut
2184 3993 2252 4041 ibi
2287 4007 2540 4046 manerem,
2575 3988 2782 4053 repperit

1720 4056 1812 4107 Eu.
1831 4056 1906 4116 iii,
1924 4062 1972 4107 3.
1993 4062 2027 4106 6
2057 4057 2184 4105 Nam
2197 4056 2300 4121 jam
2320 4056 2404 4104 diu
2435 4055 2642 4118 aliquam
2668 4068 2780 4101 esu-

1721 4136 1820 4233 2:ss
1841 4136 1996 4234 {30¹⁰
1993 4122 2180 4250 3³:112?
2181 4120 2536 4236 ⁰1...ssssssss
2545 4118 2783 4231 ³353:

1724 4248 1848 4303 flea.
1872 4246 2000 4303 Ptol.
2023 4255 2085 4303 41
2119 4250 2250 4308 Quid
2273 4248 2456 4300 dicam?
2495 4262 2638 4313 quam
2669 4260 2782 4296 cuu-
2879 4271 2884 4276 ·
