<?xml version="1.0" encoding="UTF-8"?>
<!DOCTYPE html PUBLIC "-//W3C//DTD XHTML 1.0 Transitional//EN"
    "http://www.w3.org/TR/xhtml1/DTD/xhtml1-transitional.dtd">
<html xmlns="http://www.w3.org/1999/xhtml" xml:lang="en" lang="en">
 <head>
  <title>
</title>
<meta http-equiv="Content-Type" content="text/html;charset=utf-8" />
  <meta name='ocr-system' content='tesseract 3.04.00' />
  <meta name='ocr-capabilities' content='ocr_page ocr_carea ocr_par ocr_line ocrx_word'/>
</head>
<body>
  <div class='ocr_page' id='page_1' title='image "./comoedisex09westgoog_0072.png"; bbox 0 0 3192 4975; ppageno 0'>
   <div class='ocr_carea' id='block_1_1' title="bbox 639 393 1552 459">
    <p class='ocr_par' dir='ltr' id='par_1_1' title="bbox 639 393 1552 459">
     <span class='ocr_line' id='line_1_1' title="bbox 639 393 1552 459; baseline 0 -2"><span class='ocrx_word' id='word_1_1' title='bbox 639 393 824 459; x_wconf 69' lang='lat'>1646</span> <span class='ocrx_word' id='word_1_2' title='bbox 1335 408 1552 457; x_wconf 69' lang='lat' dir='ltr'>Nom</span> 
     </span>
    </p>
   </div>
   <div class='ocr_carea' id='block_1_2' title="bbox 587 552 1702 1821">
    <p class='ocr_par' dir='ltr' id='par_1_2' title="bbox 587 552 1702 1821">
     <span class='ocr_line' id='line_1_2' title="bbox 662 552 1698 615; baseline -0.002 -12"><span class='ocrx_word' id='word_1_3' title='bbox 662 570 668 580; x_wconf 87' lang='lat'>·</span> <span class='ocrx_word' id='word_1_4' title='bbox 714 552 846 609; x_wconf 73' lang='lat' dir='ltr'>Quid</span> <span class='ocrx_word' id='word_1_5' title='bbox 871 553 960 615; x_wconf 73' lang='lat' dir='ltr'>eis,</span> <span class='ocrx_word' id='word_1_6' title='bbox 995 552 1090 603; x_wconf 72' lang='lat' dir='ltr'>nisi</span> <span class='ocrx_word' id='word_1_7' title='bbox 1125 559 1178 603; x_wconf 75' lang='lat' dir='ltr'>ut</span> <span class='ocrx_word' id='word_1_8' title='bbox 1209 556 1396 601; x_wconf 75' lang='lat' dir='ltr'>maneat</span> <span class='ocrx_word' id='word_1_9' title='bbox 1436 552 1698 615; x_wconf 69' lang='lat' dir='ltr'>Phanium]</span> 
     </span>
     <span class='ocr_line' id='line_1_3' title="bbox 647 627 1702 692; baseline -0.001 -14"><span class='ocrx_word' id='word_1_10' title='bbox 647 628 766 679; x_wconf 78' lang='lat' dir='ltr'>Tria</span> <span class='ocrx_word' id='word_1_11' title='bbox 791 628 1062 691; x_wconf 84' lang='lat' dir='ltr'>promittit,</span> <span class='ocrx_word' id='word_1_12' title='bbox 1084 627 1135 676; x_wconf 90' lang='lat' dir='ltr'>in</span> <span class='ocrx_word' id='word_1_13' title='bbox 1159 628 1342 692; x_wconf 84' lang='lat' dir='ltr'>quibus</span> <span class='ocrx_word' id='word_1_14' title='bbox 1364 627 1526 675; x_wconf 87' lang='lat' dir='ltr'>omnis</span> <span class='ocrx_word' id='word_1_15' title='bbox 1546 642 1702 677; x_wconf 83' lang='lat' dir='ltr'>causa</span> 
     </span>
     <span class='ocr_line' id='line_1_4' title="bbox 645 702 1571 771; baseline -0.003 -17"><span class='ocrx_word' id='word_1_16' title='bbox 645 702 959 771; x_wconf 81' lang='lat' dir='ltr'>Antiphonis</span> <span class='ocrx_word' id='word_1_17' title='bbox 979 709 1066 751; x_wconf 86' lang='lat' dir='ltr'>est</span> <span class='ocrx_word' id='word_1_18' title='bbox 1081 702 1380 753; x_wconf 86' lang='lat' dir='ltr'>constituta.</span> <span class='ocrx_word' id='word_1_19' title='bbox 1421 702 1571 752; x_wconf 73' lang='lat' dir='ltr'>Idem.</span> 
     </span>
     <span class='ocr_line' id='line_1_5' title="bbox 639 778 1699 845; baseline -0.004 -14"><span class='ocrx_word' id='word_1_20' title='bbox 639 815 648 823; x_wconf 88' lang='lat'>-</span> <span class='ocrx_word' id='word_1_21' title='bbox 707 781 868 845; x_wconf 74' lang='lat' dir='ltr'>Atque</span> <span class='ocrx_word' id='word_1_22' title='bbox 885 795 949 830; x_wconf 77' lang='lat' dir='ltr'>ex</span> <span class='ocrx_word' id='word_1_23' title='bbox 967 780 1162 829; x_wconf 72' lang='lat' dir='ltr'>crimine</span> <span class='ocrx_word' id='word_1_24' title='bbox 1184 780 1291 843; x_wconf 73' lang='lat' dir='ltr'>hoc]</span> <span class='ocrx_word' id='word_1_25' title='bbox 1332 779 1420 829; x_wconf 88' lang='lat' dir='ltr'>Sic</span> <span class='ocrx_word' id='word_1_26' title='bbox 1442 778 1593 841; x_wconf 81' lang='lat' dir='ltr'>dixit,</span> <span class='ocrx_word' id='word_1_27' title='bbox 1616 780 1699 828; x_wconf 86' lang='lat' dir='ltr'>Ex</span> 
     </span>
     <span class='ocr_line' id='line_1_6' title="bbox 639 854 1699 920; baseline -0.003 -13"><span class='ocrx_word' id='word_1_28' title='bbox 639 856 856 907; x_wconf 84' lang='lat' dir='ltr'>crimine</span> <span class='ocrx_word' id='word_1_29' title='bbox 896 856 1130 920; x_wconf 78' lang='lat' dir='ltr'>eripiam,</span> <span class='ocrx_word' id='word_1_30' title='bbox 1169 854 1317 919; x_wconf 82' lang='lat' dir='ltr'>qussi</span> <span class='ocrx_word' id='word_1_31' title='bbox 1349 869 1416 904; x_wconf 84' lang='lat' dir='ltr'>ex</span> <span class='ocrx_word' id='word_1_32' title='bbox 1443 854 1699 904; x_wconf 88' lang='lat' dir='ltr'>incendio.</span> 
     </span>
     <span class='ocr_line' id='line_1_7' title="bbox 646 932 1697 996; baseline -0.004 -13"><span class='ocrx_word' id='word_1_33' title='bbox 646 932 948 994; x_wconf 76' lang='lat' dir='ltr'><strong>Considera,</strong></span> <span class='ocrx_word' id='word_1_34' title='bbox 993 932 1147 981; x_wconf 85' lang='lat' dir='ltr'>trium</span> <span class='ocrx_word' id='word_1_35' title='bbox 1189 945 1376 992; x_wconf 87' lang='lat' dir='ltr'>rernm,</span> <span class='ocrx_word' id='word_1_36' title='bbox 1410 945 1535 996; x_wconf 81' lang='lat' dir='ltr'>quas</span> <span class='ocrx_word' id='word_1_37' title='bbox 1582 946 1697 993; x_wconf 90' lang='lat' dir='ltr'>pro·</span> 
     </span>
     <span class='ocr_line' id='line_1_8' title="bbox 633 1008 1695 1073; baseline -0.002 -14"><span class='ocrx_word' id='word_1_38' title='bbox 633 1010 831 1070; x_wconf 66' lang='lat' dir='ltr'>,mittit,·⁴</span> <span class='ocrx_word' id='word_1_39' title='bbox 852 1008 1039 1073; x_wconf 76' lang='lat' dir='ltr'>gradus</span> <span class='ocrx_word' id='word_1_40' title='bbox 1065 1023 1158 1073; x_wconf 88' lang='lat' dir='ltr'>per</span> <span class='ocrx_word' id='word_1_41' title='bbox 1179 1008 1370 1069; x_wconf 70' lang='grc' dir='ltr'><strong>αὔξησιν</strong></span> <span class='ocrx_word' id='word_1_42' title='bbox 1385 1020 1499 1057; x_wconf 82' lang='lat' dir='ltr'>esse</span> <span class='ocrx_word' id='word_1_43' title='bbox 1520 1020 1695 1057; x_wconf 85' lang='lat' dir='ltr'>serva-</span> 
     </span>
     <span class='ocr_line' id='line_1_9' title="bbox 642 1087 928 1137; baseline -0.011 0"><span class='ocrx_word' id='word_1_44' title='bbox 642 1094 743 1137; x_wconf 85' lang='lat' dir='ltr'>tos.</span> <span class='ocrx_word' id='word_1_45' title='bbox 778 1087 928 1135; x_wconf 78' lang='lat' dir='ltr'>Idem.</span> 
     </span>
     <span class='ocr_line' id='line_1_10' title="bbox 706 1158 1695 1223; baseline -0.005 -12"><span class='ocrx_word' id='word_1_46' title='bbox 706 1160 964 1223; x_wconf 68' lang='lat' dir='ltr'>Phanium]</span> <span class='ocrx_word' id='word_1_47' title='bbox 1018 1160 1246 1209; x_wconf 83' lang='lat' dir='ltr'>Uxorem</span> <span class='ocrx_word' id='word_1_48' title='bbox 1299 1158 1501 1209; x_wconf 86' lang='lat' dir='ltr'>scilicet</span> <span class='ocrx_word' id='word_1_49' title='bbox 1544 1158 1695 1208; x_wconf 88' lang='lat' dir='ltr'>Anti-</span> 
     </span>
     <span class='ocr_line' id='line_1_11' title="bbox 629 1236 1032 1301; baseline -0.003 -15"><span class='ocrx_word' id='word_1_50' title='bbox 629 1238 844 1301; x_wconf 85' lang='lat' dir='ltr'>·pbonis.</span> <span class='ocrx_word' id='word_1_51' title='bbox 883 1236 1032 1285; x_wconf 77' lang='lat' dir='ltr'>Idem.</span> 
     </span>
     <span class='ocr_line' id='line_1_12' title="bbox 625 1309 1691 1376; baseline -0.005 -13"><span class='ocrx_word' id='word_1_52' title='bbox 625 1344 640 1353; x_wconf 85' lang='lat'><strong>·</strong></span> <span class='ocrx_word' id='word_1_53' title='bbox 704 1318 736 1362; x_wconf 84' lang='lat'>9</span> <span class='ocrx_word' id='word_1_54' title='bbox 767 1312 1083 1376; x_wconf 73' lang='lat' dir='ltr'><strong><em>Antiphonem</em></strong></span> <span class='ocrx_word' id='word_1_55' title='bbox 1104 1309 1324 1375; x_wconf 73' lang='lat' dir='ltr'>eripiam]</span> <span class='ocrx_word' id='word_1_56' title='bbox 1378 1310 1526 1359; x_wconf 89' lang='lat' dir='ltr'>Bene</span> <span class='ocrx_word' id='word_1_57' title='bbox 1548 1309 1691 1373; x_wconf 75' lang='lat' dir='ltr'>eripi-</span> 
     </span>
     <span class='ocr_line' id='line_1_13' title="bbox 635 1385 1692 1451; baseline -0.005 -13"><span class='ocrx_word' id='word_1_58' title='bbox 635 1406 714 1438; x_wconf 79' lang='lat' dir='ltr'>am</span> <span class='ocrx_word' id='word_1_59' title='bbox 735 1388 903 1441; x_wconf 84' lang='lat' dir='ltr'>dixit:</span> <span class='ocrx_word' id='word_1_60' title='bbox 927 1402 1027 1451; x_wconf 86' lang='lat' dir='ltr'>quo</span> <span class='ocrx_word' id='word_1_61' title='bbox 1049 1388 1148 1437; x_wconf 87' lang='lat' dir='ltr'>vim</span> <span class='ocrx_word' id='word_1_62' title='bbox 1171 1385 1429 1451; x_wconf 80' lang='lat' dir='ltr'>significat</span> <span class='ocrx_word' id='word_1_63' title='bbox 1452 1386 1577 1447; x_wconf 88' lang='lat' dir='ltr'>doli,</span> <span class='ocrx_word' id='word_1_64' title='bbox 1595 1400 1692 1447; x_wconf 83' lang='lat' dir='ltr'>pro</span> 
     </span>
     <span class='ocr_line' id='line_1_14' title="bbox 629 1463 1691 1529; baseline -0.003 -16"><span class='ocrx_word' id='word_1_65' title='bbox 629 1480 700 1513; x_wconf 80' lang='lat' dir='ltr'>eo</span> <span class='ocrx_word' id='word_1_66' title='bbox 723 1464 810 1529; x_wconf 88' lang='lat' dir='ltr'>qui</span> <span class='ocrx_word' id='word_1_67' title='bbox 835 1464 948 1528; x_wconf 80' lang='lat' dir='ltr'>jam</span> <span class='ocrx_word' id='word_1_68' title='bbox 968 1470 1211 1513; x_wconf 85' lang='lat' dir='ltr'>teneatur</span> <span class='ocrx_word' id='word_1_69' title='bbox 1231 1477 1521 1527; x_wconf 81' lang='lat' dir='ltr'>oppressus.</span> <span class='ocrx_word' id='word_1_70' title='bbox 1573 1463 1691 1511; x_wconf 88' lang='lat' dir='ltr'>Vir·</span> 
     </span>
     <span class='ocr_line' id='line_1_15' title="bbox 636 1537 1693 1603; baseline -0.002 -14"><span class='ocrx_word' id='word_1_71' title='bbox 636 1541 809 1603; x_wconf 75' lang='lat' dir='ltr'>gilius,</span> <span class='ocrx_word' id='word_1_72' title='bbox 853 1542 867 1568; x_wconf 90' lang='lat'>‘</span> <span class='ocrx_word' id='word_1_73' title='bbox 892 1539 1042 1589; x_wconf 87' lang='lat' dir='ltr'>Tune</span> <span class='ocrx_word' id='word_1_74' title='bbox 1090 1539 1210 1588; x_wconf 87' lang='lat' dir='ltr'>hinc</span> <span class='ocrx_word' id='word_1_75' title='bbox 1255 1538 1450 1601; x_wconf 85' lang='lat' dir='ltr'>spoliis,</span> <span class='ocrx_word' id='word_1_76' title='bbox 1493 1537 1693 1601; x_wconf 87' lang='lat' dir='ltr'>indute,</span> 
     </span>
     <span class='ocr_line' id='line_1_16' title="bbox 635 1615 1607 1680; baseline -0.002 -13"><span class='ocrx_word' id='word_1_77' title='bbox 635 1632 864 1667; x_wconf 83' lang='lat' dir='ltr'>meorum</span> <span class='ocrx_word' id='word_1_78' title='bbox 887 1617 1126 1680; x_wconf 84' lang='lat' dir='ltr'>Eripiare</span> <span class='ocrx_word' id='word_1_79' title='bbox 1143 1615 1303 1672; x_wconf 84' lang='lat' dir='ltr'>mibi,&#39;</span> <span class='ocrx_word' id='word_1_80' title='bbox 1320 1619 1418 1665; x_wconf 72' lang='grc' dir='ltr'>ὅτε.</span> <span class='ocrx_word' id='word_1_81' title='bbox 1456 1616 1607 1665; x_wconf 80' lang='lat' dir='ltr'>Idem.</span> 
     </span>
     <span class='ocr_line' id='line_1_17' title="bbox 700 1690 1692 1753; baseline -0.004 -10"><span class='ocrx_word' id='word_1_82' title='bbox 700 1695 847 1743; x_wconf 79' lang='lat' dir='ltr'>Inme</span> <span class='ocrx_word' id='word_1_83' title='bbox 862 1709 1041 1743; x_wconf 74' lang='lat' dir='ltr'>omnem</span> <span class='ocrx_word' id='word_1_84' title='bbox 1055 1692 1178 1742; x_wconf 73' lang='lat' dir='ltr'>irum</span> <span class='ocrx_word' id='word_1_85' title='bbox 1193 1692 1400 1741; x_wconf 75' lang='lat' dir='ltr'><strong><em>derivem</em></strong></span> <span class='ocrx_word' id='word_1_86' title='bbox 1413 1690 1562 1753; x_wconf 76' lang='lat' dir='ltr'>senis]</span> <span class='ocrx_word' id='word_1_87' title='bbox 1585 1692 1692 1741; x_wconf 83' lang='lat' dir='ltr'>De·</span> 
     </span>
     <span class='ocr_line' id='line_1_18' title="bbox 587 1768 1689 1821; baseline -0.005 -1"><span class='ocrx_word' id='word_1_88' title='bbox 587 1768 596 1779; x_wconf 94' lang='lat'><strong><em>‘</em></strong></span> <span class='ocrx_word' id='word_1_89' title='bbox 631 1771 807 1821; x_wconf 56' lang='lat' dir='ltr'>dontio</span> <span class='ocrx_word' id='word_1_90' title='bbox 826 1770 1019 1821; x_wconf 85' lang='lat' dir='ltr'>dicitur</span> <span class='ocrx_word' id='word_1_91' title='bbox 1037 1768 1247 1819; x_wconf 86' lang='lat' dir='ltr'>inflexio</span> <span class='ocrx_word' id='word_1_92' title='bbox 1277 1768 1504 1820; x_wconf 73' lang='lat' dir='ltr'>criminis</span> <span class='ocrx_word' id='word_1_93' title='bbox 1537 1768 1603 1815; x_wconf 88' lang='lat' dir='ltr'>ab</span> <span class='ocrx_word' id='word_1_94' title='bbox 1625 1781 1689 1817; x_wconf 90' lang='lat' dir='ltr'>eo</span> 
     </span>
    </p>
   </div>
   <div class='ocr_carea' id='block_1_3' title="bbox 632 1842 1769 1909">
    <p class='ocr_par' dir='ltr' id='par_1_3' title="bbox 632 1842 1769 1909">
     <span class='ocr_line' id='line_1_19' title="bbox 632 1842 1769 1909; baseline -0.004 -16"><span class='ocrx_word' id='word_1_95' title='bbox 632 1846 698 1893; x_wconf 84' lang='lat' dir='ltr'>ad</span> <span class='ocrx_word' id='word_1_96' title='bbox 725 1860 875 1909; x_wconf 87' lang='lat' dir='ltr'>quem</span> <span class='ocrx_word' id='word_1_97' title='bbox 899 1843 1214 1907; x_wconf 80' lang='lat' dir='ltr'><strong>pertinebat,</strong></span> <span class='ocrx_word' id='word_1_98' title='bbox 1232 1844 1298 1893; x_wconf 89' lang='lat' dir='ltr'>ad</span> <span class='ocrx_word' id='word_1_99' title='bbox 1319 1856 1433 1894; x_wconf 84' lang='lat' dir='ltr'>eum</span> <span class='ocrx_word' id='word_1_100' title='bbox 1453 1842 1515 1891; x_wconf 81' lang='lat' dir='ltr'>ad</span> <span class='ocrx_word' id='word_1_101' title='bbox 1535 1856 1687 1906; x_wconf 83' lang='lat' dir='ltr'>quem</span> <span class='ocrx_word' id='word_1_102' title='bbox 1756 1892 1769 1899; x_wconf 58' lang='lat'>‚</span> 
     </span>
    </p>
   </div>
   <div class='ocr_carea' id='block_1_4' title="bbox 589 1920 1689 4340">
    <p class='ocr_par' dir='ltr' id='par_1_4' title="bbox 633 1920 1193 1985">
     <span class='ocr_line' id='line_1_20' title="bbox 633 1920 1193 1985; baseline 0 -16"><span class='ocrx_word' id='word_1_103' title='bbox 633 1934 736 1971; x_wconf 87' lang='lat' dir='ltr'>non</span> <span class='ocrx_word' id='word_1_104' title='bbox 761 1921 1006 1985; x_wconf 74' lang='lat' dir='ltr'>pertinet.</span> <span class='ocrx_word' id='word_1_105' title='bbox 1039 1920 1193 1969; x_wconf 80' lang='lat' dir='ltr'>Idem.</span> 
     </span>
    </p>

    <p class='ocr_par' dir='ltr' id='par_1_5' title="bbox 615 1992 1689 2426">
     <span class='ocr_line' id='line_1_21' title="bbox 637 1992 1687 2057; baseline -0.006 -10"><span class='ocrx_word' id='word_1_106' title='bbox 637 2020 642 2024; x_wconf 94' lang='lat'>·</span> <span class='ocrx_word' id='word_1_107' title='bbox 701 2000 763 2048; x_wconf 85' lang='lat'>10</span> <span class='ocrx_word' id='word_1_108' title='bbox 799 1999 846 2045; x_wconf 93' lang='grc'>0</span> <span class='ocrx_word' id='word_1_109' title='bbox 867 1997 945 2045; x_wconf 77' lang='lat' dir='ltr'>vir</span> <span class='ocrx_word' id='word_1_110' title='bbox 963 1994 1117 2056; x_wconf 77' lang='lat' dir='ltr'>fortis</span> <span class='ocrx_word' id='word_1_111' title='bbox 1137 2000 1276 2057; x_wconf 77' lang='lat' dir='ltr'>atque</span> <span class='ocrx_word' id='word_1_112' title='bbox 1296 1993 1494 2056; x_wconf 81' lang='lat' dir='ltr'>amicus]</span> <span class='ocrx_word' id='word_1_113' title='bbox 1530 1992 1687 2042; x_wconf 86' lang='lat' dir='ltr'>Ordi-</span> 
     </span>
     <span class='ocr_line' id='line_1_22' title="bbox 632 2071 1689 2135; baseline -0.006 -12"><span class='ocrx_word' id='word_1_114' title='bbox 632 2088 698 2123; x_wconf 91' lang='lat' dir='ltr'>ne</span> <span class='ocrx_word' id='word_1_115' title='bbox 739 2073 986 2123; x_wconf 82' lang='lat' dir='ltr'>laudavit.</span> <span class='ocrx_word' id='word_1_116' title='bbox 1032 2074 1147 2135; x_wconf 87' lang='lat' dir='ltr'>plus</span> <span class='ocrx_word' id='word_1_117' title='bbox 1192 2078 1272 2121; x_wconf 89' lang='lat' dir='ltr'>est</span> <span class='ocrx_word' id='word_1_118' title='bbox 1316 2071 1448 2119; x_wconf 77' lang='lat' dir='ltr'>enim</span> <span class='ocrx_word' id='word_1_119' title='bbox 1491 2071 1689 2131; x_wconf 78' lang='lat' dir='ltr'>amicus,</span> 
     </span>
     <span class='ocr_line' id='line_1_23' title="bbox 621 2144 1685 2215; baseline -0.006 -16"><span class='ocrx_word' id='word_1_120' title='bbox 621 2156 782 2215; x_wconf 74' lang='lat' dir='ltr'>anam</span> <span class='ocrx_word' id='word_1_121' title='bbox 817 2150 896 2199; x_wconf 77' lang='lat' dir='ltr'>vir</span> <span class='ocrx_word' id='word_1_122' title='bbox 915 2148 1086 2209; x_wconf 74' lang='lat' dir='ltr'>sortis.</span> <span class='ocrx_word' id='word_1_123' title='bbox 1155 2148 1226 2195; x_wconf 86' lang='lat' dir='ltr'>Et</span> <span class='ocrx_word' id='word_1_124' title='bbox 1249 2153 1483 2210; x_wconf 84' lang='lat' dir='ltr'>apparet,</span> <span class='ocrx_word' id='word_1_125' title='bbox 1504 2144 1685 2195; x_wconf 81' lang='lat' dir='ltr'>adver·</span> 
     </span>
     <span class='ocr_line' id='line_1_24' title="bbox 628 2222 1684 2285; baseline -0.003 -10"><span class='ocrx_word' id='word_1_126' title='bbox 628 2243 740 2276; x_wconf 84' lang='lat' dir='ltr'>sum</span> <span class='ocrx_word' id='word_1_127' title='bbox 763 2228 952 2276; x_wconf 80' lang='lat' dir='ltr'>Getam</span> <span class='ocrx_word' id='word_1_128' title='bbox 973 2225 1320 2273; x_wconf 73' lang='lat' dir='ltr'><strong>exclamasse:</strong></span> <span class='ocrx_word' id='word_1_129' title='bbox 1357 2223 1492 2285; x_wconf 89' lang='lat' dir='ltr'>quod</span> <span class='ocrx_word' id='word_1_130' title='bbox 1529 2222 1684 2285; x_wconf 73' lang='lat' dir='ltr'>majo-</span> 
     </span>
     <span class='ocr_line' id='line_1_25' title="bbox 615 2297 1685 2363; baseline -0.004 -12"><span class='ocrx_word' id='word_1_131' title='bbox 615 2315 739 2351; x_wconf 88' lang='lat' dir='ltr'>-rem</span> <span class='ocrx_word' id='word_1_132' title='bbox 765 2302 864 2351; x_wconf 84' lang='lat' dir='ltr'>vim</span> <span class='ocrx_word' id='word_1_133' title='bbox 899 2300 1074 2361; x_wconf 82' lang='lat' dir='ltr'>babet,</span> <span class='ocrx_word' id='word_1_134' title='bbox 1103 2312 1258 2363; x_wconf 83' lang='lat' dir='ltr'>quam</span> <span class='ocrx_word' id='word_1_135' title='bbox 1279 2298 1322 2347; x_wconf 85' lang='lat' dir='ltr'>si</span> <span class='ocrx_word' id='word_1_136' title='bbox 1355 2298 1502 2347; x_wconf 75' lang='lat' dir='ltr'>amice</span> <span class='ocrx_word' id='word_1_137' title='bbox 1524 2297 1685 2347; x_wconf 81' lang='lat' dir='ltr'>dixis-</span> 
     </span>
     <span class='ocr_line' id='line_1_26' title="bbox 627 2375 912 2426; baseline 0 -1"><span class='ocrx_word' id='word_1_138' title='bbox 627 2382 726 2426; x_wconf 84' lang='lat' dir='ltr'>set.</span> <span class='ocrx_word' id='word_1_139' title='bbox 763 2375 912 2426; x_wconf 72' lang='lat' dir='ltr'>Idem.</span> 
     </span>
    </p>

    <p class='ocr_par' dir='ltr' id='par_1_6' title="bbox 627 2448 1683 2592">
     <span class='ocr_line' id='line_1_27' title="bbox 639 2448 1683 2515; baseline -0.001 -14"><span class='ocrx_word' id='word_1_140' title='bbox 639 2472 644 2481; x_wconf 87' lang='lat'>·</span> <span class='ocrx_word' id='word_1_141' title='bbox 697 2452 1015 2514; x_wconf 69' lang='lat' dir='ltr'>onii-fortis,</span> <span class='ocrx_word' id='word_1_142' title='bbox 1036 2457 1176 2515; x_wconf 79' lang='lat' dir='ltr'>atque</span> <span class='ocrx_word' id='word_1_143' title='bbox 1194 2448 1395 2513; x_wconf 78' lang='lat' dir='ltr'>amicus]</span> <span class='ocrx_word' id='word_1_144' title='bbox 1437 2448 1683 2500; x_wconf 80' lang='lat' dir='ltr'>Nomina·</span> 
     </span>
     <span class='ocr_line' id='line_1_28' title="bbox 627 2525 1578 2592; baseline -0.004 -14"><span class='ocrx_word' id='word_1_145' title='bbox 627 2528 788 2580; x_wconf 78' lang='lat' dir='ltr'>tivum</span> <span class='ocrx_word' id='word_1_146' title='bbox 813 2542 908 2592; x_wconf 91' lang='lat' dir='ltr'>pro</span> <span class='ocrx_word' id='word_1_147' title='bbox 929 2527 1183 2576; x_wconf 76' lang='lat' dir='ltr'>vocativo</span> <span class='ocrx_word' id='word_1_148' title='bbox 1204 2525 1394 2591; x_wconf 86' lang='lat' dir='ltr'>posuit.</span> <span class='ocrx_word' id='word_1_149' title='bbox 1427 2526 1578 2580; x_wconf 72' lang='lat' dir='ltr'>Idem.</span> 
     </span>
    </p>

    <p class='ocr_par' dir='ltr' id='par_1_7' title="bbox 610 2601 1683 2820">
     <span class='ocr_line' id='line_1_29' title="bbox 701 2601 1683 2666; baseline -0.004 -12"><span class='ocrx_word' id='word_1_150' title='bbox 701 2604 876 2654; x_wconf 75' lang='lat' dir='ltr'>Verum</span> <span class='ocrx_word' id='word_1_151' title='bbox 915 2604 998 2652; x_wconf 78' lang='lat' dir='ltr'>hoc</span> <span class='ocrx_word' id='word_1_152' title='bbox 1051 2616 1175 2666; x_wconf 81' lang='lat' dir='ltr'>soepe</span> <span class='ocrx_word' id='word_1_153' title='bbox 1217 2601 1466 2664; x_wconf 73' lang='lat' dir='ltr'>Phormio]</span> <span class='ocrx_word' id='word_1_154' title='bbox 1536 2602 1683 2650; x_wconf 88' lang='lat' dir='ltr'>Bene</span> 
     </span>
     <span class='ocr_line' id='line_1_30' title="bbox 611 2676 1682 2742; baseline -0.006 -10"><span class='ocrx_word' id='word_1_155' title='bbox 611 2693 746 2742; x_wconf 66' lang='grc' dir='ltr'><strong>,σιεγε</strong></span> <span class='ocrx_word' id='word_1_156' title='bbox 783 2678 1000 2736; x_wconf 83' lang='lat' dir='ltr'>addidit,</span> <span class='ocrx_word' id='word_1_157' title='bbox 1039 2686 1099 2728; x_wconf 85' lang='lat' dir='ltr'>ut</span> <span class='ocrx_word' id='word_1_158' title='bbox 1139 2677 1446 2727; x_wconf 81' lang='lat' dir='ltr'>sententiam</span> <span class='ocrx_word' id='word_1_159' title='bbox 1477 2676 1682 2728; x_wconf 84' lang='lat' dir='ltr'>faceret</span> 
     </span>
     <span class='ocr_line' id='line_1_31' title="bbox 610 2754 1292 2820; baseline -0.003 -16"><span class='ocrx_word' id='word_1_160' title='bbox 610 2754 690 2806; x_wconf 74' lang='lat' dir='ltr'>-de</span> <span class='ocrx_word' id='word_1_161' title='bbox 713 2754 926 2820; x_wconf 85' lang='lat' dir='ltr'>speciali</span> <span class='ocrx_word' id='word_1_162' title='bbox 948 2755 1106 2805; x_wconf 87' lang='lat' dir='ltr'>dicto.</span> <span class='ocrx_word' id='word_1_163' title='bbox 1142 2754 1292 2803; x_wconf 79' lang='lat' dir='ltr'>Idem.</span> 
     </span>
    </p>

    <p class='ocr_par' dir='ltr' id='par_1_8' title="bbox 603 2831 1681 3280">
     <span class='ocr_line' id='line_1_32' title="bbox 689 2831 1680 2892; baseline -0.001 -10"><span class='ocrx_word' id='word_1_164' title='bbox 689 2836 749 2882; x_wconf 89' lang='lat'>11</span> <span class='ocrx_word' id='word_1_165' title='bbox 792 2832 965 2882; x_wconf 80' lang='lat' dir='ltr'>Vereor</span> <span class='ocrx_word' id='word_1_166' title='bbox 995 2845 1056 2879; x_wconf 79' lang='lat' dir='ltr'>ne</span> <span class='ocrx_word' id='word_1_167' title='bbox 1087 2831 1222 2880; x_wconf 74' lang='lat' dir='ltr'>istac</span> <span class='ocrx_word' id='word_1_168' title='bbox 1239 2831 1480 2892; x_wconf 71' lang='lat' dir='ltr'>fortitudo</span> <span class='ocrx_word' id='word_1_169' title='bbox 1499 2831 1552 2880; x_wconf 75' lang='lat' dir='ltr'>ia</span> <span class='ocrx_word' id='word_1_170' title='bbox 1573 2847 1680 2882; x_wconf 80' lang='lat' dir='ltr'>ner·</span> 
     </span>
     <span class='ocr_line' id='line_1_33' title="bbox 622 2906 1681 2972; baseline -0.003 -13"><span class='ocrx_word' id='word_1_171' title='bbox 622 2925 733 2959; x_wconf 73' lang='lat' dir='ltr'>omn</span> <span class='ocrx_word' id='word_1_172' title='bbox 753 2914 964 2972; x_wconf 77' lang='lat' dir='ltr'>erumpat</span> <span class='ocrx_word' id='word_1_173' title='bbox 988 2906 1208 2971; x_wconf 69' lang='lat' dir='ltr'>denique]</span> <span class='ocrx_word' id='word_1_174' title='bbox 1252 2908 1390 2959; x_wconf 83' lang='lat' dir='ltr'><strong>Quid</strong></span> <span class='ocrx_word' id='word_1_175' title='bbox 1416 2914 1494 2956; x_wconf 82' lang='lat' dir='ltr'>est</span> <span class='ocrx_word' id='word_1_176' title='bbox 1515 2909 1681 2956; x_wconf 72' lang='lat' dir='ltr'>istac?</span> 
     </span>
     <span class='ocr_line' id='line_1_34' title="bbox 619 2985 1681 3036; baseline -0.002 0"><span class='ocrx_word' id='word_1_177' title='bbox 619 2987 831 3036; x_wconf 79' lang='lat' dir='ltr'>nimium</span> <span class='ocrx_word' id='word_1_178' title='bbox 853 2985 1020 3036; x_wconf 83' lang='lat' dir='ltr'>audax</span> <span class='ocrx_word' id='word_1_179' title='bbox 1053 2985 1274 3034; x_wconf 88' lang='lat' dir='ltr'>scilicet.</span> <span class='ocrx_word' id='word_1_180' title='bbox 1341 2985 1412 3034; x_wconf 90' lang='lat' dir='ltr'>Et</span> <span class='ocrx_word' id='word_1_181' title='bbox 1433 2985 1681 3035; x_wconf 87' lang='lat' dir='ltr'>convenit</span> 
     </span>
     <span class='ocr_line' id='line_1_35' title="bbox 619 3061 1678 3128; baseline -0.006 -14"><span class='ocrx_word' id='word_1_182' title='bbox 619 3064 716 3114; x_wconf 87' lang='lat' dir='ltr'>boc</span> <span class='ocrx_word' id='word_1_183' title='bbox 738 3064 931 3113; x_wconf 86' lang='lat' dir='ltr'>dictum</span> <span class='ocrx_word' id='word_1_184' title='bbox 955 3063 1142 3128; x_wconf 77' lang='lat' dir='ltr'>Getae3</span> <span class='ocrx_word' id='word_1_185' title='bbox 1172 3061 1262 3126; x_wconf 85' lang='lat' dir='ltr'>qui</span> <span class='ocrx_word' id='word_1_186' title='bbox 1285 3068 1341 3110; x_wconf 89' lang='lat' dir='ltr'>et</span> <span class='ocrx_word' id='word_1_187' title='bbox 1361 3077 1514 3124; x_wconf 81' lang='lat' dir='ltr'>supra</span> <span class='ocrx_word' id='word_1_188' title='bbox 1536 3061 1678 3110; x_wconf 88' lang='lat' dir='ltr'>dixe-</span> 
     </span>
     <span class='ocr_line' id='line_1_36' title="bbox 603 3137 1679 3204; baseline -0.005 -14"><span class='ocrx_word' id='word_1_189' title='bbox 603 3147 720 3204; x_wconf 64' lang='lat' dir='ltr'>2rat,</span> <span class='ocrx_word' id='word_1_190' title='bbox 757 3141 852 3190; x_wconf 89' lang='lat' dir='ltr'>Est</span> <span class='ocrx_word' id='word_1_191' title='bbox 887 3139 1141 3204; x_wconf 72' lang='lat' dir='ltr'>parasitus</span> <span class='ocrx_word' id='word_1_192' title='bbox 1173 3139 1382 3202; x_wconf 86' lang='lat' dir='ltr'>quidam</span> <span class='ocrx_word' id='word_1_193' title='bbox 1417 3137 1679 3201; x_wconf 85' lang='lat' dir='ltr'>Phormio,</span> 
     </span>
     <span class='ocr_line' id='line_1_37' title="bbox 604 3213 1267 3280; baseline -0.003 -18"><span class='ocrx_word' id='word_1_194' title='bbox 604 3217 768 3280; x_wconf 68' lang='lat' dir='ltr'>„homo</span> <span class='ocrx_word' id='word_1_195' title='bbox 792 3213 1074 3265; x_wconf 80' lang='lat' dir='ltr'>confidens.</span> <span class='ocrx_word' id='word_1_196' title='bbox 1115 3214 1267 3264; x_wconf 82' lang='lat' dir='ltr'>Idem.</span> 
     </span>
    </p>

    <p class='ocr_par' dir='ltr' id='par_1_9' title="bbox 597 3287 1675 4264">
     <span class='ocr_line' id='line_1_38' title="bbox 692 3287 1675 3350; baseline -0.004 -10"><span class='ocrx_word' id='word_1_197' title='bbox 692 3291 868 3340; x_wconf 80' lang='lat' dir='ltr'>Verum</span> <span class='ocrx_word' id='word_1_198' title='bbox 887 3287 974 3335; x_wconf 76' lang='lat' dir='ltr'>hoc</span> <span class='ocrx_word' id='word_1_199' title='bbox 989 3301 1129 3350; x_wconf 72' lang='lat' dir='ltr'>sepe,</span> <span class='ocrx_word' id='word_1_200' title='bbox 1147 3287 1392 3348; x_wconf 72' lang='lat' dir='ltr'>Phormio,</span> <span class='ocrx_word' id='word_1_201' title='bbox 1417 3287 1675 3344; x_wconf 79' lang='lat' dir='ltr'>Vereor,ne</span> 
     </span>
     <span class='ocr_line' id='line_1_39' title="bbox 603 3363 1674 3426; baseline -0.003 -11"><span class='ocrx_word' id='word_1_202' title='bbox 603 3367 749 3415; x_wconf 57' lang='lat' dir='ltr'>ioeoec</span> <span class='ocrx_word' id='word_1_203' title='bbox 758 3364 1000 3424; x_wconf 71' lang='lat' dir='ltr'>fortitudo</span> <span class='ocrx_word' id='word_1_204' title='bbox 1019 3363 1071 3410; x_wconf 81' lang='lat' dir='ltr'>in</span> <span class='ocrx_word' id='word_1_205' title='bbox 1099 3377 1292 3416; x_wconf 74' lang='lat' dir='ltr'>nervum</span> <span class='ocrx_word' id='word_1_206' title='bbox 1321 3363 1556 3426; x_wconf 74' lang='lat' dir='ltr'>erumpat]</span> <span class='ocrx_word' id='word_1_207' title='bbox 1604 3365 1674 3414; x_wconf 86' lang='lat' dir='ltr'>Et</span> 
     </span>
     <span class='ocr_line' id='line_1_40' title="bbox 603 3438 1673 3503; baseline -0.002 -13"><span class='ocrx_word' id='word_1_208' title='bbox 603 3439 991 3491; x_wconf 86' lang='lat' dir='ltr'>-consuetudine</span> <span class='ocrx_word' id='word_1_209' title='bbox 1037 3440 1270 3488; x_wconf 80' lang='lat' dir='ltr'>Romana</span> <span class='ocrx_word' id='word_1_210' title='bbox 1311 3438 1476 3490; x_wconf 85' lang='lat' dir='ltr'>dixit:</span> <span class='ocrx_word' id='word_1_211' title='bbox 1549 3439 1673 3503; x_wconf 81' lang='lat' dir='ltr'>quia</span> 
     </span>
     <span class='ocr_line' id='line_1_41' title="bbox 617 3514 1673 3581; baseline -0.003 -13"><span class='ocrx_word' id='word_1_212' title='bbox 617 3523 757 3581; x_wconf 82' lang='lat' dir='ltr'>saep&#39;e</span> <span class='ocrx_word' id='word_1_213' title='bbox 793 3517 846 3566; x_wconf 87' lang='lat' dir='ltr'>in</span> <span class='ocrx_word' id='word_1_214' title='bbox 891 3529 1102 3564; x_wconf 85' lang='lat' dir='ltr'>nervum</span> <span class='ocrx_word' id='word_1_215' title='bbox 1137 3514 1563 3577; x_wconf 87' lang='lat' dir='ltr'>conjiciebantur,</span> <span class='ocrx_word' id='word_1_216' title='bbox 1606 3529 1673 3565; x_wconf 82' lang='lat' dir='ltr'>ex</span> 
     </span>
     <span class='ocr_line' id='line_1_42' title="bbox 615 3590 1669 3658; baseline -0.003 -16"><span class='ocrx_word' id='word_1_217' title='bbox 615 3595 788 3658; x_wconf 83' lang='lat' dir='ltr'>aliquo</span> <span class='ocrx_word' id='word_1_218' title='bbox 825 3590 1078 3643; x_wconf 83' lang='lat' dir='ltr'>maleficio</span> <span class='ocrx_word' id='word_1_219' title='bbox 1118 3591 1170 3638; x_wconf 89' lang='lat' dir='ltr'>in</span> <span class='ocrx_word' id='word_1_220' title='bbox 1208 3604 1470 3642; x_wconf 76' lang='lat' dir='ltr'><strong>carcerem</strong></span> <span class='ocrx_word' id='word_1_221' title='bbox 1511 3591 1669 3640; x_wconf 87' lang='lat' dir='ltr'>missi.</span> 
     </span>
     <span class='ocr_line' id='line_1_43' title="bbox 599 3664 1669 3730; baseline -0.005 -11"><span class='ocrx_word' id='word_1_222' title='bbox 599 3669 696 3720; x_wconf 84' lang='grc' dir='ltr'><strong>·Αιι</strong></span> <span class='ocrx_word' id='word_1_223' title='bbox 719 3665 966 3730; x_wconf 86' lang='lat' dir='ltr'>numquid</span> <span class='ocrx_word' id='word_1_224' title='bbox 986 3664 1312 3729; x_wconf 67' lang='lat' dir='ltr'>proverbium</span> <span class='ocrx_word' id='word_1_225' title='bbox 1335 3681 1366 3715; x_wconf 86' lang='lat' dir='ltr'>a</span> <span class='ocrx_word' id='word_1_226' title='bbox 1385 3665 1669 3728; x_wconf 82' lang='lat' dir='ltr'>sagittariis</span> 
     </span>
     <span class='ocr_line' id='line_1_44' title="bbox 597 3740 1666 3805; baseline -0.003 -11"><span class='ocrx_word' id='word_1_227' title='bbox 597 3752 790 3794; x_wconf 81' lang='lat' dir='ltr'>-natum</span> <span class='ocrx_word' id='word_1_228' title='bbox 820 3750 928 3801; x_wconf 83' lang='lat' dir='ltr'>est;</span> <span class='ocrx_word' id='word_1_229' title='bbox 988 3740 1122 3803; x_wconf 83' lang='lat' dir='ltr'>quod</span> <span class='ocrx_word' id='word_1_230' title='bbox 1164 3741 1516 3790; x_wconf 83' lang='lat' dir='ltr'>immoderatae</span> <span class='ocrx_word' id='word_1_231' title='bbox 1555 3744 1666 3805; x_wconf 89' lang='lat' dir='ltr'>ple-</span> 
     </span>
     <span class='ocr_line' id='line_1_45' title="bbox 599 3816 1666 3885; baseline 0.007 -25"><span class='ocrx_word' id='word_1_232' title='bbox 599 3834 828 3885; x_wconf 69' lang='lat' dir='ltr'>.5umque</span> <span class='ocrx_word' id='word_1_233' title='bbox 878 3818 1012 3866; x_wconf 86' lang='lat' dir='ltr'>vires</span> <span class='ocrx_word' id='word_1_234' title='bbox 1057 3816 1361 3866; x_wconf 87' lang='lat' dir='ltr'>adducendo</span> <span class='ocrx_word' id='word_1_235' title='bbox 1402 3832 1522 3866; x_wconf 84' lang='lat' dir='ltr'>arcu</span> <span class='ocrx_word' id='word_1_236' title='bbox 1561 3832 1666 3867; x_wconf 86' lang='lat' dir='ltr'>nou</span> 
     </span>
     <span class='ocr_line' id='line_1_46' title="bbox 611 3894 1668 3956; baseline -0.005 -8"><span class='ocrx_word' id='word_1_237' title='bbox 611 3900 768 3948; x_wconf 86' lang='lat' dir='ltr'>telum</span> <span class='ocrx_word' id='word_1_238' title='bbox 790 3895 1030 3954; x_wconf 82' lang='lat' dir='ltr'>incitent,</span> <span class='ocrx_word' id='word_1_239' title='bbox 1052 3894 1141 3942; x_wconf 88' lang='lat' dir='ltr'>sed</span> <span class='ocrx_word' id='word_1_240' title='bbox 1165 3908 1374 3942; x_wconf 83' lang='lat' dir='ltr'>nervum</span> <span class='ocrx_word' id='word_1_241' title='bbox 1393 3895 1668 3956; x_wconf 76' lang='lat' dir='ltr'>rumpant?</span> 
     </span>
     <span class='ocr_line' id='line_1_47' title="bbox 597 3967 1663 4036; baseline -0.007 -11"><span class='ocrx_word' id='word_1_242' title='bbox 597 3975 694 4024; x_wconf 84' lang='lat' dir='ltr'>·An</span> <span class='ocrx_word' id='word_1_243' title='bbox 718 3989 783 4025; x_wconf 84' lang='lat' dir='ltr'>ex</span> <span class='ocrx_word' id='word_1_244' title='bbox 817 3987 901 4036; x_wconf 89' lang='lat' dir='ltr'>eo,</span> <span class='ocrx_word' id='word_1_245' title='bbox 933 3970 1068 4036; x_wconf 89' lang='lat' dir='ltr'>quod</span> <span class='ocrx_word' id='word_1_246' title='bbox 1093 3984 1232 4033; x_wconf 83' lang='lat' dir='ltr'>saepe</span> <span class='ocrx_word' id='word_1_247' title='bbox 1255 3967 1439 4019; x_wconf 79' lang='lat' dir='ltr'>fortius</span> <span class='ocrx_word' id='word_1_248' title='bbox 1473 3969 1663 4019; x_wconf 82' lang='lat' dir='ltr'>serien-</span> 
     </span>
     <span class='ocr_line' id='line_1_48' title="bbox 609 4047 1663 4112; baseline -0.001 -14"><span class='ocrx_word' id='word_1_249' title='bbox 609 4057 708 4112; x_wconf 83' lang='lat' dir='ltr'>tes,</span> <span class='ocrx_word' id='word_1_250' title='bbox 749 4067 964 4102; x_wconf 81' lang='lat' dir='ltr'>nervum</span> <span class='ocrx_word' id='word_1_251' title='bbox 1017 4047 1116 4096; x_wconf 90' lang='lat' dir='ltr'>sibi</span> <span class='ocrx_word' id='word_1_252' title='bbox 1169 4047 1387 4110; x_wconf 79' lang='lat' dir='ltr'>aliquem</span> <span class='ocrx_word' id='word_1_253' title='bbox 1432 4047 1663 4097; x_wconf 83' lang='lat' dir='ltr'>laedant?</span> 
     </span>
     <span class='ocr_line' id='line_1_49' title="bbox 607 4122 1663 4188; baseline -0.004 -13"><span class='ocrx_word' id='word_1_254' title='bbox 607 4127 746 4188; x_wconf 85' lang='lat' dir='ltr'>Ergo</span> <span class='ocrx_word' id='word_1_255' title='bbox 784 4126 1090 4176; x_wconf 83' lang='lat' dir='ltr'>fortitudine</span> <span class='ocrx_word' id='word_1_256' title='bbox 1133 4122 1289 4173; x_wconf 85' lang='lat' dir='ltr'>nimia</span> <span class='ocrx_word' id='word_1_257' title='bbox 1330 4138 1469 4186; x_wconf 84' lang='lat' dir='ltr'>saepe</span> <span class='ocrx_word' id='word_1_258' title='bbox 1509 4124 1663 4186; x_wconf 73' lang='lat' dir='ltr'>vinci,</span> 
     </span>
     <span class='ocr_line' id='line_1_50' title="bbox 607 4199 1381 4264; baseline -0.005 -13"><span class='ocrx_word' id='word_1_259' title='bbox 607 4215 748 4263; x_wconf 81' lang='lat' dir='ltr'>saepe</span> <span class='ocrx_word' id='word_1_260' title='bbox 771 4203 940 4264; x_wconf 84' lang='lat' dir='ltr'>decipi</span> <span class='ocrx_word' id='word_1_261' title='bbox 963 4201 1197 4264; x_wconf 80' lang='lat' dir='ltr'>contigit.</span> <span class='ocrx_word' id='word_1_262' title='bbox 1232 4199 1381 4248; x_wconf 82' lang='lat' dir='ltr'>Idem.</span> 
     </span>
    </p>

    <p class='ocr_par' dir='ltr' id='par_1_10' title="bbox 589 4275 1660 4340">
     <span class='ocr_line' id='line_1_51' title="bbox 589 4275 1660 4340; baseline 0 -14"><span class='ocrx_word' id='word_1_263' title='bbox 589 4315 622 4326; x_wconf 81' lang='lat'>..</span> <span class='ocrx_word' id='word_1_264' title='bbox 671 4277 734 4326; x_wconf 80' lang='lat' dir='ltr'>In</span> <span class='ocrx_word' id='word_1_265' title='bbox 767 4292 962 4329; x_wconf 74' lang='lat' dir='ltr'>nervum</span> <span class='ocrx_word' id='word_1_266' title='bbox 999 4282 1212 4340; x_wconf 74' lang='lat' dir='ltr'>erumpat</span> <span class='ocrx_word' id='word_1_267' title='bbox 1245 4275 1467 4340; x_wconf 76' lang='lat' dir='ltr'>denique]</span> <span class='ocrx_word' id='word_1_268' title='bbox 1507 4276 1660 4326; x_wconf 78' lang='lat' dir='ltr'>Deni-</span> 
     </span>
    </p>
   </div>
   <div class='ocr_carea' id='block_1_5' title="bbox 1607 407 2129 459">
    <p class='ocr_par' dir='ltr' id='par_1_11' title="bbox 1607 407 2129 459">
     <span class='ocr_line' id='line_1_52' title="bbox 1607 407 2129 459; baseline 0.008 -6"><span class='ocrx_word' id='word_1_269' title='bbox 1607 407 2002 459; x_wconf 72' lang='lat' dir='ltr'>VARIORUM</span> <span class='ocrx_word' id='word_1_270' title='bbox 2051 409 2129 457; x_wconf 78' lang='lat' dir='ltr'>IN</span> 
     </span>
    </p>
   </div>
   <div class='ocr_carea' id='block_1_6' title="bbox 1754 550 2840 2673">
    <p class='ocr_par' dir='ltr' id='par_1_12' title="bbox 1773 550 2836 769">
     <span class='ocr_line' id='line_1_53' title="bbox 1773 550 2836 617; baseline -0.001 -15"><span class='ocrx_word' id='word_1_271' title='bbox 1773 568 1882 615; x_wconf 73' lang='lat' dir='ltr'>que,</span> <span class='ocrx_word' id='word_1_272' title='bbox 1906 552 2059 603; x_wconf 83' lang='lat' dir='ltr'>modo</span> <span class='ocrx_word' id='word_1_273' title='bbox 2091 550 2344 617; x_wconf 68' lang='grc' dir='ltr'><strong>παρέλκειν,</strong></span> <span class='ocrx_word' id='word_1_274' title='bbox 2374 550 2689 609; x_wconf 76' lang='lat' dir='ltr'>Terentiana</span> <span class='ocrx_word' id='word_1_275' title='bbox 2713 566 2836 603; x_wconf 87' lang='lat' dir='ltr'>con-</span> 
     </span>
     <span class='ocr_line' id='line_1_54' title="bbox 1775 626 2835 701; baseline 0.002 -25"><span class='ocrx_word' id='word_1_276' title='bbox 1775 630 2064 690; x_wconf 85' lang='lat' dir='ltr'>suetudine,</span> <span class='ocrx_word' id='word_1_277' title='bbox 2087 631 2173 693; x_wconf 88' lang='lat' dir='ltr'>qui</span> <span class='ocrx_word' id='word_1_278' title='bbox 2198 630 2327 677; x_wconf 85' lang='lat' dir='ltr'>hanc</span> <span class='ocrx_word' id='word_1_279' title='bbox 2353 626 2657 692; x_wconf 79' lang='lat' dir='ltr'>particulam</span> <span class='ocrx_word' id='word_1_280' title='bbox 2674 629 2733 701; x_wconf 36' lang='lat' dir='ltr'>,in</span> <span class='ocrx_word' id='word_1_281' title='bbox 2760 630 2835 678; x_wconf 89' lang='lat' dir='ltr'>ul-</span> 
     </span>
     <span class='ocr_line' id='line_1_55' title="bbox 1774 703 2556 769; baseline 0.003 -16"><span class='ocrx_word' id='word_1_282' title='bbox 1774 703 1899 753; x_wconf 85' lang='lat' dir='ltr'>tima</span> <span class='ocrx_word' id='word_1_283' title='bbox 1923 706 2069 769; x_wconf 92' lang='lat' dir='ltr'>ponit</span> <span class='ocrx_word' id='word_1_284' title='bbox 2092 705 2371 755; x_wconf 83' lang='lat' dir='ltr'>sententia.</span> <span class='ocrx_word' id='word_1_285' title='bbox 2404 704 2556 755; x_wconf 82' lang='lat' dir='ltr'>Idem.</span> 
     </span>
    </p>

    <p class='ocr_par' dir='ltr' id='par_1_13' title="bbox 1764 772 2840 1605">
     <span class='ocr_line' id='line_1_56' title="bbox 1846 772 2832 842; baseline 0.001 -12"><span class='ocrx_word' id='word_1_286' title='bbox 1846 781 2038 840; x_wconf 81' lang='lat' dir='ltr'>Vereor,</span> <span class='ocrx_word' id='word_1_287' title='bbox 2058 797 2117 831; x_wconf 79' lang='lat' dir='ltr'>ne</span> <span class='ocrx_word' id='word_1_288' title='bbox 2136 783 2268 833; x_wconf 71' lang='lat' dir='ltr'>istac</span> <span class='ocrx_word' id='word_1_289' title='bbox 2288 780 2535 842; x_wconf 77' lang='lat' dir='ltr'>fortitudo</span> <span class='ocrx_word' id='word_1_290' title='bbox 2561 782 2613 829; x_wconf 75' lang='lat' dir='ltr'>ia</span> <span class='ocrx_word' id='word_1_291' title='bbox 2626 772 2832 831; x_wconf 66' lang='lat' dir='ltr'>&#39;nervum</span> 
     </span>
     <span class='ocr_line' id='line_1_57' title="bbox 1771 857 2833 921; baseline 0.003 -17"><span class='ocrx_word' id='word_1_292' title='bbox 1771 857 2009 921; x_wconf 77' lang='lat' dir='ltr'>erumpat]</span> <span class='ocrx_word' id='word_1_293' title='bbox 2045 858 2279 921; x_wconf 84' lang='lat' dir='ltr'>Metaph.</span> <span class='ocrx_word' id='word_1_294' title='bbox 2308 872 2337 907; x_wconf 78' lang='lat' dir='ltr'>a</span> <span class='ocrx_word' id='word_1_295' title='bbox 2372 857 2672 921; x_wconf 82' lang='lat' dir='ltr'>sagittariis,</span> <span class='ocrx_word' id='word_1_296' title='bbox 2709 872 2833 920; x_wconf 83' lang='lat' dir='ltr'>quo-</span> 
     </span>
     <span class='ocr_line' id='line_1_58' title="bbox 1771 933 2830 984; baseline -0.002 0"><span class='ocrx_word' id='word_1_297' title='bbox 1771 946 1881 984; x_wconf 78' lang='lat' dir='ltr'>rum</span> <span class='ocrx_word' id='word_1_298' title='bbox 1906 948 2055 983; x_wconf 81' lang='lat' dir='ltr'>arcus</span> <span class='ocrx_word' id='word_1_299' title='bbox 2077 933 2367 983; x_wconf 73' lang='lat' dir='ltr'>intentione</span> <span class='ocrx_word' id='word_1_300' title='bbox 2399 934 2557 983; x_wconf 84' lang='lat' dir='ltr'>nimia</span> <span class='ocrx_word' id='word_1_301' title='bbox 2590 947 2681 981; x_wconf 85' lang='lat' dir='ltr'>seu</span> <span class='ocrx_word' id='word_1_302' title='bbox 2714 936 2830 982; x_wconf 65' lang='lat' dir='ltr'>neri-</span> 
     </span>
     <span class='ocr_line' id='line_1_59' title="bbox 1769 1010 2833 1073; baseline 0.004 -18"><span class='ocrx_word' id='word_1_303' title='bbox 1769 1022 1863 1057; x_wconf 77' lang='lat' dir='ltr'>vus</span> <span class='ocrx_word' id='word_1_304' title='bbox 1886 1010 2158 1073; x_wconf 81' lang='lat' dir='ltr'>rumpitur.</span> <span class='ocrx_word' id='word_1_305' title='bbox 2206 1010 2393 1059; x_wconf 88' lang='lat' dir='ltr'>Potest</span> <span class='ocrx_word' id='word_1_306' title='bbox 2416 1010 2570 1059; x_wconf 84' lang='lat' dir='ltr'>etiam</span> <span class='ocrx_word' id='word_1_307' title='bbox 2584 1010 2649 1057; x_wconf 88' lang='lat' dir='ltr'>de</span> <span class='ocrx_word' id='word_1_308' title='bbox 2672 1024 2833 1059; x_wconf 89' lang='lat' dir='ltr'>nervo</span> 
     </span>
     <span class='ocr_line' id='line_1_60' title="bbox 1770 1086 2840 1149; baseline 0.002 -16"><span class='ocrx_word' id='word_1_309' title='bbox 1770 1100 1940 1149; x_wconf 82' lang='lat' dir='ltr'>arcus,</span> <span class='ocrx_word' id='word_1_310' title='bbox 1985 1087 2066 1136; x_wconf 81' lang='lat' dir='ltr'>vel</span> <span class='ocrx_word' id='word_1_311' title='bbox 2098 1087 2255 1137; x_wconf 82' lang='lat' dir='ltr'>etiam</span> <span class='ocrx_word' id='word_1_312' title='bbox 2289 1086 2543 1148; x_wconf 85' lang='lat' dir='ltr'>corporis,</span> <span class='ocrx_word' id='word_1_313' title='bbox 2577 1086 2763 1149; x_wconf 75' lang='lat' dir='ltr'>quibus</span> <span class='ocrx_word' id='word_1_314' title='bbox 2800 1101 2840 1135; x_wconf 79' lang='lat' dir='ltr'>e-</span> 
     </span>
     <span class='ocr_line' id='line_1_61' title="bbox 1768 1160 2829 1226; baseline 0.002 -17"><span class='ocrx_word' id='word_1_315' title='bbox 1768 1160 1929 1209; x_wconf 70' lang='lat' dir='ltr'>nimin</span> <span class='ocrx_word' id='word_1_316' title='bbox 1965 1161 2053 1211; x_wconf 85' lang='lat' dir='ltr'>illa</span> <span class='ocrx_word' id='word_1_317' title='bbox 2081 1162 2368 1213; x_wconf 85' lang='lat' dir='ltr'>intentione</span> <span class='ocrx_word' id='word_1_318' title='bbox 2406 1162 2688 1226; x_wconf 85' lang='lat' dir='ltr'>periculum</span> <span class='ocrx_word' id='word_1_319' title='bbox 2726 1177 2829 1211; x_wconf 91' lang='lat' dir='ltr'>non</span> 
     </span>
     <span class='ocr_line' id='line_1_62' title="bbox 1767 1236 2829 1302; baseline 0.004 -18"><span class='ocrx_word' id='word_1_320' title='bbox 1767 1236 1955 1301; x_wconf 84' lang='lat' dir='ltr'>minus,</span> <span class='ocrx_word' id='word_1_321' title='bbox 1988 1238 2227 1302; x_wconf 82' lang='lat' dir='ltr'>intelligi.</span> <span class='ocrx_word' id='word_1_322' title='bbox 2294 1238 2377 1287; x_wconf 79' lang='lat' dir='ltr'>Ad</span> <span class='ocrx_word' id='word_1_323' title='bbox 2414 1254 2617 1287; x_wconf 84' lang='lat' dir='ltr'>sensum</span> <span class='ocrx_word' id='word_1_324' title='bbox 2650 1239 2829 1288; x_wconf 87' lang='lat' dir='ltr'>verbo-</span> 
     </span>
     <span class='ocr_line' id='line_1_63' title="bbox 1767 1314 2830 1378; baseline 0.003 -16"><span class='ocrx_word' id='word_1_325' title='bbox 1767 1328 1879 1362; x_wconf 86' lang='lat' dir='ltr'>rum</span> <span class='ocrx_word' id='word_1_326' title='bbox 1902 1329 2069 1378; x_wconf 87' lang='lat' dir='ltr'>prope</span> <span class='ocrx_word' id='word_1_327' title='bbox 2090 1314 2298 1365; x_wconf 83' lang='lat' dir='ltr'>accedit</span> <span class='ocrx_word' id='word_1_328' title='bbox 2320 1314 2445 1363; x_wconf 88' lang='lat' dir='ltr'>illud</span> <span class='ocrx_word' id='word_1_329' title='bbox 2472 1314 2647 1365; x_wconf 85' lang='lat' dir='ltr'>Plaut.</span> <span class='ocrx_word' id='word_1_330' title='bbox 2682 1316 2697 1341; x_wconf 90' lang='lat'>‘</span> <span class='ocrx_word' id='word_1_331' title='bbox 2722 1316 2830 1365; x_wconf 85' lang='lat' dir='ltr'>Hei</span> 
     </span>
     <span class='ocr_line' id='line_1_64' title="bbox 1767 1390 2827 1457; baseline 0.004 -18"><span class='ocrx_word' id='word_1_332' title='bbox 1767 1390 2071 1455; x_wconf 78' lang='lat' dir='ltr'>mihiquem</span> <span class='ocrx_word' id='word_1_333' title='bbox 2115 1391 2266 1441; x_wconf 74' lang='lat' dir='ltr'>istaec</span> <span class='ocrx_word' id='word_1_334' title='bbox 2312 1390 2502 1439; x_wconf 84' lang='lat' dir='ltr'>blanda</span> <span class='ocrx_word' id='word_1_335' title='bbox 2540 1392 2686 1439; x_wconf 86' lang='lat' dir='ltr'>dicta</span> <span class='ocrx_word' id='word_1_336' title='bbox 2724 1406 2827 1457; x_wconf 85' lang='lat' dir='ltr'>quo</span> 
     </span>
     <span class='ocr_line' id='line_1_65' title="bbox 1766 1465 2827 1537; baseline 0.003 -23"><span class='ocrx_word' id='word_1_337' title='bbox 1766 1467 2027 1530; x_wconf 86' lang='lat' dir='ltr'>eveniant,</span> <span class='ocrx_word' id='word_1_338' title='bbox 2061 1468 2245 1517; x_wconf 80' lang='lat' dir='ltr'>madeo</span> <span class='ocrx_word' id='word_1_339' title='bbox 2268 1465 2451 1517; x_wconf 65' lang='lat' dir='ltr'>metu!</span> <span class='ocrx_word' id='word_1_340' title='bbox 2508 1466 2639 1537; x_wconf 81' lang='lat' dir='ltr'>Vide</span> <span class='ocrx_word' id='word_1_341' title='bbox 2664 1480 2764 1519; x_wconf 85' lang='lat' dir='ltr'>act.</span> <span class='ocrx_word' id='word_1_342' title='bbox 2790 1482 2827 1519; x_wconf 85' lang='grc' dir='ltr'>ι.</span> 
     </span>
     <span class='ocr_line' id='line_1_66' title="bbox 1764 1542 2590 1605; baseline 0.002 -14"><span class='ocrx_word' id='word_1_343' title='bbox 1764 1556 1835 1592; x_wconf 82' lang='lat' dir='ltr'>sc.</span> <span class='ocrx_word' id='word_1_344' title='bbox 1858 1545 1908 1591; x_wconf 82' lang='lat'>4.</span> <span class='ocrx_word' id='word_1_345' title='bbox 1926 1557 2010 1595; x_wconf 60' lang='lat' dir='ltr'>vs.</span> <span class='ocrx_word' id='word_1_346' title='bbox 2032 1546 2083 1592; x_wconf 82' lang='lat'>4.</span> <span class='ocrx_word' id='word_1_347' title='bbox 2124 1544 2248 1593; x_wconf 87' lang='lat' dir='ltr'>Mer.</span> <span class='ocrx_word' id='word_1_348' title='bbox 2276 1542 2590 1605; x_wconf 68' lang='lat' dir='ltr'>casaubonus.</span> 
     </span>
    </p>

    <p class='ocr_par' dir='ltr' id='par_1_14' title="bbox 1762 1616 2827 1819">
     <span class='ocr_line' id='line_1_67' title="bbox 1828 1616 2827 1683; baseline 0.001 -15"><span class='ocrx_word' id='word_1_349' title='bbox 1828 1619 2030 1669; x_wconf 69' lang='lat' dir='ltr'>Factum</span> <span class='ocrx_word' id='word_1_350' title='bbox 2046 1625 2119 1669; x_wconf 79' lang='lat' dir='ltr'>est</span> <span class='ocrx_word' id='word_1_351' title='bbox 2134 1616 2503 1683; x_wconf 71' lang='lat' dir='ltr'>pericidumja&#39;m</span> <span class='ocrx_word' id='word_1_352' title='bbox 2522 1622 2708 1683; x_wconf 77' lang='lat' dir='ltr'>pedum,</span> <span class='ocrx_word' id='word_1_353' title='bbox 2724 1619 2827 1670; x_wconf 73' lang='lat' dir='ltr'>visci</span> 
     </span>
     <span class='ocr_line' id='line_1_68' title="bbox 1762 1693 2824 1759; baseline 0.002 -16"><span class='ocrx_word' id='word_1_354' title='bbox 1762 1695 1834 1743; x_wconf 75' lang='lat' dir='ltr'>est</span> <span class='ocrx_word' id='word_1_355' title='bbox 1855 1694 1956 1758; x_wconf 78' lang='lat' dir='ltr'>via]</span> <span class='ocrx_word' id='word_1_356' title='bbox 1987 1694 2075 1744; x_wconf 90' lang='lat' dir='ltr'>Sic</span> <span class='ocrx_word' id='word_1_357' title='bbox 2097 1695 2235 1756; x_wconf 71' lang='lat' dir='ltr'>lego,</span> <span class='ocrx_word' id='word_1_358' title='bbox 2260 1702 2315 1745; x_wconf 91' lang='lat' dir='ltr'>et</span> <span class='ocrx_word' id='word_1_359' title='bbox 2337 1693 2612 1759; x_wconf 80' lang='lat' dir='ltr'>distinguo.</span> <span class='ocrx_word' id='word_1_360' title='bbox 2630 1694 2695 1745; x_wconf 89' lang='lat' dir='ltr'>de</span> <span class='ocrx_word' id='word_1_361' title='bbox 2715 1696 2824 1745; x_wconf 80' lang='lat' dir='ltr'>aliis</span> 
     </span>
     <span class='ocr_line' id='line_1_69' title="bbox 1766 1767 2695 1819; baseline 0.002 -2"><span class='ocrx_word' id='word_1_362' title='bbox 1766 1767 1977 1817; x_wconf 83' lang='lat' dir='ltr'>aliorum</span> <span class='ocrx_word' id='word_1_363' title='bbox 2003 1769 2311 1819; x_wconf 85' lang='lat' dir='ltr'>lectionibus</span> <span class='ocrx_word' id='word_1_364' title='bbox 2336 1770 2479 1819; x_wconf 73' lang='lat' dir='ltr'>alias.</span> <span class='ocrx_word' id='word_1_365' title='bbox 2520 1768 2695 1819; x_wconf 83' lang='lat' dir='ltr'>Faber.</span> 
     </span>
    </p>

    <p class='ocr_par' dir='ltr' id='par_1_15' title="bbox 1754 1844 2820 2059">
     <span class='ocr_line' id='line_1_70' title="bbox 1828 1844 2820 1909; baseline 0.003 -17"><span class='ocrx_word' id='word_1_366' title='bbox 1828 1847 1890 1893; x_wconf 81' lang='lat'>12</span> <span class='ocrx_word' id='word_1_367' title='bbox 1924 1845 2040 1893; x_wconf 83' lang='lat' dir='ltr'>Jam</span> <span class='ocrx_word' id='word_1_368' title='bbox 2068 1846 2244 1909; x_wconf 77' lang='lat' dir='ltr'>pedum</span> <span class='ocrx_word' id='word_1_369' title='bbox 2266 1844 2371 1894; x_wconf 78' lang='lat' dir='ltr'>viso</span> <span class='ocrx_word' id='word_1_370' title='bbox 2392 1848 2463 1894; x_wconf 75' lang='lat' dir='ltr'>est</span> <span class='ocrx_word' id='word_1_371' title='bbox 2482 1844 2587 1907; x_wconf 78' lang='lat' dir='ltr'>oia]</span> <span class='ocrx_word' id='word_1_372' title='bbox 2634 1846 2820 1897; x_wconf 83' lang='lat' dir='ltr'>Pedum</span> 
     </span>
     <span class='ocr_line' id='line_1_71' title="bbox 1765 1918 2820 1983; baseline 0.006 -19"><span class='ocrx_word' id='word_1_373' title='bbox 1765 1931 1861 1978; x_wconf 89' lang='lat' dir='ltr'>pro</span> <span class='ocrx_word' id='word_1_374' title='bbox 1884 1918 2121 1981; x_wconf 86' lang='lat' dir='ltr'>pedibus.</span> <span class='ocrx_word' id='word_1_375' title='bbox 2154 1926 2211 1968; x_wconf 92' lang='lat' dir='ltr'>et</span> <span class='ocrx_word' id='word_1_376' title='bbox 2234 1920 2335 1968; x_wconf 78' lang='lat' dir='ltr'>visa</span> <span class='ocrx_word' id='word_1_377' title='bbox 2367 1919 2472 1969; x_wconf 74' lang='grc' dir='ltr'>ἀντὶ</span> <span class='ocrx_word' id='word_1_378' title='bbox 2503 1921 2590 1969; x_wconf 65' lang='lat' dir='ltr'>vai?</span> <span class='ocrx_word' id='word_1_379' title='bbox 2614 1922 2820 1983; x_wconf 67' lang='lat' dir='ltr'>provisa.</span> 
     </span>
     <span class='ocr_line' id='line_1_72' title="bbox 1754 1994 2660 2059; baseline 0.002 -16"><span class='ocrx_word' id='word_1_380' title='bbox 1754 1994 1833 2051; x_wconf 71' lang='lat' dir='ltr'>,Et</span> <span class='ocrx_word' id='word_1_381' title='bbox 1856 1999 2022 2043; x_wconf 83' lang='lat' dir='ltr'>totum</span> <span class='ocrx_word' id='word_1_382' title='bbox 2045 1998 2381 2059; x_wconf 68' lang='grc' dir='ltr'><strong><em>μεταφορικῶς.</em></strong></span> <span class='ocrx_word' id='word_1_383' title='bbox 2424 1996 2660 2047; x_wconf 75' lang='lat' dir='ltr'>Donatus.</span> 
     </span>
    </p>

    <p class='ocr_par' dir='ltr' id='par_1_16' title="bbox 1754 2071 2821 2673">
     <span class='ocr_line' id='line_1_73' title="bbox 1825 2071 2819 2136; baseline 0.003 -16"><span class='ocrx_word' id='word_1_384' title='bbox 1825 2073 1940 2120; x_wconf 83' lang='lat' dir='ltr'>Jam</span> <span class='ocrx_word' id='word_1_385' title='bbox 1951 2076 2124 2136; x_wconf 81' lang='lat' dir='ltr'>pedum</span> <span class='ocrx_word' id='word_1_386' title='bbox 2145 2074 2250 2121; x_wconf 79' lang='lat' dir='ltr'>visa</span> <span class='ocrx_word' id='word_1_387' title='bbox 2270 2078 2342 2123; x_wconf 80' lang='lat' dir='ltr'>est</span> <span class='ocrx_word' id='word_1_388' title='bbox 2363 2071 2467 2134; x_wconf 80' lang='lat' dir='ltr'>via]</span> <span class='ocrx_word' id='word_1_389' title='bbox 2502 2073 2700 2132; x_wconf 81' lang='lat' dir='ltr'>Pedum,</span> <span class='ocrx_word' id='word_1_390' title='bbox 2723 2088 2819 2136; x_wconf 90' lang='lat' dir='ltr'>pro</span> 
     </span>
     <span class='ocr_line' id='line_1_74' title="bbox 1757 2142 2821 2213; baseline 0 -16"><span class='ocrx_word' id='word_1_391' title='bbox 1757 2148 1981 2210; x_wconf 81' lang='lat' dir='ltr'>pedibus.-</span> <span class='ocrx_word' id='word_1_392' title='bbox 2000 2157 2055 2197; x_wconf 89' lang='lat' dir='ltr'>ct</span> <span class='ocrx_word' id='word_1_393' title='bbox 2077 2148 2194 2205; x_wconf 69' lang='lat' dir='ltr'>riso,</span> <span class='ocrx_word' id='word_1_394' title='bbox 2214 2163 2326 2213; x_wconf 86' lang='lat' dir='ltr'>pro,</span> <span class='ocrx_word' id='word_1_395' title='bbox 2344 2147 2552 2212; x_wconf 80' lang='lat' dir='ltr'>provisa.</span> <span class='ocrx_word' id='word_1_396' title='bbox 2579 2150 2644 2199; x_wconf 88' lang='lat' dir='ltr'>D.</span> <span class='ocrx_word' id='word_1_397' title='bbox 2670 2142 2821 2211; x_wconf 79' lang='lat' dir='ltr'>Aliis,</span> 
     </span>
     <span class='ocr_line' id='line_1_75' title="bbox 1759 2225 2820 2290; baseline 0.006 -17"><span class='ocrx_word' id='word_1_398' title='bbox 1759 2229 1839 2273; x_wconf 75' lang='lat' dir='ltr'>via</span> <span class='ocrx_word' id='word_1_399' title='bbox 1868 2228 2059 2289; x_wconf 78' lang='lat' dir='ltr'>pedum,</span> <span class='ocrx_word' id='word_1_400' title='bbox 2098 2240 2210 2290; x_wconf 90' lang='lat' dir='ltr'>pro,</span> <span class='ocrx_word' id='word_1_401' title='bbox 2252 2226 2474 2287; x_wconf 75' lang='lat' dir='ltr'>vestigia</span> <span class='ocrx_word' id='word_1_402' title='bbox 2516 2225 2725 2288; x_wconf 86' lang='lat' dir='ltr'>pedum.</span> <span class='ocrx_word' id='word_1_403' title='bbox 2762 2233 2820 2279; x_wconf 80' lang='lat' dir='ltr'>ut</span> 
     </span>
     <span class='ocr_line' id='line_1_76' title="bbox 1761 2300 2819 2365; baseline 0.003 -17"><span class='ocrx_word' id='word_1_404' title='bbox 1761 2300 1829 2349; x_wconf 85' lang='lat' dir='ltr'>sit</span> <span class='ocrx_word' id='word_1_405' title='bbox 1862 2302 2090 2365; x_wconf 85' lang='lat' dir='ltr'>metaph.</span> <span class='ocrx_word' id='word_1_406' title='bbox 2125 2317 2155 2350; x_wconf 79' lang='lat' dir='ltr'>a</span> <span class='ocrx_word' id='word_1_407' title='bbox 2180 2301 2529 2351; x_wconf 80' lang='lat' dir='ltr'>venatoribus.</span> <span class='ocrx_word' id='word_1_408' title='bbox 2566 2301 2652 2351; x_wconf 88' lang='lat' dir='ltr'>alii</span> <span class='ocrx_word' id='word_1_409' title='bbox 2678 2302 2819 2353; x_wconf 86' lang='lat' dir='ltr'>deni-</span> 
     </span>
     <span class='ocr_line' id='line_1_77' title="bbox 1759 2376 2817 2441; baseline 0.004 -18"><span class='ocrx_word' id='word_1_410' title='bbox 1759 2390 1859 2439; x_wconf 87' lang='lat' dir='ltr'>que</span> <span class='ocrx_word' id='word_1_411' title='bbox 1882 2377 1955 2427; x_wconf 86' lang='lat' dir='ltr'>ita</span> <span class='ocrx_word' id='word_1_412' title='bbox 1982 2376 2334 2441; x_wconf 82' lang='lat' dir='ltr'>distinguunt:</span> <span class='ocrx_word' id='word_1_413' title='bbox 2375 2376 2567 2437; x_wconf 78' lang='lat' dir='ltr'>factum</span> <span class='ocrx_word' id='word_1_414' title='bbox 2594 2382 2667 2427; x_wconf 82' lang='lat' dir='ltr'>est</span> <span class='ocrx_word' id='word_1_415' title='bbox 2689 2379 2817 2441; x_wconf 81' lang='lat' dir='ltr'>peri·</span> 
     </span>
     <span class='ocr_line' id='line_1_78' title="bbox 1754 2452 2814 2518; baseline 0.007 -17"><span class='ocrx_word' id='word_1_416' title='bbox 1754 2453 1879 2502; x_wconf 78' lang='lat' dir='ltr'>olum</span> <span class='ocrx_word' id='word_1_417' title='bbox 1900 2452 2009 2514; x_wconf 75' lang='lat' dir='ltr'>jam</span> <span class='ocrx_word' id='word_1_418' title='bbox 2050 2455 2253 2517; x_wconf 79' lang='lat' dir='ltr'>pedum:</span> <span class='ocrx_word' id='word_1_419' title='bbox 2302 2453 2405 2503; x_wconf 80' lang='lat' dir='ltr'>visa</span> <span class='ocrx_word' id='word_1_420' title='bbox 2444 2458 2515 2503; x_wconf 82' lang='lat' dir='ltr'>est</span> <span class='ocrx_word' id='word_1_421' title='bbox 2552 2453 2661 2504; x_wconf 82' lang='lat' dir='ltr'>oia.-</span> <span class='ocrx_word' id='word_1_422' title='bbox 2700 2469 2814 2518; x_wconf 76' lang='lat' dir='ltr'>quae</span> 
     </span>
     <span class='ocr_line' id='line_1_79' title="bbox 1758 2523 2811 2602; baseline 0.005 -23"><span class='ocrx_word' id='word_1_423' title='bbox 1758 2536 1931 2582; x_wconf 86' lang='lat' dir='ltr'>tamen</span> <span class='ocrx_word' id='word_1_424' title='bbox 1955 2534 2127 2582; x_wconf 83' lang='lat' dir='ltr'>omnia</span> <span class='ocrx_word' id='word_1_425' title='bbox 2159 2533 2343 2584; x_wconf 84' lang='lat' dir='ltr'>eodem</span> <span class='ocrx_word' id='word_1_426' title='bbox 2376 2533 2620 2602; x_wconf 83' lang='lat' dir='ltr'>tendunt,</span> <span class='ocrx_word' id='word_1_427' title='bbox 2641 2523 2698 2584; x_wconf 79' lang='lat' dir='ltr'>nt</span> <span class='ocrx_word' id='word_1_428' title='bbox 2722 2535 2811 2586; x_wconf 82' lang='lat' dir='ltr'>tri·</span> 
     </span>
     <span class='ocr_line' id='line_1_80' title="bbox 1758 2608 2811 2673; baseline 0.005 -18"><span class='ocrx_word' id='word_1_429' title='bbox 1758 2612 1863 2656; x_wconf 81' lang='lat' dir='ltr'>tam</span> <span class='ocrx_word' id='word_1_430' title='bbox 1886 2608 1983 2657; x_wconf 88' lang='lat' dir='ltr'>sibi</span> <span class='ocrx_word' id='word_1_431' title='bbox 2007 2623 2067 2659; x_wconf 84' lang='lat' dir='ltr'>ac</span> <span class='ocrx_word' id='word_1_432' title='bbox 2088 2610 2415 2673; x_wconf 78' lang='lat' dir='ltr'>exploratam</span> <span class='ocrx_word' id='word_1_433' title='bbox 2439 2611 2572 2660; x_wconf 84' lang='lat' dir='ltr'>viam</span> <span class='ocrx_word' id='word_1_434' title='bbox 2589 2625 2645 2661; x_wconf 88' lang='lat' dir='ltr'>se</span> <span class='ocrx_word' id='word_1_435' title='bbox 2667 2611 2811 2660; x_wconf 85' lang='lat' dir='ltr'>insis-</span> 
     </span>
    </p>
   </div>
   <div class='ocr_carea' id='block_1_7' title="bbox 1757 2683 2895 2751">
    <p class='ocr_par' dir='ltr' id='par_1_17' title="bbox 1757 2683 2895 2751">
     <span class='ocr_line' id='line_1_81' title="bbox 1757 2683 2895 2751; baseline 0.004 -20"><span class='ocrx_word' id='word_1_436' title='bbox 1757 2689 1867 2732; x_wconf 83' lang='lat' dir='ltr'>tere</span> <span class='ocrx_word' id='word_1_437' title='bbox 1904 2683 2045 2734; x_wconf 84' lang='lat' dir='ltr'>dicst</span> <span class='ocrx_word' id='word_1_438' title='bbox 2079 2686 2343 2748; x_wconf 84' lang='lat' dir='ltr'>Phormio,</span> <span class='ocrx_word' id='word_1_439' title='bbox 2368 2701 2430 2736; x_wconf 82' lang='lat' dir='ltr'>sc</span> <span class='ocrx_word' id='word_1_440' title='bbox 2462 2685 2681 2751; x_wconf 87' lang='lat' dir='ltr'>proinde</span> <span class='ocrx_word' id='word_1_441' title='bbox 2708 2703 2811 2736; x_wconf 89' lang='lat' dir='ltr'>non</span> <span class='ocrx_word' id='word_1_442' title='bbox 2882 2689 2895 2702; x_wconf 82' lang='lat'><em>⁰</em></span> 
     </span>
    </p>
   </div>
   <div class='ocr_carea' id='block_1_8' title="bbox 1746 2761 2811 3130">
    <p class='ocr_par' dir='ltr' id='par_1_18' title="bbox 1746 2761 2811 3130">
     <span class='ocr_line' id='line_1_82' title="bbox 1748 2761 2811 2884; baseline 0.005 -77"><span class='ocrx_word' id='word_1_443' title='bbox 1748 2773 1869 2884; x_wconf 53' lang='lat' dir='ltr'>{gae</span> <span class='ocrx_word' id='word_1_444' title='bbox 1892 2761 2028 2825; x_wconf 87' lang='lat' dir='ltr'>quod</span> <span class='ocrx_word' id='word_1_445' title='bbox 2052 2761 2234 2811; x_wconf 83' lang='lat' dir='ltr'>timeat</span> <span class='ocrx_word' id='word_1_446' title='bbox 2256 2761 2411 2812; x_wconf 79' lang='lat' dir='ltr'>Geta.</span> <span class='ocrx_word' id='word_1_447' title='bbox 2474 2764 2605 2814; x_wconf 82' lang='lat' dir='ltr'>Mer.</span> <span class='ocrx_word' id='word_1_448' title='bbox 2632 2763 2811 2812; x_wconf 75' lang='lat' dir='ltr'>Casuu-</span> 
     </span>
     <span class='ocr_line' id='line_1_83' title="bbox 1746 2851 2811 2975; baseline 0.005 -14"><span class='ocrx_word' id='word_1_449' title='bbox 1746 2893 1751 2898; x_wconf 46' lang='grc'><em>’</em></span> <span class='ocrx_word' id='word_1_450' title='bbox 1810 2851 2047 2968; x_wconf 54' lang='lat' dir='ltr'><em>²38-th</em></span> <span class='ocrx_word' id='word_1_451' title='bbox 2080 2928 2153 2963; x_wconf 81' lang='lat' dir='ltr'>me</span> <span class='ocrx_word' id='word_1_452' title='bbox 2183 2927 2344 2964; x_wconf 77' lang='lat' dir='ltr'>cemes</span> <span class='ocrx_word' id='word_1_453' title='bbox 2363 2913 2571 2964; x_wconf 72' lang='lat' dir='ltr'>homines</span> <span class='ocrx_word' id='word_1_454' title='bbox 2590 2913 2697 2975; x_wconf 73' lang='lat' dir='ltr'>jam</span> <span class='ocrx_word' id='word_1_455' title='bbox 2728 2917 2811 2966; x_wconf 77' lang='lat' dir='ltr'>de·</span> 
     </span>
     <span class='ocr_line' id='line_1_84' title="bbox 1750 2988 2805 3053; baseline 0.005 -17"><span class='ocrx_word' id='word_1_456' title='bbox 1750 2988 2014 3039; x_wconf 75' lang='lat' dir='ltr'>verberasse</span> <span class='ocrx_word' id='word_1_457' title='bbox 2034 3005 2177 3053; x_wconf 75' lang='lat' dir='ltr'>usque</span> <span class='ocrx_word' id='word_1_458' title='bbox 2196 2993 2260 3040; x_wconf 85' lang='lat' dir='ltr'>ad</span> <span class='ocrx_word' id='word_1_459' title='bbox 2287 2990 2467 3053; x_wconf 78' lang='lat' dir='ltr'>necem]</span> <span class='ocrx_word' id='word_1_460' title='bbox 2516 2990 2805 3041; x_wconf 82' lang='lat' dir='ltr'>Parasitice</span> 
     </span>
     <span class='ocr_line' id='line_1_85' title="bbox 1751 3067 2808 3130; baseline 0.003 -17"><span class='ocrx_word' id='word_1_461' title='bbox 1751 3070 1915 3114; x_wconf 90' lang='lat' dir='ltr'>totum</span> <span class='ocrx_word' id='word_1_462' title='bbox 1963 3067 2385 3116; x_wconf 75' lang='lat' dir='ltr'>translationibus</span> <span class='ocrx_word' id='word_1_463' title='bbox 2422 3067 2666 3130; x_wconf 86' lang='lat' dir='ltr'>loquitur.</span> <span class='ocrx_word' id='word_1_464' title='bbox 2717 3068 2808 3116; x_wconf 63' lang='lat' dir='ltr'>bus·</span> 
     </span>
    </p>
   </div>
   <div class='ocr_carea' id='block_1_9' title="bbox 1731 3141 2805 4352">
    <p class='ocr_par' dir='ltr' id='par_1_19' title="bbox 1738 3141 2805 3288">
     <span class='ocr_line' id='line_1_86' title="bbox 1738 3141 2805 3202; baseline 0.004 -12"><span class='ocrx_word' id='word_1_465' title='bbox 1738 3141 1963 3202; x_wconf 77' lang='lat' dir='ltr'>jusmodi</span> <span class='ocrx_word' id='word_1_466' title='bbox 1999 3150 2082 3192; x_wconf 86' lang='lat' dir='ltr'>est</span> <span class='ocrx_word' id='word_1_467' title='bbox 2115 3143 2251 3192; x_wconf 89' lang='lat' dir='ltr'>enim</span> <span class='ocrx_word' id='word_1_468' title='bbox 2291 3145 2369 3193; x_wconf 85' lang='lat' dir='ltr'>vis</span> <span class='ocrx_word' id='word_1_469' title='bbox 2404 3144 2805 3194; x_wconf 78' lang='lat' dir='ltr'>umbraticorum</span> 
     </span>
     <span class='ocr_line' id='line_1_87' title="bbox 1747 3213 2771 3288; baseline 0.007 -27"><span class='ocrx_word' id='word_1_470' title='bbox 1747 3213 2025 3277; x_wconf 87' lang='lat' dir='ltr'>bominum,</span> <span class='ocrx_word' id='word_1_471' title='bbox 2052 3217 2283 3266; x_wconf 80' lang='lat' dir='ltr'>scurrilis</span> <span class='ocrx_word' id='word_1_472' title='bbox 2302 3218 2487 3268; x_wconf 84' lang='lat' dir='ltr'>oratio.</span> <span class='ocrx_word' id='word_1_473' title='bbox 2532 3219 2771 3288; x_wconf 57' lang='lat' dir='ltr'>Donatus.</span> 
     </span>
    </p>

    <p class='ocr_par' dir='ltr' id='par_1_20' title="bbox 1745 3291 2804 3504">
     <span class='ocr_line' id='line_1_88' title="bbox 1809 3291 2804 3356; baseline 0.006 -18"><span class='ocrx_word' id='word_1_474' title='bbox 1809 3291 2175 3356; x_wconf 79' lang='lat' dir='ltr'>Deverherasse]</span> <span class='ocrx_word' id='word_1_475' title='bbox 2248 3294 2425 3344; x_wconf 86' lang='lat' dir='ltr'>Plaut.</span> <span class='ocrx_word' id='word_1_476' title='bbox 2497 3296 2512 3321; x_wconf 92' lang='lat'>‘</span> <span class='ocrx_word' id='word_1_477' title='bbox 2535 3294 2804 3346; x_wconf 78' lang='lat' dir='ltr'>Dilacera·</span> 
     </span>
     <span class='ocr_line' id='line_1_89' title="bbox 1747 3365 2802 3432; baseline 0.006 -18"><span class='ocrx_word' id='word_1_478' title='bbox 1747 3365 1883 3432; x_wconf 34' lang='lat' dir='ltr'>visse,</span> <span class='ocrx_word' id='word_1_479' title='bbox 1899 3366 1933 3415; x_wconf 70' lang='grc' dir='ltr'>ε’</span> <span class='ocrx_word' id='word_1_480' title='bbox 1953 3369 1967 3396; x_wconf 88' lang='lat'>‘</span> <span class='ocrx_word' id='word_1_481' title='bbox 1990 3369 2345 3418; x_wconf 85' lang='lat' dir='ltr'>deartuavisse</span> <span class='ocrx_word' id='word_1_482' title='bbox 2365 3369 2399 3416; x_wconf 71' lang='grc' dir='ltr'>ε’</span> <span class='ocrx_word' id='word_1_483' title='bbox 2420 3370 2435 3399; x_wconf 87' lang='lat'>‘</span> <span class='ocrx_word' id='word_1_484' title='bbox 2458 3369 2605 3420; x_wconf 85' lang='lat' dir='ltr'>malis</span> <span class='ocrx_word' id='word_1_485' title='bbox 2628 3385 2802 3428; x_wconf 46' lang='lat' dir='ltr'>exem?-</span> 
     </span>
     <span class='ocr_line' id='line_1_90' title="bbox 1745 3442 2803 3504; baseline 0.006 -14"><span class='ocrx_word' id='word_1_486' title='bbox 1745 3442 1847 3504; x_wconf 87' lang='lat' dir='ltr'>plis</span> <span class='ocrx_word' id='word_1_487' title='bbox 1872 3444 2288 3497; x_wconf 63' lang='lat' dir='ltr'>excruciavisse!</span> <span class='ocrx_word' id='word_1_488' title='bbox 2330 3447 2460 3496; x_wconf 83' lang='lat' dir='ltr'>Mer.</span> <span class='ocrx_word' id='word_1_489' title='bbox 2487 3447 2803 3499; x_wconf 67' lang='lat' dir='ltr'>Camubonm.</span> 
     </span>
    </p>

    <p class='ocr_par' dir='ltr' id='par_1_21' title="bbox 1733 3511 2799 3808">
     <span class='ocr_line' id='line_1_91' title="bbox 1810 3511 2799 3584; baseline 0.004 -18"><span class='ocrx_word' id='word_1_490' title='bbox 1810 3521 1872 3570; x_wconf 82' lang='lat'>14</span> <span class='ocrx_word' id='word_1_491' title='bbox 1908 3519 2161 3584; x_wconf 73' lang='lat' dir='ltr'>Hospiies,</span> <span class='ocrx_word' id='word_1_492' title='bbox 2197 3527 2299 3574; x_wconf 76' lang='lat' dir='ltr'>tum</span> <span class='ocrx_word' id='word_1_493' title='bbox 2324 3511 2473 3583; x_wconf 79' lang='lat' dir='ltr'>cives]</span> <span class='ocrx_word' id='word_1_494' title='bbox 2516 3519 2799 3572; x_wconf 72' lang='grc' dir='ltr'>Ἀνακόλου-</span> 
     </span>
     <span class='ocr_line' id='line_1_92' title="bbox 1742 3596 2799 3658; baseline 0 -14"><span class='ocrx_word' id='word_1_495' title='bbox 1742 3598 1823 3644; x_wconf 82' lang='grc' dir='ltr'>θον</span> <span class='ocrx_word' id='word_1_496' title='bbox 1838 3597 2148 3647; x_wconf 87' lang='lat' dir='ltr'>secundum.</span> <span class='ocrx_word' id='word_1_497' title='bbox 2171 3597 2319 3646; x_wconf 82' lang='lat' dir='ltr'>deest</span> <span class='ocrx_word' id='word_1_498' title='bbox 2334 3596 2470 3646; x_wconf 89' lang='lat' dir='ltr'>enim</span> <span class='ocrx_word' id='word_1_499' title='bbox 2487 3610 2661 3658; x_wconf 84' lang='lat' dir='ltr'>snpra,</span> <span class='ocrx_word' id='word_1_500' title='bbox 2676 3611 2799 3645; x_wconf 74' lang='lat' dir='ltr'>cum.</span> 
     </span>
     <span class='ocr_line' id='line_1_93' title="bbox 1741 3670 2799 3748; baseline 0.005 -29"><span class='ocrx_word' id='word_1_501' title='bbox 1741 3671 1811 3719; x_wconf 90' lang='lat' dir='ltr'>Et</span> <span class='ocrx_word' id='word_1_502' title='bbox 1835 3671 1967 3721; x_wconf 88' lang='lat' dir='ltr'>benc</span> <span class='ocrx_word' id='word_1_503' title='bbox 1991 3673 2250 3735; x_wconf 85' lang='lat' dir='ltr'>posterius</span> <span class='ocrx_word' id='word_1_504' title='bbox 2269 3671 2443 3736; x_wconf 87' lang='lat' dir='ltr'>posuit</span> <span class='ocrx_word' id='word_1_505' title='bbox 2462 3670 2515 3720; x_wconf 90' lang='lat' dir='ltr'>id</span> <span class='ocrx_word' id='word_1_506' title='bbox 2526 3671 2667 3748; x_wconf 86' lang='lat' dir='ltr'>quod</span> <span class='ocrx_word' id='word_1_507' title='bbox 2690 3688 2799 3744; x_wconf 78' lang='lat' dir='ltr'>ma·</span> 
     </span>
     <span class='ocr_line' id='line_1_94' title="bbox 1733 3745 2423 3808; baseline 0.006 -13"><span class='ocrx_word' id='word_1_508' title='bbox 1733 3745 1823 3808; x_wconf 86' lang='lat' dir='ltr'>jus</span> <span class='ocrx_word' id='word_1_509' title='bbox 1845 3754 1942 3796; x_wconf 86' lang='lat' dir='ltr'>est.</span> <span class='ocrx_word' id='word_1_510' title='bbox 1975 3748 2213 3801; x_wconf 70' lang='lat' dir='ltr'>Donatus·</span> <span class='ocrx_word' id='word_1_511' title='bbox 2386 3777 2391 3784; x_wconf 90' lang='lat'><strong>·</strong></span> <span class='ocrx_word' id='word_1_512' title='bbox 2416 3777 2423 3782; x_wconf 94' lang='lat'>-</span> 
     </span>
    </p>

    <p class='ocr_par' dir='ltr' id='par_1_22' title="bbox 1732 3821 2795 4180">
     <span class='ocr_line' id='line_1_95' title="bbox 1809 3821 2794 3888; baseline 0.005 -19"><span class='ocrx_word' id='word_1_513' title='bbox 1809 3822 1913 3878; x_wconf 76' lang='lat' dir='ltr'>Quo</span> <span class='ocrx_word' id='word_1_514' title='bbox 1947 3823 2102 3883; x_wconf 65' lang='lat' dir='ltr'>magis</span> <span class='ocrx_word' id='word_1_515' title='bbox 2132 3823 2260 3886; x_wconf 78' lang='lat' dir='ltr'>noni,</span> <span class='ocrx_word' id='word_1_516' title='bbox 2282 3829 2416 3874; x_wconf 76' lang='lat' dir='ltr'>tanto</span> <span class='ocrx_word' id='word_1_517' title='bbox 2435 3821 2629 3888; x_wconf 66' lang='lat' dir='ltr'>sapius]</span> <span class='ocrx_word' id='word_1_518' title='bbox 2676 3825 2794 3876; x_wconf 80' lang='lat' dir='ltr'>Quo</span> 
     </span>
     <span class='ocr_line' id='line_1_96' title="bbox 1738 3896 2793 3964; baseline 0.003 -18"><span class='ocrx_word' id='word_1_519' title='bbox 1738 3896 1908 3946; x_wconf 81' lang='lat' dir='ltr'>notior</span> <span class='ocrx_word' id='word_1_520' title='bbox 1933 3898 2033 3954; x_wconf 82' lang='lat' dir='ltr'>via,</span> <span class='ocrx_word' id='word_1_521' title='bbox 2056 3904 2203 3947; x_wconf 85' lang='lat' dir='ltr'>tanto</span> <span class='ocrx_word' id='word_1_522' title='bbox 2228 3900 2401 3962; x_wconf 88' lang='lat' dir='ltr'>plures</span> <span class='ocrx_word' id='word_1_523' title='bbox 2425 3901 2652 3964; x_wconf 79' lang='lat' dir='ltr'>quotidie</span> <span class='ocrx_word' id='word_1_524' title='bbox 2676 3914 2793 3963; x_wconf 88' lang='lat' dir='ltr'>per-</span> 
     </span>
     <span class='ocr_line' id='line_1_97' title="bbox 1738 3974 2795 4040; baseline 0.005 -17"><span class='ocrx_word' id='word_1_525' title='bbox 1738 3974 1823 4024; x_wconf 84' lang='lat' dir='ltr'>do.</span> <span class='ocrx_word' id='word_1_526' title='bbox 1886 3975 2021 4030; x_wconf 85' lang='lat' dir='ltr'>Usus</span> <span class='ocrx_word' id='word_1_527' title='bbox 2043 3984 2335 4039; x_wconf 88' lang='lat' dir='ltr'>promptum</span> <span class='ocrx_word' id='word_1_528' title='bbox 2361 3978 2519 4028; x_wconf 82' lang='lat' dir='ltr'>fecit:</span> <span class='ocrx_word' id='word_1_529' title='bbox 2560 3984 2615 4027; x_wconf 90' lang='lat' dir='ltr'>et</span> <span class='ocrx_word' id='word_1_530' title='bbox 2640 3992 2795 4040; x_wconf 86' lang='lat' dir='ltr'>quan-</span> 
     </span>
     <span class='ocr_line' id='line_1_98' title="bbox 1736 4050 2793 4115; baseline 0.004 -15"><span class='ocrx_word' id='word_1_531' title='bbox 1736 4057 1845 4100; x_wconf 88' lang='lat' dir='ltr'>tum</span> <span class='ocrx_word' id='word_1_532' title='bbox 1869 4050 2073 4102; x_wconf 85' lang='lat' dir='ltr'>accedit</span> <span class='ocrx_word' id='word_1_533' title='bbox 2094 4053 2315 4115; x_wconf 84' lang='lat' dir='ltr'>peritiae,</span> <span class='ocrx_word' id='word_1_534' title='bbox 2336 4060 2537 4104; x_wconf 79' lang='lat' dir='ltr'>tantum</span> <span class='ocrx_word' id='word_1_535' title='bbox 2561 4061 2615 4104; x_wconf 93' lang='lat' dir='ltr'>et</span> <span class='ocrx_word' id='word_1_536' title='bbox 2636 4055 2793 4104; x_wconf 88' lang='lat' dir='ltr'>male·</span> 
     </span>
     <span class='ocr_line' id='line_1_99' title="bbox 1732 4126 2333 4180; baseline 0.007 -4"><span class='ocrx_word' id='word_1_537' title='bbox 1732 4126 1880 4176; x_wconf 84' lang='lat' dir='ltr'>ficiis.</span> <span class='ocrx_word' id='word_1_538' title='bbox 1915 4129 1991 4178; x_wconf 89' lang='lat' dir='ltr'>M.</span> <span class='ocrx_word' id='word_1_539' title='bbox 2016 4128 2333 4180; x_wconf 76' lang='lat' dir='ltr'>casaubonus.</span> 
     </span>
    </p>

    <p class='ocr_par' dir='ltr' id='par_1_23' title="bbox 1731 4204 2792 4352">
     <span class='ocr_line' id='line_1_100' title="bbox 1797 4204 2791 4270; baseline 0.002 -18"><span class='ocrx_word' id='word_1_540' title='bbox 1797 4207 1857 4252; x_wconf 81' lang='lat'>15</span> <span class='ocrx_word' id='word_1_541' title='bbox 1898 4204 2021 4253; x_wconf 83' lang='lat' dir='ltr'>Cedo</span> <span class='ocrx_word' id='word_1_542' title='bbox 2040 4206 2168 4269; x_wconf 79' lang='lat' dir='ltr'>dum,</span> <span class='ocrx_word' id='word_1_543' title='bbox 2187 4221 2245 4256; x_wconf 76' lang='lat' dir='ltr'>en</span> <span class='ocrx_word' id='word_1_544' title='bbox 2275 4222 2477 4270; x_wconf 77' lang='lat' dir='ltr'>uuquam</span> <span class='ocrx_word' id='word_1_545' title='bbox 2508 4204 2791 4268; x_wconf 66' lang='lat' dir='ltr'>injuriarum</span> 
     </span>
     <span class='ocr_line' id='line_1_101' title="bbox 1731 4279 2792 4352; baseline 0.006 -24"><span class='ocrx_word' id='word_1_546' title='bbox 1731 4279 1908 4332; x_wconf 73' lang='lat' dir='ltr'>audisti</span> <span class='ocrx_word' id='word_1_547' title='bbox 1942 4280 2060 4332; x_wconf 75' lang='lat' dir='ltr'>mihi</span> <span class='ocrx_word' id='word_1_548' title='bbox 2077 4281 2303 4347; x_wconf 79' lang='lat' dir='ltr'>scriptam</span> <span class='ocrx_word' id='word_1_549' title='bbox 2314 4282 2499 4352; x_wconf 26' lang='lat' dir='ltr'>&#39;die-am]</span> <span class='ocrx_word' id='word_1_550' title='bbox 2538 4282 2664 4336; x_wconf 78' lang='lat' dir='ltr'>Plus</span> <span class='ocrx_word' id='word_1_551' title='bbox 2688 4290 2792 4340; x_wconf 84' lang='lat' dir='ltr'>est,</span> 
     </span>
    </p>
   </div>
   <div class='ocr_carea' id='block_1_10' title="bbox 2728 4499 2749 4526">
    <p class='ocr_par' dir='ltr' id='par_1_24' title="bbox 2728 4499 2749 4526">
     <span class='ocr_line' id='line_1_102' title="bbox 2728 4499 2749 4526; baseline 0 0"><span class='ocrx_word' id='word_1_552' title='bbox 2728 4499 2749 4526; x_wconf 70' lang='lat'><em>0</em></span> 
     </span>
    </p>
   </div>
  </div>
 </body>
</html>
