3192 4975
572 454 791 524 xxviii

575 635 654 668 me
674 619 914 668 vestiant?
950 618 1073 667 Hea-
1091 617 1125 675 i,
1146 620 1192 666 1.
1215 617 1281 666 ’18
1313 617 1469 668 Perii!
1508 618 1634 666 unde

576 684 647 732 illi
668 693 776 732 sunt
796 683 1009 731 ancillae?
1034 682 1161 729 Hea.
1180 681 1235 743 ii,
1250 685 1340 730 3.5
1376 682 1633 744 Postquam

576 763 895 862 ξιοτειοςλειεξιιῖ
933 746 1117 794 ancillae
1154 746 1395 856 advexisse
1428 747 1521 857 ῙζῙο.
1559 746 1630 802 ἰίἰ,

612 845 627 858 .
782 827 857 858 nci
896 826 1022 858 arum
1046 825 1232 872 gregem
1308 825 1429 858 ucun
1475 825 1634 857 secum

580 876 705 924 Hea.
724 875 780 931 ii,
802 880 852 924 3.
892 881 924 924 4
978 873 1194 922 Abducit
1238 889 1395 921 secum
1440 873 1635 921 ancillas

578 939 671 987 Eu.
692 939 761 1002 iii,
783 943 931 988 5.·33
964 938 1170 986 .Corrasi
1209 939 1381 994 omnia,
1420 937 1636 994 ancillas,

578 1017 734 1052 servos
773 1003 895 1052 Hea.
917 1002 953 1059 i,
978 1007 1100 1051 1.9o
1157 1001 1331 1049 Viden’
1354 1009 1407 1048 tu
1424 1002 1638 1060 ancillas,

580 1081 762 1127 aurum,
783 1067 993 1114 vestem?
1028 1066 1149 1115 Hea.
1175 1065 1227 1122 ii,
1242 1071 1289 1114 3.
1318 1070 1370 1115 u
1408 1065 1638 1128 Discipli-

579 1147 644 1180 na
664 1138 737 1179 est
758 1132 953 1186 eisdem,
978 1131 1257 1178 munerarier
1288 1130 1482 1177 ancillas
1515 1129 1638 1178 Hea.

580 1196 636 1252 ii,
658 1199 707 1244 3.
730 1201 794 1244 60
850 1195 1065 1243 Ancillas
1105 1209 1261 1242 secum
1298 1195 1493 1241 adduxit
1531 1193 1638 1257 plus

582 1261 747 1307 decem
780 1258 904 1308 Hea.
926 1258 993 1315 iii,
1013 1264 1061 1306 1.
1084 1263 1149 1307 42
1206 1257 1413 1306 Ancillas
1435 1255 1640 1306 Bacchi-

583 1324 659 1370 dis
682 1324 873 1371 traduce
896 1325 988 1371 huc
1010 1324 1072 1369 ad
1094 1337 1179 1369 vos
1200 1336 1395 1385 propere
1428 1321 1550 1370 Hea.
1571 1320 1638 1378 iv,

514 1401 520 1407 ·
583 1392 635 1436 4.
659 1392 723 1437 22
755 1387 950 1450 Sponsae
974 1397 1167 1440 vestem,
1188 1401 1367 1440 aurum,
1392 1394 1534 1448 atque
1556 1401 1640 1432 an—

585 1450 717 1500 cillas
740 1467 859 1514 opus
877 1466 980 1500 esse
1013 1451 1134 1498 Hea.
1173 1466 1219 1506 v,
1245 1455 1290 1501 1.
1310 1455 1376 1500 20
1433 1449 1642 1497 Ancillas

586 1516 711 1564 dedo
745 1516 837 1564 He.
860 1533 905 1573 V,
927 1519 977 1566 2.
999 1519 1030 1564 '1

653 1577 909 1630 Ancillula.
996 1580 1229 1627 Praeterea
1281 1595 1377 1625 una
1419 1577 1645 1626 ancillula

588 1651 689 1692 erat
718 1643 841 1692 Hea.
856 1645 913 1702 ii,
936 1647 984 1693 3.
1006 1648 1069 1693 52
1106 1641 1255 1691 Uxori
1274 1643 1478 1692 emunda
1496 1642 1644 1689 ancil-

588 1707 689 1756 lula
710 1715 783 1756 est
799 1708 905 1756 Ph.
922 1708 987 1764 iv,
1010 1712 1057 1757 3.
1079 1712 1144 1756 60
1198 1707 1391 1763 Nonne,
1427 1707 1509 1754 ubi
1530 1705 1646 1752 mihi

592 1771 711 1820 dixti
743 1787 917 1834 cupere
938 1779 986 1820 te
1007 1788 1063 1819 ex
1086 1771 1337 1834 AEthiopia
1356 1770 1645 1830 ancillulam,

590 1835 826 1900 quesivi?
861 1836 953 1883 Eu.
971 1836 1005 1891 i,
1030 1840 1077 1884 2.
1098 1841 1163 1884 86
1212 1835 1298 1883 Me
1320 1835 1560 1882 ire.dicam
1582 1835 1646 1882 ad

591 1907 864 1957 mercatum,
902 1899 1171 1947 ancillulam
1204 1907 1381 1946 emtum
1407 1898 1503 1946 Ph.
1523 1914 1572 1954 v,
1595 1903 1645 1945 5.

594 1969 657 2014 10
704 1963 859 2019 Quam
891 1963 1141 2026 (amicam)
1182 1979 1288 2010 cum
1311 1978 1405 2010 una
1425 1960 1648 2010 ancillula

592 2028 673 2076 hic
694 2027 861 2089 reliqui
894 2027 1017 2075 Hea.
1040 2027 1093 2083 ii,
1114 2031 1161 2076 3.
1186 2031 1244 2075 11
1388 2061 1393 2066 -

659 2090 861 2140 Andria.
928 2091 1023 2139 Hei
1042 2107 1219 2147 vereor,
1241 2106 1303 2138 ne
1324 2091 1440 2154 qnid
1464 2089 1650 2138 Andria

594 2163 816 2220 apportet
834 2156 946 2204 mali
979 2155 1043 2203 A.
1063 2156 1101 2212 i,
1117 2160 1164 2204 1.
1181 2159 1249 2205 46
1304 2155 1422 2202 Haec
1442 2154 1648 2211 Andria,

595 2221 694 2269 sive
711 2221 800 2268 ista
820 2237 954 2275 uxor,
976 2221 1073 2268 sive
1093 2221 1247 2266 amica
1266 2227 1337 2266 est
1369 2218 1433 2265 A.
1455 2220 1493 2274 i,
1518 2223 1565 2267 3.
1586 2224 1649 2267 10

597 2285 794 2333 Andriae
831 2285 905 2332 illi
940 2285 993 2330 id
1030 2292 1129 2330 erat
1170 2298 1342 2330 nomeu
1376 2281 1439 2329 A.
1458 2282 1495 2339 i,
1522 2287 1650 2331 1.58

596 2349 867 2397 Menander
884 2346 1001 2394 fecit
1020 2346 1243 2394 Andriam
1282 2354 1331 2394 et
1362 2345 1651 2394 Perinthiam

597 2411 663 2460 A.
684 2412 812 2459 Prol.
833 2417 865 2460 9
916 2411 1037 2467 Quae
1057 2425 1315 2458 convenere
1333 2410 1383 2456 in
1404 2411 1652 2467 Andriam,

599 2494 657 2525 ex
678 2475 917 2525 Perinthia
939 2475 1109 2523 fatetur
1132 2474 1416 2523 transtulisse
1438 2473 1505 2523 A.
1520 2473 1652 2525 Prol.

598 2545 662 2591 13
718 2540 797 2587 Ab
814 2540 993 2588 Andria
1014 2547 1087 2587 est
1106 2540 1276 2587 ancilla
1296 2542 1397 2588 haec
1428 2539 1491 2589 A.
1510 2538 1583 2596 iii,
1606 2544 1655 2588 1.

600 2610 651 2655 3.
680 2605 744 2661 iv,
767 2610 816 2655 4.
840 2610 902 2655 17
1637 2622 1644 2644 1

665 2668 892 2717 Andrius.
955 2666 1189 2715 Andrium
1218 2684 1307 2731 ego
1328 2667 1569 2717 Critonem
1582 2668 1654 2715 vi-

602 2733 693 2781 deo
714 2734 731 2780 ?
765 2732 830 2780 A.
856 2750 899 2789 v,
922 2737 969 2782 4.
992 2737 1021 2782 3

667 2797 873 2846 Andrus.
942 2796 1127 2845 Navem
1162 2797 1207 2844 is
1230 2796 1369 2859 fregit
1401 2796 1531 2861 apud
1552 2796 1656 2843 An-

603 2862 739 2909 drum
758 2861 959 2910 insulam
991 2860 1059 2908 A.
1080 2862 1117 2917 i,
1140 2866 1189 2910 3.
1216 2865 1276 2910 17
1323 2859 1512 2909 Atticus
1548 2862 1660 2909 navi

603 2926 767 2988 fracta,
789 2928 915 2989 apud
942 2924 1151 2973 Andrum
1189 2924 1369 2987 ejectus
1402 2932 1473 2972 est
1505 2924 1568 2973 A.
1608 2942 1657 2985 v,

607 2994 657 3040 4.
671 2995 735 3039 20
788 2991 860 3037 Ex
897 2989 1064 3037 Andro
1085 2989 1405 3051 commigravit
1422 2990 1515 3037 huc
1544 2990 1661 3038 vici-

603 3054 699 3102 niae
716 3052 783 3104 A.
805 3054 843 3111 i,
865 3058 912 3102 1.
932 3058 996 3103 43
1049 3053 1229 3101 Eadem
1266 3054 1366 3101 haec
1404 3053 1541 3101 multi
1576 3054 1660 3101 alii

604 3118 658 3169 in
678 3117 843 3167 Andro
866 3126 964 3165 tum
986 3118 1204 3167 audivere
1229 3113 1290 3163 A.
1313 3134 1359 3178 v,
1378 3122 1426 3165 4.
1451 3122 1515 3167 28

652 3182 1003 3246 zAngiportum.
1068 3182 1144 3227 Ibi
1160 3182 1457 3241 angiportum
1472 3188 1661 3243 propter

608 3253 681 3295 est
718 3246 815 3294 Ad.
838 3248 903 3299 iv,
928 3250 977 3294 2.
993 3249 1054 3292 37
1090 3244 1145 3290 Id
1164 3245 1459 3305 angiportum
1474 3260 1569 3291 non
1588 3253 1662 3291 est

607 3310 818 3371 pervium
850 3309 948 3359 Ad.
971 3308 1035 3361 iv,
1054 3312 1102 3357 2.
1125 3312 1189 3357 39
1222 3308 1324 3370 Ego
1346 3324 1420 3355 me
1441 3308 1491 3355 in
1515 3311 1662 3371 pedes

611 3374 663 3419 in
684 3373 979 3435 angiportum
1016 3372 1255 3434 quoddam
1292 3372 1524 3419 desertum
1568 3374 1660 3422 Eu.

616 3452 662 3492 v,
684 3441 734 3485 2.
757 3442 789 3485 6
836 3436 963 3484 Hinc
984 3437 1239 3483 concedam
1274 3436 1327 3485 in
1364 3436 1660 3501 angiportum

612 3501 704 3549 hoc
723 3500 979 3564 proximum
1002 3500 1091 3550 Ph.
1114 3516 1160 3555 v,
1183 3506 1231 3549 6.
1251 3506 1312 3550 δι

677 3567 835 3628 Ango.
902 3564 972 3613 At
992 3580 1086 3611 non
1109 3566 1383 3628 quotidiana
1415 3583 1526 3616 cura
1558 3569 1660 3615 haec

610 3637 806 3694 angeret
827 3630 1034 3677 animum
1067 3630 1156 3677 Ph.
1178 3632 1284 3685 ἰ..3.
1306 3636 1337 3680 8

678 3695 875 3757 Anguis.
940 3693 1124 3756 Anguis
1160 3711 1243 3757 per
1278 3695 1553 3759 impluvium
1576 3697 1660 3743 de-

611 3759 733 3808 cidit
754 3761 815 3807 de
832 3758 1001 3823 tegulis
1035 3760 1124 3807 Ph.
1145 3760 1211 3815 iv,
1231 3764 1278 3809 4.
1299 3766 1362 3809 27

679 3823 911 3887 Angulus.
976 3822 1162 3873 Interea
1181 3826 1233 3873 in
1260 3824 1483 3887 angulum
1502 3822 1663 3886 aliquo

612 3889 774 3937 abeam
809 3887 907 3935 Ad.
931 3904 977 3944 v,
1000 3893 1048 3937 2.
1072 3894 1133 3937 10

678 3952 938 4015 Angustus,
960 3967 1005 4007 a,
1026 3968 1119 4000 um.
1184 3951 1291 3999 Hac
1329 3968 1375 3999 re
1405 3951 1456 3998 in
1493 3967 1664 4015 angus-

615 4023 716 4063 tum
750 4017 929 4080 oppido
963 4032 1090 4065 nunc
1111 4031 1227 4063 meae
1261 4024 1493 4078 coguntur
1512 4017 1664 4079 copiae

618 4079 737 4129 Hea.
760 4082 825 4140 iv,
845 4086 890 4129 2.
914 4086 946 4130 2
1106 4117 1112 4125 .

682 4145 888 4193 Anhelo.
952 4143 1155 4193 Memini
1178 4143 1238 4192 ad
1261 4160 1335 4191 me
1358 4151 1497 4192 nocte
1517 4145 1668 4207 prima

614 4208 869 4319 {onfugere
890 4210 1186 4257 anhelantem
1200 4210 1401 4256 domum
1435 4207 1527 4257 He.
1552 4225 1600 4270 v,
1617 4214 1667 4259 3.

683 4335 907 4387 Anicula.
994 4338 1401 4401 Importunitatem
1457 4304 1668 4401 spectate

1543 463 1784 518 INDEX

1708 617 1907 666 anicula
1940 616 2004 664 A.
2027 617 2060 673 i,
2082 619 2130 667 4.
2152 619 2184 665 4
2237 614 2411 677 Neque
2432 624 2587 671 notus,
2611 631 2762 680 neque

1709 688 1956 744 cognatus,
1977 689 2106 729 extra
2141 695 2282 727 unam
2319 680 2572 738 aniculam,
2606 683 2766 729 aderat

1710 746 1798 793 Ph.
1820 746 1857 800 i,
1879 750 1925 793 2.
1948 749 2012 794 48

1774 809 1962 856 Anima.
2044 808 2156 856 Seni
2193 807 2396 855 animam
2433 808 2631 870 primum
2683 825 2770 856 ex·

1711 873 1966 936 tinguerem
1989 873 2078 936 ipsi
2112 871 2209 921 Ad.
2231 872 2303 932 iii,
2323 877 2370 920 2.
2395 877 2456 920 16
2504 872 2630 929 Quid
2670 873 2763 920 fes-

1710 938 1848 1000 tinas,
1870 938 1935 984 mi
1974 936 2130 984 Geta?
2164 937 2364 983 animam
2383 936 2538 999 recipe
2571 937 2666 984 Ad.
2692 937 2766 994 iii,

1709 1005 1758 1050 2.
1783 1007 1848 1050 26
1894 1000 2115 1049 Animam
2139 1000 2393 1062 relinquam
2416 1001 2586 1062 potius,
2621 1016 2764 1064 quam

1708 1065 1814 1113 illas
1836 1066 2043 1114 deseram
2078 1063 2178 1114 Ad.
2216 1065 2292 1118 iii,
2330 1068 2380 1112 4.
2412 1069 2474 1113 52
2528 1064 2678 1120 Quid,
2723 1066 2765 1112 si

1713 1131 1913 1176 animam
1935 1129 2110 1178 debet?
2145 1129 2236 1176 Ph.
2256 1128 2324 1184 ἰν,
2346 1132 2393 1176 3.
2413 1133 2475 1177 56
2531 1127 2723 1176 Accessi
2746 1145 2759 1176 ε

1712 1195 1840 1242 astiti
1860 1212 1871 1240 ε
1907 1195 2105 1240 animam
2130 1192 2382 1254 compressi
2411 1191 2506 1242 Ph.
2527 1210 2575 1247 v,
2597 1198 2648 1241 6.
2667 1196 2732 1241 28

1777 1257 2132 1305 Animadverto.
2198 1256 2474 1318 Postquam,
2521 1263 2768 1318 tantopere

1715 1321 1764 1368 id
1787 1338 1870 1370 vos
1889 1322 2028 1378 velle,
2066 1321 2482 1369 animadvortcrarn
2516 1319 2606 1370 Ph.
2647 1337 2694 1377 v,
2715 1324 2768 1370 7.

1716 1391 1780 1436 16
1829 1387 1950 1436 Cum
1975 1385 2160 1433 silentio
2199 1385 2566 1441 anImadvertite,
2589 1391 2644 1431 ut
2666 1400 2768 1447 per-

1715 1451 1918 1498 noscatis
1951 1449 2041 1498 Eu.
2063 1449 2192 1498 Prol.
2229 1453 2295 1499 44
2341 1447 2478 1496 Alios
2511 1451 2638 1495 tuam
2673 1463 2768 1495 rem

1715 1514 1956 1562 credidisti
1991 1515 2154 1578 magis,
2179 1527 2320 1576 quam
2341 1520 2460 1572 tete,
2479 1513 2770 1560 animadver-

1716 1580 1881 1626 suros?
1916 1578 2007 1626 Ph.
2025 1578 2102 1632 iii,
2126 1583 2172 1627 1.
2198 1581 2227 1626 3
2275 1575 2346 1624 Ea
2367 1578 2427 1624 ab
2448 1577 2530 1624 illo
2555 1577 2768 1624 animad-

1715 1644 1939 1691 vertenda
1960 1641 2130 1705 injuria
2153 1647 2224 1688 est
2255 1639 2316 1688 A.
2354 1641 2393 1698 i,
2417 1646 2462 1689 1.
2487 1645 2583 1690 129
2632 1639 2676 1688 Ο
2700 1640 2770 1688 fa-

1717 1707 1850 1755 cinus
1871 1705 2364 1754 animadvertendum!
2400 1703 2465 1752 A.
2486 1706 2550 1762 iv,
2571 1708 2620 1753 4.
2642 1707 2707 1753 28

1786 1771 1999 1819 Animus.
2062 1770 2235 1834 Neque
2250 1775 2570 1818 commovetur
2589 1768 2796 1816 animus·

1717 1836 1769 1883 in
1791 1852 1848 1883 ea
1869 1851 1917 1884 re
1951 1834 2016 1885 A.
2040 1835 2078 1896 i,
2101 1839 2149 1883 1.
2173 1839 2238 1884 67
2292 1834 2426 1881 Mala
2448 1849 2596 1889 mens,
2620 1832 2771 1880 malus

1719 1900 1900 1947 animus
1932 1897 1997 1946 A.
2016 1898 2052 1954 i,
2077 1902 2126 1947 1.
2150 1902 2245 1947 137
2295 1897 2426 1945 Dum
2447 1899 2499 1945 in
2534 1897 2680 1944 dubio
2702 1904 2776 1944 est

1719 1965 1917 2018 animus,
1939 1962 2082 2026 paulo
2105 1970 2340 2010 momento
2362 1963 2454 2008 huc
2474 1962 2585 2009 illuc
2608 1960 2773 2023 impel-

1633 2057 1640 2066 ·
1720 2028 1831 2075 litur
1851 2028 1913 2075 A.
1936 2029 1968 2083 i,
1991 2032 2038 2075 5.
2059 2031 2120 2076 31
2163 2027 2234 2075 Ut
2253 2027 2434 2073 animus
2456 2027 2502 2072 in
2525 2041 2608 2087 spe
2631 2033 2775 2088 atque

1719 2091 1772 2140 in
1814 2092 1978 2140 timore
2016 2105 2166 2153 usque
2209 2092 2408 2138 antehac
2444 2097 2649 2138 attentus
2685 2089 2778 2138 fuit

1722 2155 1786 2206 A.
1809 2156 1860 2212 ii,
1881 2160 1924 2205 1.
1950 2160 1979 2205 3
2029 2155 2174 2203 Potes
2204 2170 2348 2212 nunc,
2381 2154 2491 2202 dum
2514 2155 2692 2201 animus
2713 2154 2777 2200 ir-

1722 2220 1885 2268 ritatus
1903 2228 1974 2267 est
1995 2219 2056 2266 A.
2087 2219 2158 2276 iii,
2190 2225 2238 2269 4.
2261 2225 2324 2269 18
2377 2218 2471 2266 Vix
2506 2234 2607 2265 sum
2645 2218 2775 2280 apud

1722 2300 1816 2341 me,
1839 2285 1904 2330 ita
1925 2285 2107 2332 animus
2130 2289 2390 2331 commotus
2411 2291 2485 2331 est
2505 2292 2648 2338 metu,
2671 2297 2774 2343 spe,

1725 2349 1900 2411 gaudio
1933 2347 1995 2397 A.
2019 2365 2066 2404 v,
2088 2353 2135 2397 4.
2159 2352 2223 2397 34
2262 2349 2399 2395 Meus
2421 2348 2496 2396 fac
2519 2347 2582 2394 sis
2600 2354 2778 2408 postre-

1726 2428 1802 2458 mo
1825 2412 2025 2469 animus,
2047 2413 2238 2475 quando
2261 2428 2351 2476 ego
2374 2427 2474 2458 sum
2497 2419 2605 2458 tuus
2639 2410 2727 2456 Eu.
2745 2411 2778 2467 i,

1726 2481 1774 2527 2.
1797 2481 1893 2526 116
1945 2476 2196 2541 Impendio
2218 2477 2364 2541 magis
2399 2475 2581 2524 animus
2604 2475 2777 2537 gaude·

1726 2541 1810 2588 bat
1829 2542 1944 2589 mibi
1977 2542 2069 2592 Eu.
2091 2542 2160 2597 iii.
2183 2548 2230 2591 ⁵.
2251 2547 2316 2591 39
2358 2542 2646 2591 Jamdudum
2680 2540 2784 2586 ani-

1728 2616 1830 2653 mus
1866 2613 1940 2653 est
1975 2607 2024 2652 in
2061 2607 2236 2669 patinis
2268 2606 2448 2659 Eu.iv,
2471 2610 2520 2655 7.
2538 2610 2605 2653 46
2659 2604 2780 2652 Haec

1731 2671 1924 2733 perinde
1961 2678 2087 2727 sunt,
2125 2679 2178 2718 ut
2209 2670 2336 2719 illius
2371 2670 2568 2725 animus,
2605 2668 2687 2731 qui
2723 2684 2781 2716 ea

1731 2736 1942 2797 possidet
1973 2733 2096 2783 Hea.
2120 2735 2154 2792 i,
2172 2740 2220 2785 2.
2240 2740 2302 2783 21
2355 2734 2453 2782 Ubi
2487 2734 2669 2780 animus
2708 2748 2780 2779 se-

1731 2799 1824 2846 mel
1846 2816 1895 2847 se
1916 2799 2177 2862 cupiditate
2198 2799 2412 2847 devinxit
2442 2798 2564 2844 mala
2597 2796 2719 2843 Hea.
2741 2796 2781 2853 i,

1732 2867 1782 2912 2.
1807 2868 1870 2913 34
1903 2862 2080 2911 Nescio
2100 2863 2216 2926 quid
2239 2864 2350 2910 mihi
2368 2863 2546 2909 animus
2567 2860 2785 2924 praesagit

1731 2927 1842 2975 mali
1875 2928 1998 2975 Hea.
2016 2926 2073 2987 ii,
2093 2932 2140 2976 2.
2179 2932 2211 2977 7
2267 2927 2379 2975 Vita
2413 2934 2484 2973 est
2521 2927 2784 2981 eadem,.et

1733 2992 1916 3039 animus
1939 2999 1985 3039 te
2022 3006 2130 3054 erga
2151 2992 2294 3047 idern,
2317 3007 2372 3039 ac
2390 2990 2482 3038 fuit
2519 2990 2640 3037 Hea.
2660 2990 2713 3044 ii,
2737 2993 2785 3037 3.

1732 3060 1796 3105 24
1842 3056 1947 3103 Nisi
1968 3072 2041 3102 me
2062 3056 2245 3103 animus
2267 3056 2404 3111 fallit,
2425 3056 2500 3103 hic
2523 3062 2595 3102 est
2617 3052 2784 3100 anulus

1733 3118 1856 3167 Hea.
1874 3120 1938 3175 iv,
1964 3125 2010 3168 1.
2037 3124 2062 3168 1
2109 3120 2446 3174 Misericordia,
2482 3118 2664 3166 animus
2685 3132 2786 3164 ma-

1733 3192 1889 3231 ternus
1927 3184 2048 3232 Hea.
2071 3185 2135 3242 iv,
2158 3190 2204 3233 1.
2227 3188 2310 3233 24‘
2335 3183 2526 3239 Quanto
2563 3189 2670 3228 tuus
2709 3186 2785 3227 est

1733 3248 1913 3295 animus
1945 3255 2058 3295 natu
2083 3249 2278 3311 gravior,
2300 3246 2614 3310 ignoscentior
2657 3244 2783 3294 Hea.

1732 3312 1796 3367 iv,
1821 3317 1867 3361 l.
1890 3318 1954 3361 32
1988 3312 2096 3360 Nisi
2120 3329 2192 3360 me
2214 3312 2392 3359 animus
2410 3311 2532 3359 fallit
2568 3310 2693 3358 Hea.
2717 3310 2784 3369 iv,

1732 3381 1781 3425 2.
1806 3381 1853 3424 1.
1891 3377 1978 3425 Ph.
2011 3394 2060 3433 V,
2084 3382 2130 3426 1.
2153 3382 2184 3425 8
2231 3376 2428 3423 Animus
2461 3375 2548 3422 tibi
2571 3374 2785 3438 pendet?

1733 3438 1831 3487 Ad.
1852 3440 1906 3500 ii,
1928 3445 1975 3489 2.
2015 3445 2079 3490 18
2131 3441 2213 3488 Sin
2253 3440 2386 3489 aliter
2419 3440 2600 3487 animus
2635 3445 2789 3485 voster

1647 3536 1652 3541 -
1735 3513 1806 3551 est
1837 3504 1931 3553 Ad.
1956 3505 2027 3566 iii,
2052 3510 2098 3554 4.
2119 3510 2185 3554 46
2219 3504 2417 3553 Animus
2439 3505 2600 3551 timore
2623 3502 2784 3549 obstua

1735 3569 1839 3631 puit
1859 3568 1958 3619 Ad.
1977 3571 2044 3626 iv,
2067 3573 2116 3618 4.
2138 3574 2168 3617 3
2215 3568 2346 3617 Tuus
2380 3568 2466 3616 iste
2502 3566 2683 3613 animus
2717 3580 2782 3611 ω-

1735 3649 1854 3697 quus
1876 3632 1976 3681 Ad.
1995 3650 2041 3689 v,
2065 3638 2112 3681 3.
2133 3638 2194 3681 51
2231 3632 2428 3681 Animus
2449 3630 2617 3711 partim
2633 3629 2787 3677 uxoris

1735 3698 2048 3745 misericordia
2069 3698 2315 3745 devinctus
2334 3698 2426 3745 He.
2449 3712 2483 3753 r,
2505 3700 2554 3745 2.
2579 3699 2644 3743 92
2689 3692 2788 3751 Qui

1734 3778 1816 3809 eos
1851 3763 2078 3815 gubernat
2113 3762 2312 3818 animus,
2352 3762 2584 3810 infirmum
2623 3763 2790 3821 gerunt

1735 3826 1830 3874 He.
1850 3826 1924 3881 iii,
1950 3830 1993 3874 1.
2015 3830 2072 3875 31
2112 3825 2236 3872 Hem
2256 3826 2268 3872 Ξ
2304 3826 2422 3873 istoc
2445 3824 2584 3872 verbo
2607 3824 2788 3869 animus

1735 3889 1849 3936 mihi
1888 3890 2024 3937 rediit
2053 3888 2145 3937 He.
2185 3890 2256 3946 iii,
2287 3895 2336 3939 2.
2371 3895 2434 3939 12
2489 3886 2698 3946 Audisti,
2729 3886 2790 3933 de

1736 3956 1823 4001 hac
1845 3969 1892 4001 re
1915 3953 2096 4001 animus
2123 3954 2324 4002 meus‘ut
2345 3954 2434 4001 sit?
2471 3953 2563 4000 He.
2590 3968 2634 4007 v,
2657 3954 2704 3999 2.
2727 3953 2790 3998 19
2853 3993 2857 3998 ,

1737 4016 1939 4065 Animus
1959 4018 2042 4081 qui
2062 4020 2273 4067 modeste
2292 4018 2424 4067 istaec
2433 4018 2552 4065 ferat
2575 4016 2664 4063 Ph.
2687 4015 2720 4069 i,
2742 4018 2792 4062 3.

1741 4086 1803 4131 18
1859 4083 1979 4130 Haec
2002 4084 2223 4145 putabam
2245 4098 2346 4131 esse
2383 4082 2575 4130 humani
2613 4078 2791 4142 ingeni,

1740 4147 2064 4209 mansuetique
2103 4149 2246 4195 animi
2277 4147 2432 4195 officia
2465 4145 2526 4193 A.
2561 4145 2602 4206 i,
2641 4149 2684 4193 1.
2726 4146 2791 4191 87

1739 4210 1990 4274 Ejiciunda
2013 4212 2168 4260 hercle
2191 4214 2288 4259 haec
2312 4219 2384 4259 est
2403 4208 2626 4259 mollities
2646 4205 2792 4254 animi

1741 4274 1832 4325 Eu.
1849 4276 1908 4331 ii,
1931 4280 1976 4325 1.
2001 4280 2064 4325 16
2113 4276 2183 4324 Ut
2220 4276 2363 4323 falsus
2401 4273 2545 4321 animi
2569 4272 2662 4321 est!
2697 4269 2791 4318 Eu.

1740 4339 1864 4396 ii,2.
1885 4346 1948 4390 43
2005 4340 2136 4396 Quid
2171 4339 2240 4388 illi
2259 4340 2410 4389 credis
2432 4337 2580 4387 animi
2602 4344 2698 4383 turn
2722 4334 2796 4380 fu·
