3192 4975
1133 446 1138 454 '
1203 433 1291 493 {N
1341 438 1821 496 TERENTmM.

435 598 532 659 que
547 593 752 643 animum
787 592 880 643 Ad.
906 610 952 649 v,
975 596 1023 643 3.
1046 598 1110 645 43
1144 594 1222 643 Ad
1252 596 1493 661 ingenium

433 661 559 707 tedis
591 658 683 707 He.
709 660 741 715 i,
764 663 810 708 2.
833 662 896 708 38
931 660 1069 707 Pium
1093 675 1147 709 ac
1174 661 1397 722 pudicum
1418 663 1492 709 in-

431 725 622 787 genium
666 738 819 770 narras
863 723 1100 786 Pamphili
1151 725 1246 774 He.
1276 726 1312 783 i,
1347 732 1395 775 2.
1428 732 1492 777 77

429 788 690 851 Postquam
716 803 798 849 par
815 787 1056 851 ingenium
1077 800 1246 837 nactus
1266 800 1345 838 est
1395 791 1489 841 He.

427 851 463 907 i,
487 857 534 901 2.
557 856 616 901 95
680 852 865 899 Morem
890 852 1152 916 antiquom,
1175 862 1318 917 atque
1358 855 1490 918 inge-

426 914 556 963 nium
580 916 763 963 obtines
797 916 891 965 He.
913 933 961 978 v,
979 921 1028 966 4.
1052 922 1116 966 20
1164 918 1268 982 Ego
1292 925 1340 967 te
1363 935 1490 967 com-

425 980 580 1041 plures
601 982 848 1029 advorsum
870 981 1112 1043 ingenium
1137 998 1291 1030 meum
1309 1000 1490 1033 menses

425 1044 510 1091 tuli
547 1045 635 1092 Ph.
659 1046 729 1101 iii,
751 1050 798 1094 2.
823 1050 885 1095 35
935 1046 1031 1102 Qui
1056 1054 1247 1109 gnatum
1270 1049 1486 1097 haberem

423 1109 508 1156 tali
527 1109 718 1172 ingenio
735 1110 986 1172 praeditum
1006 1110 1070 1157 A.
1093 1111 1126 1165 i,
1146 1115 1261 1161 1.71
1289 1112 1400 1174 Ipse
1416 1121 1488 1160 est

421 1172 616 1235 ingenio
633 1176 756 1221 bono
781 1173 841 1220 A.
861 1174 933 1230 iii,
951 1180 1000 1224 2.
1023 1180 1053 1223 7
1078 1174 1188 1222 Non
1209 1178 1328 1223 adeo
1346 1177 1484 1224 inhu-

419 1252 562 1284 mano
576 1238 770 1301 ingenio
783 1254 902 1294 sum,
917 1248 968 1285 ut
989 1240 1136 1295 Eu.v,
1153 1244 1271 1289 2.41
1294 1241 1370 1288 Ad
1387 1250 1484 1288 stu-

419 1302 550 1349 dium
569 1318 618 1350 se
641 1303 901 1365 applicasse
918 1303 1164 1359 minsicum,
1187 1305 1386 1353 amicum
1415 1308 1486 1353 in·

421 1366 564 1427 genio
578 1366 746 1414 fretum
766 1367 887 1415 Hea.
905 1367 1031 1415 Prol.
1043 1372 1108 1417 24
1135 1368 1330 1430 Ingenio
1344 1378 1390 1416 te
1409 1387 1482 1417 es·

419 1443 471 1477 se
493 1430 724 1489 inliberos
748 1429 841 1478 leni
865 1440 980 1493 puto
1009 1430 1133 1479 Hea-
1155 1429 1189 1488 i,
1214 1438 1262 1482 1.
1286 1438 1351 1482 99
1383 1434 1484 1481 Aut

422 1493 612 1556 ingenio
632 1496 816 1558 egregie
839 1497 900 1543 ad
931 1496 1138 1545 miserias
1177 1503 1312 1544 natus
1343 1514 1444 1545 sum
1467 1516 1480 1558 3

419 1566 502 1605 aut
535 1560 656 1607 Hea.
676 1560 750 1619 iii,
777 1566 821 1609 l.
848 1564 903 1609 11
962 1560 1069 1607 Nisi
1091 1561 1199 1609 illos
1221 1578 1278 1609 ex
1301 1569 1384 1609 tuo
1407 1562 1480 1610 in·

418 1624 560 1685 genio
571 1623 762 1686 judicas
798 1624 918 1672 Hes.
941 1642 987 1680 ν,
1015 1630 1060 1674 1.
1081 1630 1112 1675 7
1164 1626 1301 1681 Haec,
1322 1627 1389 1674 ita
1413 1629 1482 1675 uti

417 1686 596 1737 liberali
619 1704 721 1736 esse
741 1687 934 1751 ingenio
967 1691 1123 1745 decet,
1150 1692 1330 1751 pudens
1386 1692 1479 1740 He.

417 1750 454 1812 ἰ,
473 1756 522 1803 2.
547 1758 612 1801 89
645 1752 817 1815 Neque
839 1753 1122 1801 declinatam
1145 1756 1394 1817 quicquam
1418 1757 1477 1803 ab

417 1814 608 1863 aliarum
631 1818 822 1879 ingenio
845 1818 988 1865 ullam
1013 1820 1214 1879 reperias
1235 1819 1252 1865 ?
1307 1819 1398 1867 He.
1422 1820 1476 1877 ii,

420 1883 462 1928 1.
488 1886 516 1929 3
572 1881 648 1927 Ita
671 1882 782 1929 olim
823 1898 908 1929 suo
945 1897 1018 1929 me
1055 1882 1248 1945 ingenio
1288 1885 1478 1945 pertulit

415 1943 508 1992 He.
533 1945 601 2001 iii,
631 1952 672 1994 1.
694 1951 758 1995 22
800 1946 959 1993 Fuisse
980 1962 1088 2005 erga
1108 1964 1184 1994 me
1209 1948 1320 1995 miro
1341 1949 1475 2009 inge·

413 2009 494 2057 nio
515 2019 730 2069 expertus
752 2024 852 2057 sum
886 2011 978 2058 He.
1000 2010 1072 2066 iii,
1097 2017 1144 2059 5.
1171 2016 1234 2059 39
1279 2011 1356 2059 Ita
1377 2014 1476 2075 ple-

411 2074 546 2135 rique
563 2074 756 2135 ingenio
781 2090 938 2121 sumus
960 2091 1122 2122 omnes
1167 2076 1257 2123 Ph.
1281 2076 1316 2130 i,
1339 2082 1385 2126 3.
1411 2082 1474 2126 20

410 2138 602 2185 Adeon’
625 2139 814 2201 ingenio
839 2155 940 2185 esse
981 2141 1098 2185 duro
1139 2146 1186 2186 te
1225 2148 1366 2202 atque
1401 2142 1474 2187 in-

411 2202 654 2263 exorabili,
675 2204 760 2249 ut?
813 2202 904 2251 Ph.
926 2202 993 2259 iii,
1017 2208 1066 2251 2.
1095 2208 1154 2251 12
1206 2203 1378 2251 Eorum
1401 2205 1473 2251 in-

412 2267 550 2328 genia
575 2266 777 2313 admiror
798 2267 934 2314 simul
985 2266 1074 2313 Eu.
1096 2268 1152 2323 ii,
1174 2273 1222 2317 2.
1249 2274 1310 2317 19
1363 2270 1472 2326 Quo

413 2333 553 2378 modo
576 2334 864 2379 meretricum
892 2332 1080 2393 ingenia
1101 2340 1150 2379 et
1171 2348 1321 2381 mores
1365 2350 1472 2395 pos-

411 2403 484 2443 set
505 2411 696 2443 noscere
729 2396 818 2443 Eu.
839 2412 884 2452 v,
905 2400 953 2443 4.
981 2400 1040 2443 10
1090 2396 1186 2451 Qui
1209 2413 1315 2445 cum
1339 2398 1470 2461 inge-

411 2460 502 2508 niis
521 2460 816 2510 conflictatur
837 2459 1064 2522 ejusmodi
1098 2460 1164 2511 A.
1183 2461 1218 2521 i,
1238 2466 1284 2511 1.
1299 2467 1364 2511 66
1397 2463 1470 2512 Ex

409 2525 601 2572 aliarum
622 2525 824 2589 ingeniis
844 2541 970 2574 nunc
993 2541 1067 2573 me
1082 2525 1270 2589 judicet
1317 2528 1408 2578 Eu.
1431 2529 1468 2586 i,

474 2654 665 2718 Ingens.
731 2654 776 2700 Ο
810 2654 1047 2715 ingentem
1099 2655 1434 2704 confidentiam
1453 2654 1466 2702 !

408 2717 474 2768 A.
494 2735 541 2775 v,
565 2724 612 2768 3.
635 2725 662 2767 5
719 2719 923 2780 Magnas
966 2733 1075 2764 vero
1121 2733 1258 2781 agere
1300 2721 1468 2779 gratias

408 2782 552 2833 Thais
573 2783 720 2830 mihi?
778 2782 870 2831 Gn.
892 2783 1109 2844 ingentes
1163 2781 1253 2830 Eu.
1277 2784 1344 2840 iii,
1367 2790 1412 2833 1.
1437 2790 1468 2833 2

407 2845 526 2896 Fero
549 2849 642 2896 alia
661 2847 839 2909 flagitia
861 2847 921 2892 ad
947 2854 1010 2903 te,
1033 2847 1244 2908 ingentia
1283 2848 1378 2895 Ad.
1401 2849 1466 2906 iv,

471 2975 730 3037 Ingenuus,
753 2989 800 3035 a,
825 2989 920 3023 um.
986 2973 1129 3029 Quod
1157 2974 1272 3022 —sine
1312 2983 1469 3024 sumtu

404 3038 678 3102 ingenuam,
701 3037 939 3087 liberalem
961 3043 1126 3086 nactus
1149 3053 1199 3086 es
1253 3039 1342 3088 Ph.
1367 3041 1400 3100 i,
1420 3047 1470 3089 3.

417 3225 422 3230 ,
469 3167 657 3232 Iugero.
723 3166 942 3231 Ingeram
961 3167 1082 3215 mala
1099 3167 1282 3216 multa?
1316 3168 1378 3216 A.
1404 3169 1470 3232 iv,

407 3235 454 3280 1.
483 3238 543 3282 16
598 3233 702 3280 Nisi
725 3233 952 3296 sequitur,
972 3248 1156 3296 pugnos
1177 3233 1226 3280 in
1260 3241 1468 3281 ventrem

405 3297 567 3359 ingere
599 3298 689 3344 Ph.
713 3314 758 3352 v,
781 3302 830 3346 7.
851 3302 913 3346 95
1283 3355 1288 3360 ,

469 3361 725 3423 Ingluvies.
791 3361 972 3408 Harum
991 3360 1151 3410 videre
1191 3361 1465 3426 ingluviem,

403 3427 580 3482 sordes,
603 3426 810 3490 inopiam
843 3425 1005 3479 Eu.·v,
1023 3429 1076 3474 4.
1102 3431 1160 3474 15

374 3515 380 3522 ·
468 3489 702 3552 Ingratiis.
769 3489 838 3538 Ut
858 3490 1089 3552 defetiger
1124 3505 1290 3552 usque,
1312 3491 1466 3552 ingra-

403 3553 483 3600 tiis
504 3562 558 3600 ut
577 3557 801 3603 dormiam
854 3554 945 3602 Eu.
967 3554 1024 3614 ii,
1048 3560 1094 3603 1.
1120 3558 1181 3604 14
1235 3553 1307 3601 Ea
1327 3571 1465 3602 coac-

402 3623 454 3664 ta
475 3617 684 3680 ingratiis
706 3619 896 3682 postilla
927 3619 1072 3682 coepit
1112 3619 1283 3666 victum
1325 3619 1464 3680 volgo

402 3697 610 3744 quaerere
655 3683 777 3733 Hea.
799 3685 870 3744 iii,
895 3688 937 3733 1.
959 3689 1020 3732 37
1073 3682 1182 3744 Hoc
1205 3691 1464 3745 argentum,

403 3747 478 3859 {iz
493 3754 548 3792 ut
567 3747 728 3794 datum
750 3756 840 3804 est,
862 3748 1072 3812 ingratiis
1102 3748 1148 3796 ei
1181 3749 1342 3795 datum
1378 3749 1466 3795 erit

485 3842 496 3855 .
517 3825 546 3856 v
589 3816 637 3860 6.
657 3816 720 3860 48

465 3845 702 3936 Ingratus,
739 3889 786 3930 a,
825 3890 920 3921 um.
984 3874 1173 3938 Adeon’
1214 3893 1288 3924 me
1331 3876 1463 3940 igna-

399 3945 509 3986 vum
535 3942 706 4003 putas?
741 3938 910 3987 adeon'
934 3954 1068 4000 porro
1102 3941 1352 4003 ingratum,
1375 3943 1463 3988 ut?

399 4003 462 4064 A.
474 4004 567 4062 i,5.
577 4009 642 4054 43
665 4003 765 4052 Ah!
785 4003 980 4050 nimium
993 4019 1068 4050 me
1083 4005 1316 4060 ingratum
1328 4015 1464 4067 putas

398 4065 494 4116 He.
520 4086 566 4129 v,
588 4074 638 4119 4.
663 4074 725 4118 13
782 4067 1008 4130 Ignoscas
1043 4075 1200 4116 tamen
1240 4077 1383 4132 post;
1416 4077 1466 4116 et

401 4131 450 4178 id
475 4133 703 4196 ingratum
738 4131 862 4180 Hea.
886 4148 935 4195 v,
957 4137 1000 4180 1.
1024 4136 1086 4180 61

463 4195 722 4260 Ingredior.
789 4197 958 4245 Nescis
995 4197 1110 4260 quid
1147 4195 1256 4243 mali
1297 4203 1462 4258 praete·

398 4259 546 4314 fieris,
581 4264 661 4324 qui
702 4277 942 4334 nunquam
982 4277 1032 4310 es
1068 4261 1300 4324 ingressus
1339 4277 1464 4310 mare

399 4322 498 4370 He.
519 4324 586 4381 iii,
609 4331 661 4375 4.
685 4333 715 4375 5
842 4350 846 4354 ·
1025 4341 1029 4346 ·

2441 416 2629 496 clxiii

1634 596 1909 647 Inhonesta.
1974 596 2099 653 Quae
2112 608 2213 643 sese
2228 594 2475 645 inhoneste
2492 607 2629 661 opta·

1569 661 1640 709 vit
1657 676 1817 724 parere
1834 662 1913 710 hic
1935 660 2123 708 divitias
2156 659 2218 705 A.
2241 660 2305 715 iv,
2330 666 2379 709 5.
2402 666 2435 709 2

1632 724 1938 786 Inhonestns,
1962 742 2006 781 a,
2030 742 2127 774 um.
2192 722 2397 772 Illumne
2432 726 2625 774 obsecro

1569 788 1873 847 inhonestum
1893 790 2147 845 hominem,
2166 802 2342 843 senem,
2360 790 2625 837 mulierem?

1567 852 1661 901 Eu.
1682 854 1737 916 ii,
1757 858 1805 903 3.
1828 859 1889 903 65
1926 854 2083 911 Quam
2105 854 2367 900 inhonestas
2387 854 2500 900 ⁸01ae
2534 855 2627 901 sint

1565 918 1714 975 domi,
1738 926 1879 983 atque
1903 919 2053 966 avidae
2075 916 2168 965 cibi
2202 916 2295 965 Eu.
2320 933 2367 977 v,
2390 921 2439 966 4.
2468 922 2529 966 m

1631 982 1909 1031 Inhumane.
1932 982 2087 1030 Nimis
2103 980 2301 1045 graviter
2318 980 2495 1029 cruciat
2511 983 2625 1029 ado·

1564 1044 1891 1105 lescentulum,
1908 1048 2139 1111 nimisque
2156 1046 2407 1094 inhumane
2444 1046 2563 1095 Hea.
2578 1064 2625 1104 v,

1628 1174 1935 1231 Inhumanus‚
1957 1191 2003 1231 a,
2019 1192 2113 1221 um.
2182 1174 2369 1223 Adeon'
2388 1190 2464 1221 me
2484 1182 2621 1237 putas

1561 1238 1885 1300 inhumanum,
1906 1247 1989 1287 aut
2008 1240 2173 1294 ferum,
2205 1240 2292 1288 ut?
2346 1239 2407 1285 A.
2429 1240 2466 1299 i,
2490 1246 2537 1289 5.
2558 1244 2623 1288 43

1560 1302 1673 1351 Non
1719 1306 1896 1353 credidi
1934 1304 2119 1367 aedepol
2158 1306 2279 1353 adeo
2319 1304 2623 1351 inhumanum

1559 1364 1658 1416 fore
1707 1368 1801 1416 He.
1821 1368 1888 1427 iii,
1906 1374 1954 1415 5.
1973 1373 2039 1417 49
2072 1367 2183 1415 Non
2209 1372 2329 1417 adeo
2364 1368 2622 1417 inhumano
2696 1408 2703 1417 .

1559 1432 1751 1495 ingenio
1774 1449 1893 1490 sum,
1917 1441 1968 1480 ut
2017 1433 2107 1480 Eu.
2131 1449 2176 1491 v,
2200 1439 2247 1483 2.
2266 1438 2327 1484 41
2383 1434 2621 1481 Hiccine?

1559 1499 1687 1559 quod
1727 1499 1867 1544 homo
1908 1498 2317 1547 inhumanissimus
2372 1498 2462 1545 Ph.
2480 1497 2553 1553 iii,
2572 1502 2621 1546 2.

1557 1565 1620 1609 24
1657 1562 1778 1618 Quae
1800 1578 1907 1609 cum
1931 1560 2077 1609 milite
2097 1562 2371 1611 Corinthum
2391 1563 2501 1609 hinc
2518 1577 2621 1609 sum

1558 1626 1771 1689 profecta
1793 1625 2175 1673 inhumanissimo
2208 1627 2306 1675 He.
2330 1628 2365 1683 i,
2386 1632 2433 1675 2.
2460 1631 2518 1675 11

1622 1688 1812 1751 Injicio.
1864 1690 2047 1739 Timet:
2072 1690 2218 1753 injeci
2240 1691 2511 1755 scrupulum
2532 1690 2617 1737 ho-

1555 1753 1670 1801 mini
1703 1753 1875 1811 Ad.ii,
1891 1760 1937 1803 2.
1956 1760 2019 1804 20
2055 1754 2205 1817 Injeci
2224 1756 2493 1818 scrupulum
2526 1755 2618 1804 Ph.

1555 1834 1603 1873 V,
1625 1823 1673 1867 7.
1701 1823 1759 1867 61
1815 1820 2043 1881 Magnam
2060 1820 2174 1867 mihi
2197 1819 2362 1883 injecit
2384 1836 2466 1867 sua
2487 1835 2617 1867 com-

1553 1884 1785 1931 moditate
1803 1900 1960 1930 curam
1993 1883 2093 1933 Ad.
2118 1884 2182 1940 iv,
2206 1891 2253 1933 5.
2276 1890 2341 1933 76
2376 1885 2496 1941 Qum
2514 1900 2615 1933 sese

1553 1944 1603 1991 in
1636 1947 1794 2009 ignem
1827 1948 2021 2011 injicere
2056 1949 2223 2005 voluit,
2246 1948 2485 2011 prohibui,
2518 1964 2614 1995 ser-

1555 2012 1659 2057 vavi
1699 2011 1763 2058 A.
1786 2013 1819 2068 i,
1846 2018 1890 2062 1.
1910 2018 2003 2061 113
2056 2012 2152 2060 Ubi
2170 2014 2453 2075 desponsam
2490 2028 2612 2059 nun-

1554 2075 1677 2121 tiasti
1709 2078 1825 2131 filio,
1850 2078 2076 2123 continuo
2097 2076 2318 2139 injecisse
2352 2078 2491 2124 verba
2526 2078 2613 2123 tibi

1551 2134 1839 2188 Dromonem
1894 2142 2016 2188 Hea.
2040 2158 2085 2195 v,
2111 2148 2156 2189 1.
2193 2146 2253 2189 19
2307 2140 2496 2203 Injecta
2540 2151 2613 2189 est

1549 2218 1657 2265 spes
1673 2206 1811 2268 patri,
1834 2220 1969 2269 posse
1993 2206 2118 2252 illam
2144 2206 2326 2252 extrudi
2361 2206 2449 2251 Ph.
2473 2205 2541 2263 iv,
2564 2212 2611 2255 4.

1614 2332 1887 2380 Inimicitia.
1954 2330 2013 2379 In
2035 2347 2192 2381 amore
2215 2332 2317 2380 haec
2342 2333 2507 2381 insunt
2539 2332 2613 2380 vi·

1545 2396 1643 2443 tia:
1696 2398 1975 2453 inimicitiae,
2021 2397 2243 2452 induciae,
2282 2398 2475 2454 bellum,
2520 2414 2613 2461 pax

1541 2459 1637 2508 Eu.
1662 2462 1693 2518 i,
1721 2467 1767 2512 l.
1796 2468 1854 2512 15
1891 2460 2011 2518 Eho,
2038 2478 2131 2510 non
2153 2471 2203 2511 tu
2226 2462 2343 2510 dixti
2368 2478 2469 2511 esse
2489 2464 2611 2512 inter

1543 2541 1625 2572 eos
1664 2527 1951 2582 inimicitias,
1986 2528 2245 2575 carnufex?
2301 2527 2363 2574 A.
2404 2545 2449 2583 v,
2474 2533 2521 2576 2.
2548 2535 2608 2578 11

1546 2589 1669 2638 Cum
1689 2593 1848 2654 puella
1871 2607 2012 2651 anum
2033 2593 2296 2654 suscepisse
2314 2592 2613 2656 inimicitias,

1545 2670 1643 2701 non
1666 2657 1853 2718 pudet?
1890 2655 1981 2702 He.
2002 2657 2053 2710 ii,
2078 2662 2119 2704 1.
2138 2661 2199 2704 34
2235 2655 2490 2720 Nunquam
2514 2665 2610 2704 tam

1545 2734 1709 2780 graves
1747 2722 1808 2767 ob
1842 2721 1963 2766 hanc
2005 2720 2271 2766 inimicitias
2308 2735 2522 2783 caperem
2558 2722 2609 2768 in

1543 2783 1769 2830 familiam
1806 2785 1896 2830 Ph.
1918 2784 1971 2838 ii,
1994 2788 2043 2830 3.
2068 2789 2131 2832 23

1609 2845 1851 2895 Inimicus.
1886 2847 2053 2902 Qualis
2074 2849 2157 2894 sim
2174 2847 2369 2904 amicus,
2392 2856 2475 2894 aut
2491 2849 2609 2912 quid

1545 2913 1765 2972 possiem,
1788 2912 1946 2975 potius
1984 2927 2122 2974 quam
2163 2911 2397 2968 inimicus,
2422 2915 2605 2974 pericu-

1544 2974 1642 3021 lum
1664 2976 1809 3024 facias
1843 2975 1935 3022 He.
1960 2993 2004 3030 v,
2031 2981 2075 3024 1.
2100 2981 2163 3025 40
2204 2976 2373 3022 Potius
2394 2992 2535 3038 quam
2557 2985 2606 3025 te

1541 3038 1789 3088 inimicum
1807 3040 2004 3087 habeam
2039 3039 2130 3087 Eu.
2151 3041 2185 3096 i,
2208 3045 2255 3089 2.
2277 3045 2357 3089 94.
2380 3045 2446 3088 96
2500 3040 2604 3088 Mi-

1543 3111 1665 3151 seret
1686 3106 1755 3152 tui
1778 3121 1868 3160 me,
1890 3105 1971 3167 qui
1993 3105 2118 3152 hunc
2154 3111 2335 3151 tantum
2368 3105 2607 3154 hominem

1541 3169 1687 3216 facias
1728 3168 1968 3216 inimicum
2010 3168 2097 3215 tibi
2152 3169 2245 3216 Eu.
2268 3169 2334 3224 iv,
2358 3174 2405 3216 7.
2440 3174 2501 3218 32
2555 3171 2607 3218 Si

1541 3248 1705 3280 omnes
1726 3235 1851 3281 hunc
1877 3233 2144 3296 conjectum
2161 3235 2209 3280 in
2233 3233 2422 3296 nuptias
2446 3235 2601 3281 'mimi-

1541 3298 1582 3345 ci
1608 3298 1783 3346 vellent
1817 3297 1881 3344 A.
1902 3298 1967 3350 iv,
1994 3303 2117 3347 1.44
2152 3298 2225 3344 Ex
2244 3298 2402 3362 amicis
2424 3299 2604 3347 inimici

1540 3370 1594 3409 ut
1618 3363 1715 3410 sint
1734 3364 1871 3409 nobis
1910 3363 2089 3418 affines,
2112 3363 2228 3410 facis
2278 3363 2371 3410 He.
2392 3363 2444 3418 ii,
2469 3368 2515 3410 1.
2541 3369 2603 3412 14

1540 3425 1649 3473 Au!
1686 3429 1879 3475 obsecro
1904 3437 1967 3482 te,
1992 3428 2111 3474 istuc
2134 3428 2335 3474 inimicis
2357 3428 2446 3475 siet
2479 3427 2603 3476 Hea.

1539 3508 1586 3546 v,
1610 3497 1655 3539 3.
1681 3497 1739 3540 13
1796 3491 1845 3538 N
1850 3507 1929 3546 on,
1952 3491 1990 3536 si
2014 3492 2275 3554 capiundos
2307 3492 2419 3538 mihi
2454 3493 2598 3540 sciam

1539 3571 1643 3602 esse
1654 3555 1865 3604 inimicos
1889 3571 2049 3602 omnes
2066 3557 2277 3602 homines
2300 3555 2364 3602 A.
2386 3555 2449 3618 iv,
2466 3561 2515 3604 2.
2537 3563 2601 3606 12

1539 3620 1618 3668 De
1654 3623 1819 3668 eadem
1859 3635 2001 3668 causa
2034 3629 2107 3668 est
2155 3621 2407 3667 iracundus
2448 3622 2601 3668 factus

1537 3684 1885 3732 inimicissimus
1929 3685 2021 3732 He.
2046 3685 2113 3741 iii,
2141 3690 2185 3732 1.
2211 3689 2275 3732 29

1605 3748 1789 3811 Inique.
1856 3749 1934 3796 Ne
1964 3765 2069 3796 eum
2106 3750 2469 3796 circumventum
2508 3748 2598 3794 ini-

1537 3829 1631 3876 que
1676 3814 1824 3876 iniqui
1867 3813 2091 3859 irrideant
2144 3813 2233 3860 He.
2260 3812 2359 3858 Alt.
2385 3811 2510 3858 Prol.
2532 3817 2598 3860 46

1538 3876 1587 3923 N
1590 3894 1630 3923 ae
1654 3893 1739 3923 nos
1763 3892 1921 3924 sumus
1938 3877 2155 3940 mulieres
2170 3877 2330 3939 inique
2350 3892 2483 3939 aeque
2499 3893 2599 3922 om-

1537 3957 1622 3989 nes
1645 3942 1805 3990 invisae
1826 3942 1936 3990 viris
1989 3941 2082 3988 He.
2104 3941 2153 3993 ii.
2174 3945 2221 3988 3.
2248 3947 2269 3988 1
2328 3941 2483 3996 Quam
2505 3940 2595 3987 ini-

1537 4021 1631 4069 que
1652 4015 1971 4068 comparatum
1995 4005 2094 4053 est!
2134 4005 2221 4052 Ph.
2244 4005 2277 4060 i,
2303 4010 2347 4052 1.
2370 4010 2399 4052 7
2456 4003 2595 4052 Nun-

1537 4086 1676 4133 quam
1701 4071 1798 4118 vidi
1817 4071 2023 4133 iniquius
2046 4070 2444 4117 concertationem
2466 4086 2595 4117 corn·v

1538 4143 1745 4196 paratam
1780 4137 1877 4182 Ad.
1902 4136 1951 4190 ii,
1974 4140 2023 4182 2.
2044 4139 2074 4182 3

1603 4199 1819 4262 Iniquus,
1842 4216 1886 4254 a,
1913 4215 2006 4247 um.
2041 4246 2046 4251 ,
2080 4196 2219 4256 Vide,
2242 4213 2382 4260 quam
2406 4198 2597 4262 iniquus·
2692 4223 2695 4226 ·

1535 4262 1599 4309 sis
1623 4279 1717 4326 prae
1740 4265 1897 4311 studio
1953 4263 2015 4311 A.
2041 4279 2084 4318 ν,
2116 4267 2157 4310 1.
2178 4267 2209 4311 6
2264 4261 2369 4309 Oh!
2406 4262 2597 4327 iniquus

1535 4343 1585 4374 es
1644 4328 1767 4377 Hes..
1790 4345 1837 4387 v,
1861 4333 1965 4378 3.9
2020 4326 2207 4384 Quibus
2250 4327 2327 4375 iris
2366 4327 2596 4392 impulsus
