3192 4975
563 437 727 506 -c'viii

560 602 709 660 Facie,
730 603 871 668 q‘uam
892 607 1031 654 aeta'te
1047 601 1258 668 integra!
1294 602 1387 651 Eu.
1400 603 1537 660 iim.
1560 603 1624 653 19

565 669 675 748 1²30
693 668 827 717 illum
848 667 1145 726 Eunuchum,
1166 669 1207 716 ri
1224 685 1344 732 opus
1358 669 1435 726 sit,
1455 671 1529 718 vel
1546 685 1623 716 so-

563 733 695 782 brius
743 733 836 783 Eu.
872 733 942 789 iii,
965 737 1014 783 2.
1036 739 1103 783 26
1160 733 1439 782 Eunuchum
1482 749 1622 796 quem

566 796 746 846 dedisti
760 797 915 855 nobis,
970 812 1053 845 uas
1069 797 1225 845 turbas
1245 796 1409 846 dedit!
1445 798 1535 846 Ειι.
1556 796 1624 860 iv,

564 866 619 911 3.
641 865 701 911 11
757 861 898 908 Illum
984 863 1221 911 unuchum
1264 869 1437 924 negant
1482 861 1626 910 fuisse

570 924 663 972 Eu.
684 938 732 986 v,
754 930 800 974 1.
818 931 853 974 6
886 924 1015 974 Emit
1032 927 1268 989 quendam
1290 925 1509 973 Phaedria
1524 927 1624 973 Eu·

562 989 774 1037 nuchum
807 989 900 1039 Eu.
923 1006 968 1044 v,
990 995 1039 1040 6.
1062 994 1123 1040 13
1158 989 1352 1048 Mirum,
1374 989 1424 1036 ni
1440 1004 1531 1052 ego
1548 1005 1625 1039 me

567 1052 766 1116 turpiter
785 1053 925 1102 hodie
945 1055 1025 1102 hic
1044 1055 1171 1102 dabo
1190 1067 1298 1102 cum
1328 1068 1433 1101 meo
1462 1054 1626 1102 decre·

566 1118 671 1181 pito
692 1117 785 1166 hoc
803 1117 1036 1167 Eunucho
1068 1117 1158 1167 Eu.
1177 1116 1234 1175 ii,
1261 1123 1307 1167 1.
1325 1121 1389 1166 25
1440 1117 1626 1180 Forma,

566 1189 617 1229 et
637 1181 785 1229 aetasi
823 1190 983 1239 nest,
1003 1181 1147 1231 facile
1181 1188 1235 1229 ut
1266 1197 1352 1246 pro
1392 1181 1624 1233 Eunucho

565 1246 737 1309 probes
812 1262 861 1295 ιι.
880 1246 939 1303 ii,
960 1252 1009 1296 3.
1028 1251 1092 1296 83
1137 1246 1208 1295 Ut
1226 1259 1311 1310 pro
1330 1245 1415 1293 illo
1428 1245 1626 1308 jubeam

566 1325 643 1358 me
664 1310 778 1358 illuc
798 1310 1023 1360 deducier
1051 1310 1151 1360 An.
1182 1311 1275 1358 Pro
1307 1309 1626 1359 Eunuchon'?

568 1372 661 1422 Ειι.
698 1375 769 1430 iii,
790 1381 840 1423 5.
860 1379 923 1424 25
978 1375 1123 1433 Quod
1151 1374 1258 1430 scis,
1279 1374 1450 1436 nescis,
1470 1391 1531 1422 ne
1566 1390 1626 1423 ue

566 1438 630 1485 de
649 1437 900 1496 Eunucho,
922 1453 1077 1514 neque
1100 1440 1161 1487 de
1182 1439 1295 1486 vitio
1316 1439 1509 1502 virginis
1575 1455 1624 1488 u.

568 1501 635 1558 iv,
655 1504 705 1551 4.
724 1509 789 1553 55
822 1502 1078 1552 Perdidisti
1093 1504 1255 1559 istum,
1269 1517 1411 1566 quem
1430 1503 1627 1551 adduxti

568 1565 1539 1694 3'01fssss03?0·‘i‘313222·3²23¹÷¹2.33;;
1539 1573 1628 1680 212:

568 1695 741 1743 ductus
763 1703 852 1748 est.
894 1696 983 1748 La,
1003 1697 1097 1745 Pro
1120 1695 1430 1745 Eunuchon'l
1466 1695 1559 1744 Eu.
1578 1713 1627 1754 v,

636 1821 819 1874 Evoco.
887 1824 1169 1889 Assequere,
1211 1839 1271 1872 ac
1309 1823 1474 1880 retine,
1514 1823 1629 1871 dum

569 1903 660 1951 ego
678 1887 771 1935 hnc
792 1903 946 1936 servos
966 1904 1114 1938 evoco
1147 1888 1239 1938 Ph.
1260 1904 1309 1945 v,
1324 1892 1369 1938 7.
1387 1891 1452 1937 89
1484 1887 1630 1936 Curre

568 1954 634 2000 ‘ad
670 1949 990 2001 Bacchidem:
1030 1954 1123 2000 huc
1159 1966 1305 2000 evoca
1334 1951 1485 1999 verbis
1515 1952 1632 1998 meis

573 2016 668 2066 He.
689 2014 755 2071 iv,
774 2020 825 2066 4.
845 2020 911 2066 98
962 2016 1123 2065 Heus!
1168 2023 1361 2064 evocate
1396 2016 1489 2064 huc
1527 2015 1630 2062 Da-

572 2097 681 2130 vom
716 2079 781 2130 A.
801 2081 872 2138 iii,
894 2087 945 2130 3.
965 2085 1032 2132 47
1082 2078 1211 2138 Quid
1236 2080 1315 2137 sit,
1347 2088 1635 2143 quapropter

572 2151 621 2194 te
642 2146 737 2196 huc
757 2145 883 2194 foras
910 2160 1106 2210 puerum
1140 2159 1336 2193 evocare
1363 2143 1487 2206 jussi
1539 2143 1634 2192 He.

572 2225 623 2266 v,
640 2215 687 2260 1.
708 2217 741 2261 6
782 2209 913 2256 Num
932 2225 1073 2274 quem
1095 2208 1280 2258 evocari
1308 2208 1419 2256 hinc
1453 2209 1525 2256 vis
1559 2208 1634 2256 fo-

572 2276 679 2321 ras?
711 2275 805 2322 Eu.
825 2273 882 2329 ii,
902 2279 953 2322 2.
975 2279 1042 2323 52

640 2337 840 2385 Evolve.
904 2337 1013 2384 Hae
1053 2351 1121 2398 re,
1161 2343 1213 2384 et
1254 2341 1301 2383 te
1337 2335 1465 2382 omni
1498 2336 1636 2382 turba

575 2401 780 2456 evolves,
802 2409 853 2448 et
870 2399 942 2446 illi
964 2407 1145 2462 gratum
1164 2398 1329 2447 seceris
1377 2397 1469 2448 Eu.
1498 2398 1564 2454 iv,
1584 2403 1636 2448 4.

576 2468 647 2515 56
698 2463 848 2512 Nullo
871 2479 1058 2527 possum
1079 2462 1285 2511 remedio
1307 2476 1385 2509 me
1420 2460 1636 2511 evolvere

576 2544 635 2577 ex
656 2528 729 2576 his
746 2528 911 2585 turbis,
933 2528 1049 2590 quin
1083 2527 1174 2576 Ph.
1197 2541 1243 2582 v.
1265 2532 1313 2577 4.
1330 2532 1360 2575 5

640 2592 841 2640 Evomo.
902 2591 973 2639 Ut
1013 2606 1103 2654 ego
1144 2590 1257 2637 iram
1298 2591 1420 2637 hanc
1460 2588 1515 2637 in
1554 2606 1639 2639 eos

576 2671 790 2706 cromam
809 2670 995 2705 omnem
1040 2654 1143 2705 Ad.
1162 2653 1233 2712 iii,
1252 2658 1303 2703 2.
1326 2657 1389 2702 14
1442 2653 1548 2710 Ibo,
1580 2669 1638 2704 ac

579 2720 812 2785 requiram
846 2720 1053 2777 fratrem,
1086 2726 1141 2766 ut
1169 2719 1218 2765 in
1248 2733 1356 2765 eum
1392 2719 1496 2766 hoec
1524 2734 1638 2766 evo-

578 2800 705 2833 mam
735 2786 832 2835 Ad.
854 2785 927 2841 iii,
944 2789 993 2833 4.
1013 2787 1077 2832 65
1130 2782 1291 2845 Atque
1327 2782 1379 2828 in
1408 2798 1512 2829 eam
1545 2783 1638 2831 hoc

580 2850 889 2963 gmzmgwd
910 2848 1025 2898 mihi
1047 2862 1168 2911 aegre
1186 2853 1275 2903 est,
1297 2861 1508 2894 evomam
1540 2846 1637 2894 He.

578 2930 651 2970 m,
710 2950 725 2965 .

580 3018 585 3023 .
646 2978 737 3026 Ex.
802 2976 926 3035 Quas
946 2990 1205 3025 convenere
1226 2975 1273 3023 in
1303 2973 1553 3036 Andriam,
1582 2987 1642 3023 ex

580 3042 823 3091 Perinthia
840 3044 1014 3090 fatetur
1028 3039 1315 3089 transtulisse
1347 3038 1409 3086 A.
1430 3039 1559 3087 Prol.
1576 3043 1640 3088 13

582 3106 637 3155 Is
655 3113 903 3171 postquam
924 3105 1121 3155 excessit
1141 3118 1199 3152 ex
1220 3103 1415 3166 ephebis
1448 3101 1513 3149 A‘.
1536 3104 1569 3158 i,
1594 3107 1643 3152 1.

581 3171 646 3221 24
680 3169 867 3219 Interea
884 3170 1049 3217 mulier
1070 3184 1129 3217 ex
1142 3167 1309 3214 Andro
1326 3166 1646 3228 commigravit

582 3233 881 3282 hucviciniae
910 3232 977 3279 A.
999 3233 1033 3292 i,
1053 3236 1100 3281 1.
1121 3234 1185 3279 43
1236 3229 1308 3277 Ex
1346 3230 1437 3278 hoc
1464 3230 1644 3277 misera

583 3297 770 3345 solicita
812 3308 885 3343 est
926 3296 1005 3343 die
1048 3294 1111 3342 A.
1132 3294 1169 3349 i,
1193 3298 1240 3341 5.
1262 3297 1323 3341 33
1382 3292 1481 3349 Qui
1501 3294 1640 3342 istum

583 3360 789 3408 amorem
808 3375 865 3406 ex
882 3359 1038 3405 animo
1054 3371 1271 3406 amoveas
1287 3358 1404 3405 tuo?
1436 3357 1500 3405 A.
1521 3357 1576 3415 ii,
1593 3363 1641 3408 1.

583 3428 616 3472 7
654 3422 897 3471 Redeunti
917 3422 1097 3470 interea
1116 3420 1173 3468 'ex
1193 3420 1297 3482 ipsa
1315 3436 1365 3469 re
1386 3420 1499 3469 mihi
1520 3422 1644 3471 iuci-

584 3486 661 3535 dit
696 3486 909 3550 suspicio
940 3484 1001 3533 A.
1024 3485 1076 3541 ii,
1096 3489 1147 3535 2.
1168 3489 1233 3535 22
1284 3484 1489 3534 Suadere
1526 3485 1644 3537 noli.

584 3550 681 3600 Da.
714 3550 793 3598 'Ex
813 3566 940 3599 care
960 3550 1077 3613 quid
1096 3549 1196 3605 fiat,
1216 3548 1326 3598 vide
1357 3548 1423 3598 A.
1441 3550 1495 3607 ii,
1511 3555 1560 3600 3.
1579 3555 1639 3600 11

584 3616 791 3665 Puerum
813 3631 875 3663 ne
905 3613 1125 3663 resciscat
1160 3613 1273 3661 mibi
1311 3630 1415 3662 esse
1448 3630 1506 3663 ex
1538 3614 1644 3678 illa,

583 3680 742 3729 cautio
762 3687 837 3728 est
887 3678 951 3727 A.
971 3679 1028 3736 ii,
1046 3682 1094 3729 3.
1114 3681 1180 3727 26
1214 3676 1364 3726 Venit
1393 3678 1646 3726 meditatus

586 3743 825 3803 alicunde,
848 3760 906 3791 ex
928 3743 1027 3791 solo
1051 3743 1155 3791 loco
1195 3740 1258 3791 A.
1280 3743 1336 3802 ii,
1355 3746 1405 3791 4.
1426 3746 1458 3789 3
1513 3742 1644 3789 Ade-

588 3808 670 3856 on'
691 3816 763 3856 est
782 3808 1009 3856 demens?
1029 3823 1088 3856 ex
1108 3806 1386 3869 peregrina?
1417 3805 1485 3855 A.
1505 3804 1579 3861 iii,
1600 3811 1645 3854 1.

590 3878 649 3922 11
686 3872 885 3937 Aliquot
907 3888 980 3920 me
998 3871 1174 3930 adiere,
1196 3885 1253 3917 ex
1273 3878 1320 3917 te
1338 3868 1547 3916 auditum
1562 3871 1646 3931 qui

588 3937 779 3985 aiebant
808 3936 873 3987 A.
896 3936 967 3998 iii,
988 3940 1037 3984 3.
1060 3939 1091 3984 2
1133 3934 1228 3981 Sed
1250 3934 1288 3980 si
1310 3949 1367 3980 ex
1390 3947 1446 3980 ea
1466 3948 1516 3979 re
1539 3934 1646 3995 plus

588 4000 699 4048 mali
719 4008 809 4061 est,
840 4016 981 4064 quam
1004 3997 1239 4048 commodi
1260 3997 1443 4059 utrique
1490 3997 1549 4045 A.
1571 3997 1645 4055 iii,

588 4069 639 4112 3.
664 4071 723 4113 15
758 4064 895 4112 Dein*
908 4062 1045 4112 facile
1067 4079 1123 4110 ex
1146 4061 1350 4109 illissese
1364 4075 1646 4107 emersurum

590 4128 727 4175 malis
782 4129 848 4177 A.
870 4129 941 4184 iii,
964 4132 1011 4176 3.
1028 4124 1097 4176 ’30
1149 4125 1249 4181 Qui
1292 4140 1365 4171 me
1406 4124 1548 4171 hodie
1590 4140 1649 4173 ex

592 4188 1344 4303 Yissuii¹³⁸1⁵i¹¹¹ia¹inc533³ssssss³<ii2
1363 4187 1652 4300 {32:223533

592 4323 653 4365 ut
694 4326 965 4381 comparent
1006 4318 1285 4365 commoda?
1341 4315 1405 4363 A.
1446 4317 1511 4373 iv,
1552 4323 1597 4367 1.
1617 4320 1648 4367 3

1395 455 1429 462 ··
1484 454 1490 460 ·
1528 439 1772 504 rnnex

1693 603 1806 653 Heu
1827 618 1902 653 mc
1925 601 2137 650 miserum
2159 603 2174 650 l
2207 603 2290 667 qui
2312 600 2444 652 tunm
2465 599 2670 656 animuin
2691 601 2750 658 ei

1695 671 1853 718 animo
1895 667 2106 730 spectavi
2144 684 2254 716 meo
2301 669 2368 716 A.
2399 671 2467 727 iv,
2498 676 2544 722 l.
2563 678 2628 722 22
2677 673 2752 721 Ex

1697 733 1802 780 unis
1823 732 2032 796 geminas
2053 731 2170 780 mihi
2193 733 2412 782 conficies
2446 737 2636 800 nuptias
2685 738 2752 786 A.

1697 796 1761 854 iv,
1785 800 1834 845 1.
1857 801 1916 845 61
1961 796 2033 843 Ex
2055 811 2112 844 eo
2133 811 2260 844 nunc
2281 798 2446 846 misera
2465 815 2604 864 quem
2625 802 2756 865 capit

1698 860 1932 908 laborem!
1969 859 2033 910 A.
2053 860 2118 918 iv,
2140 865 2188 911 3.
2207 865 2242 910 4
2295 859 2368 908 Ex
2389 877 2467 910 ara
2489 864 2599 910 hinc
2619 880 2754 914 sume

1696 925 1922 972 verbenas
1963 925 2051 972 tibi
2103 923 2169 974 A.
2188 925 2253 980 ir,
2275 929 2326 974 3.
2352 930 2409 975 11
2461 927 2592 976 Cave
2632 943 2754 992 quo·

1731 1003 1838 1036 uam
1861 1004 1918 1036 ex
1937 989 2060 1036 istoc
2080 989 2278 1037 excessis
2298 989 2404 1038 loco
2439 991 2498 1041 A.
2533 992 2596 1053 iv,
2612 997 2663 1043 4.
2685 995 2750 1041 21·

1697 1003 1898 1101 {aulum
1919 1054 2141 1101 interesse
2161 1069 2344 1110 censes,
2373 1069 2429 1102 ex
2457 1055 2614 1103 animo
2634 1056 2756 1104 faci-

1699 1132 1772 1177 as,
1793 1132 1854 1164 an
1875 1118 1937 1165 de
1955 1117 2216 1166 industria?
2248 1116 2313 1166 A.
2333 1118 2400 1175 iv,
2423 1124 2474 1169 4.
2495 1125 2556 1168 55
2589 1119 2756 1182 Indig-

1698 1195 1813 1228 num
1827 1180 1928 1244 jam
1949 1180 2133 1229 facinus
2154 1181 2262 1228 faxo
2283 1197 2340 1228 ex
2373 1199 2449 1232 me
2483 1183 2644 1231 audias
2687 1183 2756 1234 A.

1698 1260 1746 1301 v,
1770 1249 1820 1294 2.
1844 1249 1906 1294 13
1941 1244 2018 1292 Ibi
2039 1261 2129 1308 ego
2148 1245 2308 1293 audivi
2331 1263 2388 1294 ex
2410 1247 2511 1308 illo,
2530 1263 2632 1296 sese
2653 1263 2755 1296 esse

1696 1308 1908 1357 Atticum
1942 1308 2006 1359 A.
2029 1325 2076 1366 v,
2091 1313 2142 1359 4.
2165 1314 2230 1358 24
2263 1309 2335 1356 Ex
2355 1312 2460 1372 ipsa
2483 1312 2650 1360 millies
2669 1327 2757 1360 au-·

1699 1373 1801 1420 divi
1828 1373 1894 1420 A.
1919 1389 1965 1430 v,
1987 1377 2035 1422 4.
2054 1377 2118 1422 43
2152 1372 2280 1431 Quia
2299 1375 2444 1421 habet
2462 1375 2591 1423 aliud
2610 1377 2759 1440 magis

1699 1453 1756 1484 ex
1779 1452 1899 1494 sese,
1919 1444 1970 1484 et
1989 1436 2140 1501 majus
2171 1437 2233 1484 A.
2253 1453 2302 1495 v,
2321 1442 2447 1487 4.51
2481 1438 2552 1485 Ex
2576 1438 2757 1488 Graecis

1699 1501 1838 1550 bonis
1859 1501 2049 1550 Latinas
2067 1501 2180 1550 fecit
2199 1517 2296 1548 uon
2317 1503 2464 1550 bonas
2507 1502 2602 1551 Eu.
2624 1504 2758 1555 Prol.

1701 1569 1734 1614 8
1779 1567 1842 1614 Se
1873 1581 1970 1614 non
1991 1572 2136 1630 negat
2154 1580 2374 1628 personas
2395 1567 2684 1616 transtulisse
2704 1569 2758 1616 in

1701 1629 1983 1678 Eunuchum
1999 1646 2127 1678 suam
2151 1646 2208 1678 ex
2225 1629 2394 1678 Graeca
2424 1630 2517 1680 Eu.
2541 1631 2671 1684 Prol.
2691 1637 2758 1682 33

1700 1693 1851 1742 Matri
1871 1693 2076 1758 puellam
2093 1695 2226 1744 dono
2253 1701 2481 1742 mercator
2511 1695 2664 1755 dedit,
2703 1711 2762 1744 ex

1701 1756 1869 1806 Attica
1887 1758 1997 1806 hinc
2019 1759 2258 1821 abreptam
2290 1757 2381 1805 Eu.
2410 1759 2448 1814 i.
2479 1764 2527 1808 2.
2551 1763 2614 1809 30
2663 1760 2763 1809 Ubi

1703 1821 1820 1869 mihi
1840 1822 1958 1870 dixti
1977 1837 2150 1886 cupere
2171 1829 2219 1870 te
2241 1820 2298 1871 ex
2331 1822 2581 1887 AEthiopia
2611 1825 2760 1873 ancil-

1702 1883 1796 1933 lam
1831 1885 1925 1936 Eu.
1947 1887 1982 1944 i,
2001 1891 2051 1936 2.
2075 1890 2136 1936 85
2192 1885 2387 1934 Utinam
2419 1887 2538 1934 istuc
2569 1887 2760 1937 verbum

1703 1965 1761 1998 ex
1804 1951 1960 1998 animo
2003 1965 2060 1998 ac
2089 1966 2198 1998 vere
2233 1951 2414 1998 diceres
2455 1951 2544 1999 Eu.
2563 1952 2601 2008 i,
2619 1957 2673 2003 2.
2695 1958 2760 2002 95

1703 2013 1819 2061 Non
1841 2029 1898 2062 ex
1921 2014 2076 2062 animo
2096 2015 2262 2062 misera
2275 2013 2420 2062 dico?
2458 2016 2551 2066 Eu.
2575 2018 2611 2073 i,
2627 2021 2677 2066 2.
2695 2021 2764 2067 99

1705 2078 1778 2126 Ex
1799 2077 1990 2126 aliarum
2011 2079 2213 2142 ingeniis
2232 2094 2361 2126 nunc
2375 2095 2451 2126 me
2460 2079 2647 2142 judicet
2669 2081 2764 2131 Eu.-

1705 2143 1743 2198 i,
1765 2147 1815 2194 2.
1836 2146 1934 2192 113
1976 2142 2106 2201 Quid
2139 2145 2229 2191 hoc
2261 2143 2414 2191 morbi
2445 2151 2520 2191 est
2535 2146 2560 2192 ,ἱ
2594 2145 2768 2194 adeon*

1706 2207 1922 2254 homines
1953 2207 2237 2256 immutarier
2272 2223 2330 2254 ex
2367 2223 2540 2266 amore,
2583 2217 2636 2256 ut
2667 2213 2766 2258 non'

1705 2285 1832 2382 21⁰5?
1833 2285 1980 2382 ⁰:321,
2009 2273 2212 2384 ‘0¹:⁰23'
2235 2271 2532 2384 ἓῗὲιηΕὲἰ
2550 2273 2770 2386 {m

1705 2397 1824 2445 mihi
1855 2397 1945 2444 Eu.
1967 2398 2020 2455 ii,
2042 2398 2140 2449 22
2189 2398 2367 2448 Viden’
2401 2416 2476 2448 me
2503 2417 2560 2449 ex
2596 2404 2765 2451 eodem

1707 2470 1860 2510 ortum
1881 2461 2022 2511 loco?
2061 2463 2154 2514 Eu.
2178 2463 2230 2521 ii,
2251 2468 2302 2513 2.
2323 2469 2387 2514 10
2440 2465 2534 2514 Hic
2556 2467 2768 2517 homines

1708 2540 1920 2589 prorsum
1937 2542 1994 2574 ex
2012 2527 2166 2575 stultis
2181 2529 2374 2576 insanos
2389 2530 2502 2577 facit
2536 2531 2626 2578 Ειι.
2641 2532 2696 2588 ii,
2713 2537 2768 2582 2.

1707 2593 1772 2639 23
1804 2590 2049 2654 Tanquam
2070 2591 2459 2655 Philosophorum
2474 2595 2652 2643 hahent
2671 2597 2770 2643 dis-⁴

1708 2653 2012 2783 {i‘zlssaeqssi‘d
2025 2655 2611 2770 mizigssbiiiafiffissi’
2633 2665 2680 2771 ²}
2703 2664 2770 2773 ²³2?

1709 2786 1776 2830 59
1809 2781 1854 2829 Ο
1875 2784 2046 2831 faciem
2064 2784 2304 2846 pulchram
2324 2786 2336 2831 !
2359 2786 2495 2833 deleo
2509 2802 2672 2835 omnes
2684 2760 2772 2836 :ie-

1711 2846 1824 2893 hinc
1867 2863 1926 2896 ex
1968 2847 2124 2895 animo
2167 2848 2381 2897 mulieres
2432 2850 2526 2897 Eu.
2558 2851 2612 2906 ii,
2649 2855 2718 2900 3..
2735 2858 2770 2901 5

1715 2909 1864 2966 Quasi
1897 2911 1980 2958 ubi
2011 2911 2140 2959 illam
2173 2920 2420 2976 exspueret
2445 2914 2675 2962 miseriam
2710 2931 2772 2965 ex

1713 2974 1872 3021 animo
1905 2974 1999 3024 Eu.
2022 2975 2091 3032 iii,
2116 2981 2162 3025 1.
2185 2982 2248 3025 16
2297 2977 2423 3025 Hem
2453 2979 2677 3027 alterum:
2711 2995 2772 3027 et

1714 3037 1906 3086 homine
1942 3040 2068 3088 hunc
2105 3047 2268 3088 natum
2301 3041 2434 3089 dicas
2467 3043 2558 3090 Eu.
2577 3044 2648 3103 iii,
2669 3048 2720 3093 2.
2739 3048 2772 3093 7

1717 3102 1790 3149 Ex
1810 3102 2060 3167 AEthiopia
2079 3112 2152 3152 est
2174 3119 2320 3166 usque
2352 3106 2454 3153 haec
2506 3106 2596 3153 Eu.
2633 3107 2704 3168 iii,
2720 3114 2774 3157 2.

1718 3169 1780 3215 18
1826 3166 1958 3223 Quid
1995 3182 2054 3215 ex
2093 3182 2149 3215 ea
2179 3182 2229 3215 re
2263 3169 2452 3215 tandem
2489 3177 2542 3215 ut
2577 3185 2774 3233 caperes

1713 3231 1982 3279 commodi?
2017 3231 2107 3281 Eu.
2119 3230 2190 3283 iii,
2207 3236 2254 3278 5.
2268 3235 2332 3279 25
2369 3231 2505 3295 Coepi
2523 3233 2659 3280 aliam
2674 3250 2779 3283 rem·

1715 3308 1771 3340 ex
1795 3294 1887 3343 alia
1907 3294 2112 3357 cogitare
2159 3293 2251 3342 Eu.
2269 3295 2340 3349 iv,
2358 3300 2407 3345 2.
2429 3301 2462 3345 3
2510 3297 2778 3347 Possumne

1715 3373 1804 3420 ego
1827 3358 1967 3407 hodie
1989 3374 2046 3406 ex
2077 3366 2126 3406 te
2163 3358 2414 3423 exculpere
2447 3364 2643 3410 verum?
2681 3363 2780 3411 Eu.-

1716 3421 1781 3479 iv,
1800 3428 1852 3474 4.
1873 3427 1936 3472 45
1971 3423 2015 3470 E
2047 3438 2076 3469 o
2097 3423 2226 3471 scibo
2248 3438 2307 3471 ex
2327 3425 2418 3473 hoc
2439 3426 2554 3489 qnid
2572 3427 2662 3475 siet
2681 3428 2776 3479 Eu.

1709 3484 1781 3542 iv,
1800 3492 1850 3536 4.
1874 3491 1940 3537 59
2041 3494 2064 3533 t
2088 3494 2140 3534 tu
2159 3486 2269 3535 illos
2288 3491 2451 3550 procul
2472 3490 2582 3538 hinc
2599 3506 2658 3539 ex
2691 3506 2776 3538 oc·

1715 3550 1845 3597 culto
1866 3552 2070 3599 caederes
2101 3550 2194 3599 Eu.
2213 3551 2280 3608 iv,
2295 3556 2348 3601 7.
2369 3556 2429 3601 1-7
2461 3552 2598 3617 Saepe
2611 3570 2669 3601 ex
2685 3555 2778 3601 hu·

1709 3612 1920 3675 jusmodi
1941 3630 1990 3663 re
2059 3616 2249 3679 uspiam
2287 3632 2461 3679 magua
2489 3617 2777 3668 familiaritas

1717 3678 1921 3726 conflata
1941 3686 2014 3726 est
2091 3696 2137 3726 u.
2166 3696 2211 3734 v,
2235 3684 2285 3729 2.
2309 3684 2372 3729 34
2423 3681 2534 3737 Quo
2557 3690 2698 3745 pacto
2717 3700 2776 3733 ex

1711 3741 1818 3803 jure
1837 3742 2051 3789 hesterno
2067 3758 2238 3805 panem
2254 3752 2402 3791 atrum
2419 3754 2586 3795 vorent
2617 3748 2710 3797 Eu.
2732 3765 2782 3804 v,

1718 3810 1770 3854 4.
1798 3810 1857 3854 17
1891 3805 2000 3853 Hoc
2017 3814 2209 3869 putant,
2232 3824 2290 3856 ex
2307 3816 2354 3855 te
2375 3824 2478 3857 esse
2500 3816 2648 3859 ortum
2684 3812 2781 3861 Eua

1717 3884 1766 3931 v,
1785 3874 1834 3918 5.
1857 3872 1922 3918 24
1947 3869 2028 3918 ‚Ex
2051 3885 2158 3918 meo
2181 3872 2447 3935 propinquo
2465 3890 2566 3922 rure
2585 3876 2677 3922 hoc
2697 3890 2776 3924 ca-

1721 3932 1801 3996 pio
1823 3934 2060 3981 commodi
2094 3934 2185 3984 Eu.
2209 3950 2258 3997 v,
2281 3940 2330 3983 6.
2354 3941 2394 4001 1Ι
2434 3936 2581 3985 Aliud
2603 3955 2658 3987 ex
2680 3940 2782 3987 alirr

1723 3997 1893 4045 malum
1929 3998 2018 4046 Eu.
2045 4015 2088 4055 v,
2111 4004 2160 4048 6.
2182 4004 2244 4048 17
2299 4000 2414 4047 Νοιι
2456 4002 2651 4050 dubium
2689 4010 2780 4061 est,

1721 4061 1837 4123 quiu
1859 4062 1972 4109 mihi
1995 4078 2070 4111 ma
2134 4079 2212 4111 um
2235 4080 2291 4112 ex
2313 4066 2402 4113 hac
2423 4081 2474 4113 re
2506 4066 2568 4113 sit
2603 4065 2782 4115 malum

1723 4124 1814 4173 Eu.
1832 4142 1878 4181 V,
1901 4132 1949 4174 6.
1972 4130 2036 4176 27
2119 4144 2176 4176 ec
2194 4128 2339 4191 magis
2355 4146 2410 4177 ex
2433 4145 2518 4177 usu
2537 4139 2615 4177 tuo
2638 4146 2780 4179 nemo

1723 4197 1796 4237 est
1827 4190 1920 4239 Ειι.
1943 4206 1990 4245 v,
2010 4195 2061 4239 9.
2080 4196 2147 4242 47
2197 4192 2270 4239 Ex
2293 4194 2472 4256 integra
2493 4193 2677 4252 Graeca,
2707 4196 2786 4243 ill-⁸

1723 4260 1897 4317 tegram
1935 4254 2226 4303 Comoedism
2261 4258 2404 4307 hodie
2441 4274 2542 4305 sum
2576 4268 2780 4307 acturus.

1724 4316 1917 4382 Duplex
1937 4334 2046 4382 quae
2067 4336 2125 4367 ex
2147 4332 2419 4383 argumento
2440 4322 2568 4373 sacta
2587 4331 2658 4373 est
2673 4324 2788 4372 sim*
