3192 4975
615 425 888 508 cccxliv

616 605 678 638 ne
699 597 897 638 noecant
915 602 1001 636 sua
1033 587 1096 638 A.
1123 587 1248 638 Ptol.
1269 585 1416 638 251·
1437 585 1568 646 mihi,
1583 586 1667 634 uhi

613 655 796 702 adbibit
817 653 922 715 plus
940 653 1105 728 paulo,
1137 669 1222 701 sua
1241 669 1346 716 qum
1367 659 1522 700 narrat
1549 652 1667 702 faci-

615 719 759 766 nora!
795 717 920 766 Hea.
941 719 993 775 ii,
1021 723 1064 766 1.
1085 723 1117 768 8
1151 717 1323 766 Aliena
1339 725 1394 766 ut
1413 718 1579 766 melius
1597 717 1671 764 vi-

615 784 777 840 deant,
809 791 859 831 et
889 780 1172 844 dijudicent,
1205 799 1344 846 quam
1376 782 1494 830 sua?
1542 782 1667 830 Heu..

600 845 684 904 'iii,
724 853 771 897 1.
805 851 872 897 99
929 845 1118 896 Fatetur
1171 847 1474 904 transtulisse,
1526 856 1669 911 atque

615 911 1673 1026 1¹:³3¹?03‘2023521?·.E;3¹·022f.32²·.¹1513232¹:

617 1041 754 1088 dines
785 1041 848 1090 A.
869 1041 935 1100 iv,
960 1047 1003 1090 1.
1023 1046 1092 1090 26
1139 1041 1216 1090 Ne
1239 1050 1286 1089 te
1309 1043 1451 1090 iratus
1471 1041 1566 1090 suis
1587 1049 1675 1088 ere-i

617 1105 786 1154 vidicis
805 1106 945 1154 dictis
965 1105 1164 1168 protelet
1195 1107 1286 1156 Ph.
1321 1108 1352 1163 i,
1375 1109 1426 1154 4.
1447 1110 1511 1155 86

683 1170 1008 1236 Sycophanta.
1071 1171 1238 1220 Servus
1275 1185 1478 1232 currens,
1528 1171 1675 1219 iratus

618 1251 778 1291 nenex,
799 1236 919 1284 edax
943 1235 1186 1296 parasitus,
1205 1237 1501 1300 sycophanta
1517 1243 1675 1284 autem

618 1299 870 1362 impudens
902 1299 1028 1349 Hea.
1052 1300 1180 1350 Prol.
1203 1305 1267 1355 88
1307 1300 1580 1360 Clamitent,
1604 1313 1677 1348 me

620 1366 982 1428 sycophantam,
1015 1367 1310 1414 hasreditatee
1351 1365 1566 1428 persequi
1617 1364 1677 1412 A.

619 1429 684 1484 iv,
709 1435 757 1478 5.
777 1435 843 1480 20
886 1430 1218 1494 Sycophanta!
1273 1431 1354 1480 Cr.
1376 1429 1533 1478 Hem!
1587 1429 1679 1480 ch.

621 1493 718 1550 Sic.
743 1495 896 1554 Crito,
915 1503 988 1542 eet
1009 1495 1084 1542 hic
1115 1495 1182 1544 A.
1202 1513 1248 1552 v,
1271 1501 1321 1546 4.
1348 1499 1408 1545 lo
1483 1505 1490 1512 ·

687 1553 928 1624 Symbola.
1012 1559 1134 1617 Eho,
1189 1561 1306 1624 quid
1361 1558 1639 1622 Pamphilus
1662 1557 1679 1604 ?

621 1623 738 1688 quid
764 1624 782 1670 ?
805 1623 1066 1688 symbolam
1089 1626 1240 1682 dedit,
1262 1625 1464 1674 coenavit
1495 1624 1560 1672 A.
1585 1622 1679 1680 i,l.

621 1693 684 1738 ot
721 1689 780 1736 In
803 1690 928 1738 hunc
950 1690 1074 1736 diem
1114 1699 1166 1738 ut
1193 1692 1256 1738 de.
1291 1689 1519 1754 symbolis
1555 1703 1679 1736 esse-

621 1768 728 1802 mus
782 1753 872 1801 Eu.
917 1753 988 1809 iii,
1004 1759 1054 1802 4.
1078 1759 1110 1804 2
1151 1756 1248 1803 Sed
1269 1755 1452 1802 interim
1473 1757 1534 1803 de
1553 1768 1682 1818 aym-

623 1816 746 1865 bolis
767 1818 883 1890 quid
906 1827 1062 1866 actum
1084 1821 1189 1867 est?
1226 1820 1316 1868 Eu.
1340 1819 1408 1876 iii,
1431 1826 1478 1869 ⁶.
1501 1825 1566 1870 59

687 1881 1176 1940 Ξυνιποθνήσκοντες.
1197 1883 1683 1947 Ξυνωποθνήσκοντεε,

624 1945 816 2012 Diphili
835 1948 1080 1996 Comoedia
1103 1957 1178 1997 est
1219 1949 1316 1997 Ad.
1343 1951 1468 2000 Ptol.
1489 1957 1521 2000 6

687 2013 824 2076 Syra.
891 2013 1160 2076 Perpaucos
1191 2015 1391 2078 reperias
1433 2017 1685 2066 meretrici-

625 2077 714 2127 bus
746 2079 910 2127 fideles
926 2080 1116 2128 evenire
1138 2088 1385 2142 amatores,
1423 2083 1540 2146 Syra
1587 2081 1685 2131 He.

625 2141 662 2202 i,
686 2147 731 2192 1.
756 2147 783 2193 1
835 2143 975 2192 Salve
1013 2156 1254 2198 mecastor.
1301 2145 1550 2196 Parmeno.
1596 2148 1685 2195 Pa.

625 2207 692 2256 Et
714 2215 782 2263 tu,
806 2209 1010 2273 aedepol.
1032 2209 1152 2273 Syra
1184 2209 1276 2256 He.
1299 2209 1334 2265 i,
1353 2217 1404 2261 2.
1427 2217 1458 2260 8

693 2271 924 2336 Syriscus.
991 2274 1202 2330 Simalio,
1243 2275 1432 2334 Donax,
1465 2275 1651 2340 Syrisce
1671 2293 1685 2335 3

627 2339 880 2401 sequimini
901 2337 990 2384 Eu·
1013 2338 1076 2396 ἰν,
1093 2345 1140 2389 7.
1161 2344 1193 2387 2
1227 2341 1456 2403 AEdepol,
1480 2342 1685 2405 Syrisce,

627 2408 677 2448 te
698 2403 870 2449 curasti
892 2403 1092 2449 molliter
1123 2402 1222 2450 Ad.
1244 2422 1292 2458 v,
1312 2407 1360 2452 1.
1387 2408 1411 2452 1

693 2466 858 2530 Syrus.
921 2465 1068 2529 Syrus
1091 2467 1202 2513 mihi
1224 2474 1353 2529 tergo
1377 2482 1538 2529 peenas
1569 2483 1688 2531 pen·

627 2531 712 2579 det
744 2530 867 2581 Heu.
906 2528 972 2586 iv,
997 2534 1046 2579 4.
1066 2536 1099 2581 6
1145 2532 1276 2580 Servi
1299 2546 1467 2580 venere
1483 2532 1534 2580 in
1557 2547 1687 2579 men·

628 2603 724 2645 tem
745 2594 854 2661 Syri
873 2594 1154 2645 calliditates
1187 2596 1308 2644 Heu.
1331 2613 1378 2650 v,
1399 2600 1446 2646 1.·
1473 2601 1534 2646 18
1567 2596 1689 2661 Syro

627 2660 845 2723 ignoscas
863 2661 989 2720 volo,
1009 2677 1116 2725 quae
1135 2677 1242 2711 mea
1259 2676 1402 2709 causa
1416 2662 1530 2709 fecit
1563 2661 1688 2711 Hea.

629 2741 678 2783 v,
702 2734 750 2777 5.
773 2731 838 2777 22
893 2726 1060 2790 Syrum
1085 2734 1277 2789 optume
1307 2742 1470 2775 eccum
1496 2726 1508 2771 l
1565 2726 1692 2777 Heu.

629 2790 697 2851 iv,
717 2798 767 2841 5.
790 2796 824 2840 9
873 2790 906 2840 J
911 2791 1048 2839 udico
1069 2791 1240 2856 Syrum
1263 2790 1363 2839 fieri
1383 2806 1484 2839 esse
1505 2788 1691 2855 ae‘quom

629 2855 824 2904 liberum
861 2857 956 2904 Ad.
980 2870 1024 2909 v,
1048 2860 1098 2905 9.
1121 2860 1151 2903 8
1209 2856 1344 2920 Syre,
1367 2857 1462 2915 dic,
1483 2871 1590 2919 quae
1612 2856 1693 2902 illa

631 2928 705 2969 eet
725 2921 903 2969 altera?
937 2920 1060 2969 Heu.
1103 2921 1154 2977 ii,
1175 2925 1224 2969 3.
1245 2924 1314 2969 69
1362 2920 1530 2969 Meum
1571 2920 1689 2967 mihi

631 2986 854 3034 reddatur
877 3003 889 3033 z
926 2986 1087 3033 saltem
1112 2985 1275 3049 quanti
1295 2992 1422 3032 emta
1443 2991 1544 3041 ests
1573 2982 1693 3049 Sjre

632 3049 729 3101 Ad.
773 3050 826 3107 ii,
847 3054 897 3099 2.
918 3055 982 3099 41
1038 3048 1216 3097 Eccum
1261 3049 1550 3098 Dromonem
1585 3064 1693 3098 cum

633 3115 774 3179 Syro,
820 3130 914 3161 una
958 3116 1132 3163 adsunt
1173 3115 1258 3163 tibi
1311 3114 1436 3163 Hea.
1479 3114 1533 3172 ii,
1555 3119 1605 3164 2.
1630 3120 1693 3164 12

632 3179 805 3243 passim
827 3180 940 3227 alibi

949 3340 956 3358 Ι
1053 3343 1060 3353 ,
1134 3334 1168 3348 14
1216 3333 1232 3349 0⁶
1296 3332 1324 3346 'a
1382 3330 1419 3343 ι’

1265 3380 1308 3393 ιι·
1387 3384 1400 3395 e

931 3398 943 3415 ί
1093 3397 1181 3444 “,Τ
1375 3409 1397 3419 ι-
1499 3414 1504 3421 .

988 3458 995 3466 .
1061 3453 1067 3462 ι
1126 3446 1136 3470 ;
1183 3432 1196 3447 ⁰
1251 3443 1266 3463 ι
1337 3458 1344 3465 .

1057 3480 1064 3487 .
1121 3475 1133 3487 ι
1239 3466 1276 3485 ἲ.

698 3564 928 3613 Tabesco.
995 3563 1076 3614 Illi
1099 3562 1304 3610 animum
1323 3561 1425 3627 jam
1449 3563 1695 3618 relevabis,

637 3646 746 3695 quie
765 3630 927 3679 dolore
949 3646 1004 3679 ac
1027 3628 1212 3677 miseria
1233 3628 1429 3675 tabescit
1482 3628 1582 3677 Ad.
1628 3628 1695 3689 iv,

698 3758 898 3808 Tabula.
967 3758 1114 3823 Virgo
1167 3758 1222 3805 in
1277 3758 1492 3807 conclavi
1543 3759 1697 3819 sedet,

635 3824 1170 3938 Exspectagisssgabulam
1225 3825 1463 3886 quandam
1518 3823 1694 3885 pictam

685 3906 732 3941 ιι.
753 3904 806 3937 ιιι
881 3923 896 3937 .
1002 3900 1006 3905 ’

699 3926 875 4003 Ταιιέο.
941 3954 1064 4011 Quae
1105 3968 1214 3999 vera
1255 3951 1431 4007 audivi,
1466 3958 1603 3999 taceo
1646 3958 1695 3999 et

633 4020 857 4067 contineo
879 4026 1072 4082 optume
1105 4016 1196 4064 Eu.
1217 4016 1250 4075 i,
1275 4020 1324 4066 2.
1349 4021 1410 4065 23
1446 4016 1576 4064 Vide
1597 4030 1694 4079 quo

635 4100 712 4132 me
729 4085 942 4133 inducas.
976 4082 1071 4131 Da.
1095 4082 1226 4139 Quin
1249 4090 1376 4129 taces
1397 4080 1416 4128 ?
1464 4079 1529 4127 A.
1566 4080 1621 4141 ii,
1645 4084 1694 4129 8.

635 4153 701 4197 25
735 4149 866 4205 Quid
891 4148 1052 4197 taces?
1108 4148 1168 4195 A.
1191 4146 1259 4202 iii,
1281 4150 1332 4195 2.
1356 4149 1435 4195 18.
1469 4143 1560 4192 Ειι.
1585 4144 1621 4199 i,
1644 4150 1695 4194 2.

639 4215 688 4259 8.
721 4212 790 4269 iii,
813 4219 946 4263 5.12
999 4212 1187 4260 Taces?
1243 4216 1498 4257 monstrum
1542 4209 1693 4256 homi-

637 4275 743 4323 nis!
769 4292 864 4324 non
885 4278 1093 4326 dicturus
1117 4278 1134 4323 ἒ
1167 4275 1259 4323 Ειι.
1281 4274 1346 4337 iv,
1369 4278 1418 4323 4.
1439 4278 1504 4323 28
1541 4274 1694 4330 ¹Quid

637 4339 815 4389 fuctum
835 4342 941 4389 cst?
976 4348 1102 4391 taces
1121 4342 1142 4391 ἰ
1195 4340 1288 4391 Eu.
1329 4356 1376 4398 v,
1399 4342 1446 4389 1.
1469 4344 1499 4389 5
1535 4336 1693 4388 Etiam

1581 434 1823 488 1.me
1879 443 1902 456 “”

1739 587 1901 636 taceo?
1936 584 2034 632 Ad.
2056 585 2120 642 iv,
2142 589 2191 634 2.
2220 590 2275 635 11
2312 585 2473 634 Hem!
2494 589 2663 635 taces?
2706 588 2803 638 Hei

1738 652 1801 705 iv,
1828 656 1873 701 1.
1900 655 1959 700 12
1994 650 2123 707 Quid
2144 665 2271 698 nunc
2290 651 2449 698 taces?
2483 651 2575 701 Ph.
2596 653 2649 715 ii,
2674 657 2805 706 &38

1740 715 1855 766 Non
1880 715 2041 763 taces?
2077 715 2165 762 Ph.
2188 731 2236 770 v,
2259 718 2309 764 7.
2326 720 2407 764 94.
2443 721 2554 776 ν,8.
2574 721 2633 766 15
2666 719 2805 768 Tunc

1742 782 1827 829 has
1848 781 2073 843 pepulisti
2092 779 2245 828 fores?
2288 787 2414 828 tacet
2463 779 2559 830 Ad.
2597 781 2667 842 iv,
2699 789 2802 832 5.5

1742 845 1952 894 Tacent:
1976 845 2086 892 satie
2106 845 2305 892 laudant
2338 842 2432 894 Eu.
2458 845 2529 907 iii,
2548 850 2597 894 2.
2618 851 2683 896 23
2720 847 2805 896 Ne

1744 911 1837 959 hoc
1856 909 2049 972 quidem
2070 909 2247 958 tacebit
2285 909 2517 957 Parmeno
2569 910 2657 958 Eu.
2692 912 2723 965 i,
2748 917 2808 962 2.

1744 979 1812 1024 49
1865 975 1971 1029 Ille,
1996 973 2037 1021 ei
2060 989 2133 1021 me
2154 974 2333 1022 alienus
2356 974 2541 1022 affinem
2562 975 2705 1036 volet,
2729 985 2808 1024 ta-

1746 1039 1891 1088 cebit›
1909 1039 2001 1086 Ph.
2025 1040 2092 1099 iv,
2114 1042 2163 1086 1.
2186 1043 2247 1087 17
2280 1039 2353 1086 Tu
2378 1054 2567 1102 quoque
2584 1055 2826 1102 perparce

1748 1103 1943 1152 nimium
1964 1121 1979 1152 z
2015 1119 2111 1151 non
2132 1101 2293 1152 laudo'.
2346 1104 2413 1152 Si.
2436 1103 2565 1152 Tace
2600 1103 2661 1154 A.
2681 1106 2735 1167 ii,
2756 1111 2814 1156 δ.

1748 1173 1813 1218 24
1844 1168 1970 1218 Tace
1994 1177 2067 1228 tu,
2084 1183 2223 1232 quem
2244 1184 2335 1231 ego
2355 1185 2460 1216 esse
2476 1169 2602 1215 infra
2614 1169 2807 1219 infimos

1751 1249 1911 1281 omnes
1958 1241 2073 1295 puto
2131 1233 2343 1281 homines
2399 1233 2490 1283 Eu.
2536 1233 2606 1288 iii,
2649 1238 2700 1283 2.
2742 1239 2813 1284 36

1748 1299 1893 1354 Tace,
1930 1299 2121 1346 obsecro
2171 1298 2263 1346 Eu.
2302 1299 2366 1354 iv,
2389 1303 2439 1348 4.
2462 1303 2523 1349 18
2576 1298 2672 1355 Ah,
2692 1301 2814 1363 quid

1751 1364 1885 1426 agis?
1930 1371 2033 1410 tace
2086 1362 2177 1410 Eu.
2218 1363 2283 1424 iv,
2304 1367 2353 1412 7.
2384 1367 2445 1412 27
2506 1362 2633 1410 Hera
2686 1380 2814 1427 mea,
2882 1391 2885 1394 ⁴

1752 1436 1888 1487 tace3
1934 1436 2035 1474 tuce
2078 1429 2290 1488 obsecro,
2331 1427 2471 1476 ealvae
2515 1443 2675 1474 sumus
2718 1429 2813 1477 Eu.

1753 1507 1801 1549 v,
1841 1497 1889 1540 1.
1938 1497 1999 1544 18
2056 1492 2161 1540 Au!
2228 1499 2353 1552 tace,
2394 1493 2589 1540 obsecro
2626 1492 2726 1541 ιΕιι.
2758 1511 2812 1552 v,

1754 1561 1803 1606 2.
1846 1561 1911 1606 60
1967 1556 2274 1605 Audiendum
2336 1557 2491 1604 hercle
2545 1565 2645 1605 est:
2703 1565 2814 1606 tace

1755 1621 1881 1672 Heu.
1930 1621 1983 1681 ii,
2003 1626 2053 1670 8.
2078 1627 2141 1672 80
2194 1621 2342 1682 Tace,
2388 1623 2551 1670 sodes-
2577 1621 2701 1672 Hea.
2742 1618 2817 1680 iii,

1756 1692 1803 1737 3.
1829 1691 1893 1736 19
1946 1687 2072 1734 Tace
2098 1688 2109 1733 l
2168 1694 2371 1749 egomet·-
2398 1687 2673 1736 conveniam
2683 1696 2699 1748 ζ
2714 1687 2819 1752 jani

1754 1752 1909 1814 ipsum
1961 1750 2059 1802 Ad.
2100 1749 2156 1813 ii,
2176 1755 2226 1800 2.
2253 1756 2277 1799 1
2338 1753 2407 1799 At
2437 1761 2493 1799 ut
2514 1755 2817 1801 ¹omne-red·

1756 1817 1855 1866 dat.
1886 1817 1979 1878 Sy:
1992 1815 2147 1863 Omne
2171 1816 2355 1872 reddet,
2375 1824 2478 1864 tace
2502 1818 2643 1864 modo
2664 1821 2727 1866 ac‘·
2742 1834 2818 1868 se-

1792 1897 1901 1930 uere
1922 1883 2011 1928 hac
2044 1880 2147 1929 Ad.
2164 1879 2221 1936 ii,
2244 1885 2293 1930 4.
2320 1883 2385 1929 16
2414 1881 2541 1928 Tace
2566 1897 2581 1942 ;
2614 1898 2709 1929 non
2732 1882 2819 1930 fiet

1808 1947 1860 1996 d.
1883 1963 1927 2002 v,
1950 1950 1999 1994 3.
2023 1951 2083 1996 51
2120 1945 2275 1992 Hem!
2317 1946 2431 2008 quid
2456 1947 2547 1994 hoc
2569 1947 2677 1994 eet?
2725 1947 2819 1995 Pa.

1758 2011 1901 2060 Tace.
1964 2010 2105 2066 Tace,
2149 2011 2360 2074 obsecro,
2404 2026 2509 2058 mea
2547 2019 2684 2075 gnate
2716 2011 2819 2059 He.

1758 2076 1833 2132 iii,
1855 2081 1900 2125 1.
1922 2079 2085 2125 84418
2128 2075 2261 2132 Quis
2304 2077 2445 2122 homo
2489 2077 2603 2124 est?
2644 2077 2815 2124 ehem!

1760 2140 1855 2188 De.
1870 2141 1995 2188 Tace
2019 2139 2109 2188 Ph.
2128 2141 2181 2194 ii,
2202 2145 2251 2189 8.
2268 2144 2334 2191 28
2367 2139 2535 2188 Utrum
2555 2149 2819 2203 taceamne,

1760 2221 1822 2254 an
1847 2205 2093 2268 praediceru
2112 2205 2129 2252 ἓ
2162 2204 2254 2252 Eu.
2276 2205 2342 2265 iv,
2362 2209 2413 2254 4.
2435 2210 2499 2254 54
2530 2206 2639 2255 Jam
2660 2207 2707 2254 in
2730 2209 2821 2256 hac

1760 2287 1827 2327 re,
1868 2279 1923 2318 ut
1965 2278 2162 2325 taceam,
2200 2270 2351 2317 cuivis
2388 2269 2528 2318 facile
2566 2271 2685 2319 scitu
2728 2279 2821 2334 est,

1762 2349 1903 2398 quam
1941 2334 2105 2382 fuerim
2146 2335 2281 2381 miser
2332 2333 2427 2383 He.
2458 2334 2531 2396 iii,
2557 2341 2603 2386 1.
2626 2340 2687 2384 16
2721 2335 2820 2384 Lo—

1794 2400 1971 2448 uarne?
2014 2400 2292 2447 incendam:
2342 2401 2559 2447 taceam?
2596 2401 2821 2464 instigem

1806 2465 1851 2512 h.
1886 2464 1923 2526 i,
1943 2468 1990 2513 4.
2013 2469 2047 2513 9
2100 2463 2215 2513 Non
2238 2471 2363 2513 taces
2383 2464 2402 2511 ἓ
2446 2465 2537 2513 Ph.
2574 2465 2777 2513 Taceam
2801 2467 2821 2513 ?

1762 2528 1856 2577 Ph.
1878 2545 1927 2590 v,
1948 2533 1997 2577 7.
2019 2534 2083 2577 95
2118 2529 2217 2577 Dic
2238 2529 2347 2575 mihi
2371 2530 2459 2577 hoc
2482 2530 2701 2591 primum,
2725 2546 2821 2592 po-

1762 2593 1849 2641 tin'
1868 2601 1941 2641 est
1956 2592 2033 2642 hic
2050 2595 2239 2642 tacere?
2272 2592 2363 2641 Eu.
2382 2594 2416 2653 i,
2429 2598 2479 2642 2.
2490 2598 2555 2642 21
2590 2593 2669 2641 Oh
2688 2594 2701 2642 !
2720 2594 2825 2643 ini-

1763 2673 1885 2771 {¹523
1904 2658 2205 2773 ‘iiessulsmi
2226 2658 2824 2773 ‘3⁰⁹Jzssz.‘⁶·{z.?¹z.¹2252

1764 2802 1861 2834 non
1882 2802 2007 2849 queo
2040 2758 2219 2845 He.’iv,
2240 2792 2287 2836 4.
2311 2793 2369 2836 61
2417 2740 2547 2836 Seiei
2567 2807 2579 2835 ι
2604 2790 2745 2836 modo
2768 2797 2823 2837 ut

1764 2860 1918 2901 tacere
1940 2852 2089 2915 possis
2137 2851 2227 2900 Ph.
2262 2852 2296 2905 i.
2320 2856 2369 2899 2.
2388 2856 2422 2901 9
2470 2854 2522 2901 Si
2546 2854 2655 2901 mihi
2676 2854 2821 2902 fider'n

1764 2917 1867 2970 das,
1906 2924 1953 2963 te
1982 2917 2242 2975 tacituram,
2280 2917 2434 2963 dicam
2491 2917 2586 2969 He.
2624 2919 2657 2975 i,
2679 2922 2727 2968 2.
2754 2922 2822 2967 38

1766 2981 1909 3028 Proin
1933 2990 2001 3036 tu,
2024 2982 2165 3029 taceri
2186 2982 2225 3029 ei
2246 2982 2335 3043 via,
2359 2996 2465 3029 vera
2494 2984 2659 3032 dicito.
2724 2984 2822 3031 Po-

1768 3053 1859 3093 test
1878 3047 2019 3095 taceri
2042 3048 2131 3093 hoc
2184 3046 2278 3096 Eu.
2320 3047 2355 3101 i,
2378 3050 2429 3095 2.
2454 3053 2535 3096 26.
2560 3052 2625 3097 28
2676 3048 2823 3111 Igno-

1766 3118 1865 3159 tum
1888 3119 1976 3167 est,
2000 3110 2193 3159 taciturn
2211 3119 2287 3159 >est
2318 3111 2418 3162 Ad.
2438 3112 2508 3167 iii,
2523 3118 2573 3162 4.
2590 3118 2654 3163 28
2690 3114 2823 3171 Qua·

1768 3184 1957 3239 propter
1990 3174 2181 3239 quoquo
2222 3184 2366 3241 pecto
2404 3178 2549 3226 tacito
2592 3185 2665 3226 est
2699 3194 2823 3242 opus

1763 3239 1863 3287 Ad.
1887 3241 1955 3297 iii,
1978 3246 2025 3289 2.
2044 3245 2109 3289 44
2150 3258 2181 3275 ··

1832 3305 2159 3356 Taciturnitas.
2212 3304 2305 3353 Sed
2326 3306 2405 3364 iis,
2426 3322 2543 3371 quas
2566 3324 2749 3372 semper
2770 3308 2824 3355 iu

1768 3370 2047 3417 te'intellexi
2069 3370 2197 3427 sitas,
2218 3369 2312 3419 fide
2336 3378 2385 3419 et
2408 3372 2725 3421 taciturnitate
2757 3373 2825 3423 A.

2199 3437 2211 3462 ,
2450 3442 2457 3450 .

1646 3448 1659 3481 ·.
1684 3463 1693 3475 ι
1764 3434 1801 3490 i,·
1827 3439 1921 3484 1..7

1832 3466 2038 3560 Tacitus,
2081 3514 2127 3555 a,
2172 3514 2263 3548 um.
2330 3500 2459 3557 Quid
2495 3502 2545 3550 id
2582 3501 2688 3549 est?
2724 3500 2829 3551 ch.

1720 3616 1724 3620 ,
1766 3563 1959 3611 Tacitus
1980 3563 2116 3611 citius
2138 3565 2304 3613 audies
2336 3566 2428 3616 Eu.
2471 3566 2539 3623 iii,
2562 3573 2605 3615 5.
2628 3568 2690 3614 28
2746 3564 2832 3613 lta

1766 3628 1991 3691 corripuit
2011 3629 2265 3691 derepente
2288 3630 2459 3678 tacitus
2480 3646 2583 3679 nese
2600 3632 2661 3677 ad
2678 3628 2830 3678 filia‘m

1770 3692 1865 3741 He.
1888 3692 1953 3750 iv,
1978 3698 2023 3741 1.
2046 3696 2075 3741 3
2129 3692 2306 3741 Verum
2345 3696 2587 3757 scientem,
2629 3694 2827 3742 taciturn

1770 3773 1958 3805 causam
1982 3757 2161 3805 tradere
2181 3760 2489 3808 advorsariis:
2532 3756 2738 3807 etiamne
2772 3760 2828 3806 id

1770 3822 1843 3869 lex
1889 3822 2082 3885 coegit?
2117 3822 2208 3873 Ph.
2250 3824 2299 3880 ii,
2325 3831 2372 3874 1.
2395 3829 2423 3873 7
2460 3826 2555 3873 Sed
2592 3835 2648 3871 ut
2682 3823 2830 3871 tacita

1770 3902 1951 3935 mecum
1970 3888 2199 3950 gaudeam
2235 3889 2328 3937 He.
2366 3890 2405 3947 i,
2427 3895 2475 3939 2.
2497 3894 2560 3939 32
2616 3888 2703 3937 Uti
2737 3888 2827 3935 ed-

1769 3966 1903 3999 vorea
1922 3952 2026 4015 ejus
2049 3968 2129 4015 per
2162 3962 2208 3999 te
2222 3980 2225 3983 ·
2241 3962 2383 4010 tecta,
2420 3956 2657 4018 tacitaque
2692 3953 2825 4015 apud

1769 4032 1931 4064 omnes
1953 4017 2075 4065 sient
2106 4017 2200 4069 He.
2220 4016 2292 4076 iii,
2312 4024 2359 4069 3.
2382 4023 2446 4067 28

1830 4080 2014 4129 Taedet.
2077 4082 2143 4129 Et
2182 4084 2346 4140 taedet,
2389 4086 2439 4131 et
2482 4098 2636 4130 amore
2676 4080 2824 4129 ardeo

1740 4164 1751 4171 ·
1768 4144 1857 4195 Eu.
1881 4146 2055 4203 i,·1.27
2076 4146 2245 4195 Taed'et
2262 4148 2638 4213 quotidianarum
2658 4147 2825 4193 harum

1766 4211 2015 4259 formarum
2048 4211 2139 4259 Eu.
2160 4212 2213 4268 ii,
2236 4218 2287 4261 3.
2308 4219 2341 4263 6
2376 4212 2551 4270 Video,
2571 4219 2623 4260 et
2644 4226 2719 4259 me
2738 4218 2824 4257 to·

1768 4275 1853 4323 det
1885 4275 1979 4325 Eu.
2010 4276 2083 4333 iii,-
2104 4282 2153 4327 2.
2180 4282 2233 4325 11
2287 4278 2351 4324 At
2388 4278 2512 4325 enim
2544 4278 2690 4335 tendet
2721 4274 2823 4337 jam

1768 4340 1931 4389 audire
1948 4342 2113 4391 eadem
2135 4340 2301 4391 millieo
2333 4340 2421 4393 Ph.
2459 4341 2535 4399 iii,
2554 4346 2605 4393 2.
2627 4344 2661 4391 2
2710 4340 2823 4389 Cre-
