3192 4975
1225 429 1304 480 n«
1347 429 1829 482 'BBRBN'I'IUM-

403 588 470 636 2⁸
497 577 924 649 0·Quae(2m1citin)
963 581 1156 644 inceptu
1202 595 1234 630 a
1281 583 1456 646 penis,

402 667 512 698 eum
547 656 683 698 aetete
715 647 918 696 accrevit
951 645 1088 694 simul
1137 643 1204 696 A.
1239 646 1314 706 iii,
1351 651 1400 697 3.
1421 653 1454 697 7

403 715 552 763 Simul
565 712 770 769 erbittor,
786 711 888 774 jum
902 711 1106 776 aliquem
1120 727 1222 760 esse
1239 712 1458 775 amicum,

399 787 448 828 et
471 779 759 826 defensorem
773 774 824 824 ei
852 775 916 823 A.
933 776 1000 838 iv,
1016 781 1064 824 5.
1081 779 1144 826 17
1177 775 1326 824 Simul
1343 792 1457 825 con·

401 842 558 892 silium
577 857 684 890 eum
705 856 757 888 re
777 839 967 888 amisti?
1001 839 1065 888 Et
1084 855 1242 888 eorum
1265 841 1456 905 ingenia

397 907 600 955 admiror
637 903 778 954 simul
831 903 924 952 Eu.
943 904 998 962 ii,
1028 909 1080 954 2.
1120 909 1198 954 10.
1237 909 1299 954 19
1353 906 1458 954 Hos

399 972 528 1045 prius
566 971 879 1026 introducam,
913 977 964 1017 et
1003 984 1112 1033 quo
1152 967 1278 1032 volo,
1317 971 1455 1019 simul

393 1036 640 1099 imperabo
671 1033 766 1083 Eu.
785 1031 858 1090 iii,
879 1037 929 1082 2.
949 1037 1016 1084 40
1050 1032 1190 1082 Fores
1203 1034 1341 1082 simul
1355 1051 1456 1084 om-

395 1115 484 1150 nes
505 1106 734 1162 proruunt
763 1113 830 1146 se.
861 1097 1010 1146 Simul
1031 1097 1124 1147 elie
1141 1097 1454 1162 circumspec-

395 1171 466 1216 to.
497 1163 578 1212 De
597 1164 714 1212 istae
734 1161 870 1211 simul
889 1160 1142 1210 eonsilium
1162 1161 1270 1210 volo
1287 1179 1455 1228 capere

396 1245 494 1276 unu
509 1236 664 1276 tecum
696 1226 786 1276 Eu.
805 1225 878 1289 iii,
897 1231 947 1276 5.
969 1231 1051 1276 51.
1070 1230 1154 1277 54.
1171 1231 1235 1276 65
1288 1226 1454 1294 Atque

391 1292 462 1346 ibi
485 1292 621 1342 simul
643 1307 756 1348 rem,
775 1298 827 1340 et
845 1289 956 1338 belli
976 1291 1170 1354 gloriam
1189 1290 1326 1340 armis
1346 1309 1452 1358 rep.

392 1357 494 1420 peri
546 1355 670 1405 Heu.
691 1356 726 1412 i.
748 1360 796 1405 1.
817 1360 890 1410 60,
935 1355 1002 1403 Et
1020 1354 1149 1404 illem
1168 1355 1324 1412 simul,
1343 1372 1454 1408 cum

393 1421 580 1478 nuntio,
602 1420 690 1470 tibi
711 1420 788 1468 hie
809 1435 898 1484 ego
921 1419 1168 1469 affuturam
1188 1419 1333 1470 hodie
1353 1423 1450 1470 seio

392 1484 517 1534 Hes.
535 1486 571 1542 i,
591 1491 640 1535 2.
661 1489 694 1534 2
741 1484 887 1532 Simul
909 1492 960 1532 et
980 1483 1227 1536 conficiam
1263 1483 1451 1536 facilius

391 1565 500 1662 {22⁹
515 1549 822 1662 fifflffitiss'.
837 1546 980 1662 2¹¹1&ss
1011 1550 1247 1670 ἒῖῡῑῗιλῗῗ
1265 1549 1452 1664 ...(3.ῗέἷέ

393 1693 490 1726 unu
511 1675 663 1727 simul.
715 1676 778 1726 Et
794 1677 928 1726 illum
945 1679 1036 1725 hoc
1072 1677 1272 1740 rogitato
1309 1680 1447 1729 simul

391 1741 516 1792 Heu.
543 1759 592 1799 v,
612 1747 659 1792 l.
697 1746 779 1792 3⁴.
814 1746 879 1792 70
933 1741 1071 1791 Illico
1113 1757 1276 1792 omnes
1310 1745 1447 1792 simul

395 1807 516 1856 lato
537 1806 814 1863 exclamant,
833 1805 984 1854 venitl
1024 1806 1118 1854 He.
1137 1807 1212 1870 iii,
1233 1812 1282 1858 8.
1305 1813 1336 1856 7
1369 1809 1445 1857 Si-

391 1871 490 1920 mul
511 1887 672 1920 vereor
691 1869 1009 1934 Pamphilum,
1041 1885 1102 1918 ne
1139 1880 1268 1920 orate
1287 1880 1447 1922 nostra

389 1942 596 1999 nequeat
629 1935 808 1983 diutius
845 1936 995 1984 celare
1040 1935 1135 1983 He.
1153 1937 1218 1998 iv,
1238 1941 1286 1986 l.
1307 1941 1373 1986 6⁰
1416 1937 1446 1987 1

385 2015 498 2063 ergo
517 1999 661 2057 iutro,
693 2009 743 2047 et
775 2015 1023 2062 compone,
1045 2015 1151 2063 quae
1186 2008 1343 2050 tecum
1381 2003 1445 2050 si·

389 2065 489 2112 mul
509 2064 714 2114 ferantur
747 2063 840 2111 He.
862 2064 927 2121 iv,
949 2069 998 2112 3.
1017 2069 1046 2112 5
1099 2063 1224 2113 Nam
1247 2065 1352 2114 illes
1373 2081 1446 2114 er·

389 2143 508 2184 rore,
523 2135 576 2176 et
597 2136 644 2176 te
665 2128 800 2176 simul
823 2129 1090 2192 suspicione
1107 2129 1317 2178 exsolves
1348 2130 1444 2180 He.

387 2207 437 2249 v,
457 2197 508 2242 2.
529 2197 598 2242 26
627 2191 818 2249 Evenit,
839 2193 1028 2242 senibus
1048 2195 1278 2242 ambobus
1301 2194 1445 2243 simul

387 2257 478 2306 iter
499 2263 552 2305 ut
581 2264 706 2305 esset
753 2257 845 2306 Ph.
866 2257 899 2312 i,
921 2262 972 2307 2.
999 2262 1057 2306 15
1103 2255 1253 2306 Simul
1287 2267 1442 2308 nutem

385 2337 485 2370 non
507 2317 726 2369 manebat
743 2329 855 2370 aetas
876 2321 1066 2385 virginis
1104 2337 1254 2372 meum
1293 2323 1444 2386 negli-

387 2385 592 2448 gentiam
646 2385 814 2442 Pluiv,
835 2390 882 2435 1.
898 2391 931 2438 4
987 2385 1079 2434 Hic
1107 2387 1244 2434 simul
1279 2403 1442 2451 ergen-

385 2457 486 2500 tum
503 2450 730 2517 reppetit,
749 2465 862 2500 cura
879 2465 980 2500 sese
999 2450 1242 2515 expedivit
1283 2451 1373 2502 Ph.
1393 2469 1446 2511 v,

447 2578 710 2631 Simulatio.
789 2578 906 2627 Non
943 2594 1054 2629 mee
1089 2587 1166 2627 est
1204 2579 1442 2630 simulatio

381 2642 508 2694 Heu.
526 2645 598 2705 iv,
617 2650 667 2693 5.
682 2647 746 2693 84

446 2708 644 2757 Simulo.
709 2708 807 2756 Cur
827 2705 1020 2753 simules
1037 2704 1182 2769 igitur
1201 2706 1218 2751 ?
1251 2705 1316 2755 A.
1337 2706 1374 2768 i,
1397 2711 1441 2756 1.

381 2774 448 2821 21
500 2771 630 2828 Quid
654 2772 797 2835 igitur
815 2770 905 2817 sibi
926 2769 1026 2817 volt
1061 2770 1228 2832 putet?
1261 2785 1346 2817 eur
1377 2772 1440 2819 si·

383 2834 565 2886 mulsit?
600 2835 666 2884 A.
684 2837 742 2893 vii,
759 2839 806 2885 3.
829 2838 855 2885 1
890 2832 1207 2907 Deniqueubi
1225 2848 1321 2882 non
1338 2835 1444 2900 quit

382 2900 791 3020 533¹²l¹1255
805 2906 1001 3014 33³3&ss
1040 2900 1442 3012 ifflffluffi

381 3042 563 3103 parere,
583 3044 678 3093 quo
717 3027 1008 3078 Chremetem
1047 3027 1332 3077 absterreant
1374 3027 1438 3077 A.

383 3092 453 3150 iii,
474 3098 519 3143 1.
541 3098 602 3143 14
655 3093 846 3157 AEgtum
881 3107 981 3139 esse
1017 3091 1239 3139 simulant
1271 3090 1439 3141 mulie·

379 3170 478 3205 rem
509 3156 604 3207 He.
623 3157 662 3215 i,
682 3163 732 3207 2.
758 3160 852 3207 113
883 3156 977 3203 Sed
1000 3170 1057 3203 ee
1079 3156 1226 3219 gratia
1244 3156 1436 3205 simuln-

381 3221 448 3278 vi,
470 3238 552 3271 vos
591 3231 643 3271 ut
675 3227 984 3286 pertentat-em
1037 3219 1194 3277 A.iii,
1215 3224 1266 3271 4.
1289 3226 1322 3271 9
1375 3221 1435 3269 Id

377 3286 536 3341 mirari
568 3294 616 3335 te
647 3284 862 3335 simulato
915 3284 1042 3335 Heu.
1065 3302 1112 3342 v,
1135 3290 1183 3334 l.
1203 3289 1269 3335 70
1322 3284 1436 3333 Non

377 3365 470 3413 ego
489 3351 722 3407 dicebam,
744 3350 793 3399 in
815 3356 1091 3414 perpetuum
1115 3349 1240 3397 ium
1275 3348 1346 3397 illi
1384 3358 1439 3399 ut

377 3414 534 3477 dures,
556 3414 712 3465 verum
735 3423 790 3464 ut
807 3414 1045 3463 simulares
1077 3414 1200 3463 Heu.
1222 3414 1286 3470 iv,
1309 3420 1356 3463 5.
1371 3418 1435 3464 84

375 3478 496 3529 Non
517 3480 734 3529 simulare
757 3487 949 3527 mortem
973 3479 1124 3526 verbis
1154 3478 1277 3526 Heu.
1298 3479 1368 3542 iv,
1387 3484 1435 3529 1.

381 3548 446 3593 23
467 3543 519 3592 Si
539 3561 636 3593 non
660 3546 762 3609 ipsu
783 3559 831 3592 re
853 3543 974 3591 istuc
997 3542 1083 3589 tibi
1101 3541 1233 3590 dolet
1253 3558 1268 3591 z
1293 3543 1434 3591 simu·

375 3606 477 3656 inre
497 3617 624 3658 certe
643 3618 718 3659 est
735 3607 938 3657 hominis
974 3606 1068 3659 Ad.
1089 3605 1156 3667 iv,
1176 3611 1226 3655 7.
1251 3611 1313 3657 16
1345 3606 1435 3657 Ille

379 3670 494 3719 elias
512 3688 585 3721 res
603 3689 742 3737 egere
761 3689 811 3721 se
847 3671 1062 3720 simulare
1111 3670 1208 3719 He.
1231 3686 1278 3728 v,
1300 3674 1348 3721 3.
1369 3676 1435 3723 28

377 3734 500 3783 Tum
517 3752 611 3800 ego
630 3739 713 3813 pol
736 3738 775 3786 is
795 3752 948 3786 essem
979 3752 1106 3797 vere,
1125 3736 1206 3799 qni
1243 3736 1434 3787 simula-

381 3801 464 3849 bar
515 3799 608 3850 Eu.
627 3801 697 3858 aii,
717 3808 766 3851 5.
787 3806 852 3852 58
907 3801 1039 3857 Quid
1059 3808 1148 3861 est,
1170 3801 1298 3864 qnod
1333 3816 1433 3849 am·

379 3865 505 3928 plius
525 3864 795 3914 simuletur?
831 3864 949 3913 Hes.
971 3883 1020 3922 V,
1043 3870 1090 3914 1.
1111 3869 1177 3915 28

441 3928 684 3979 Simulus.
745 3928 872 3991 Age,
889 3930 1024 3979 mitto
1037 3928 1282 3993 imperium
1301 3946 1314 3978 ε
1335 3944 1434 3979 non

377 3994 660 4043 simultatem
679 4008 830 4043 meam
847 3993 1044 4043 revereri
1079 3994 1243 4044 saltem
1267 3995 1286 4042 ?
1339 3994 1432 4047 Ph.

377 4055 432 4115 ii,
457 4064 504 4109 l.
528 4064 562 4109 2

445 4123 665 4174 Simulus.
729 4121 782 4173 Is
801 4130 960 4171 nostro
979 4121 1158 4170 Simulo
1179 4122 1273 4171 fuit
1307 4138 1432 4171 sum·

380 4200 486 4237 mus
535 4188 632 4237 Ad.
657 4188 726 4246 iii,
766 4192 820 4239 2.
853 4191 918 4237 54
971 4185 1196 4235 Nostrum
1229 4188 1432 4237 amicum

379 4265 516 4367 nornis
545 4252 798 4367 lSimulum,
835 4259 978 4319 atque
1013 4250 1276 4317 aequalem?
1330 4252 1429 4306 Ad.

375 4328 453 4374 ω,
511 4348 526 4366 .
573 4322 610 4369 9

2253 417 2591 486 'cccxxvii

1537 605 1544 614 ·
1593 583 1697 632 stu.
1758 581 1843 632 Sin
1860 579 2063 644 eveniat,
2078 580 2213 646 qnod
2228 581 2337 632 volo
2378 583 2459 636 Α.
2476 583 2513 644 i,
2538 591 2589 640 1.

1531 649 1628 698 138
1682 647 1734 696 Si
1754 645 1886 696 illum
1909 646 2137 711 relinquo,
2156 643 2261 708 ejus
2280 648 2389 696 vite
2409 647 2555 700 timeo
2568 669 2585 702 t

1529 713 1603 760 sin
1626 713 1849 776 opitulor,
1869 708 2010 775 hujus
2030 711 2183 758 minus
2210 711 2272 758 A.
2292 711 2331 775 i,
2351 717 2399 760 8.
2417 719 2449 763 5
2496 715 2587 764 sin

1529 777 1697 825 falsum
1719 784 1803 825 aut
1822 791 2012 836 vanum,
2034 783 2115 852 eut
2135 774 2409 851 fictum-est,
2430 779 2586 828 eonti-

1529 839 2347 968 tszssffisf’sfffflzzggmfflflffi
2364 841 2586 960 &33⁰3

1529 967 1613 1019 Sin
1632 971 1769 1019 aliter
1786 971 1969 1018 enimus
2006 976 2163 1016 voster
2184 975 2271 1016 est
2318 968 2417 1017 Ad.
2440 970 2513 1032 iii,
2532 977 2585 1024 Δ.

1527 1039 1596 1085 46
1644 1035 1729 1083 Sin
1748 1035 1883 1083 aliter
1901 1034 1963 1083 de
1982 1034 2073 1082 hac
2092 1049 2142 1081 re
2164 1041 2236 1080 est
2253 1031 2358 1095 ejus
2394 1043 2585 1084 senten-

1527 1097 1615 1154 tie,
1636 1100 1919 1163 respondent
1935 1097 2049 1146 mihi
2078 1095 2177 1148 Ad.
2200 1097 2270 1156 iii,
2290 1105 2339 1148 5.
2359 1103 2391 1147 5
2426 1097 2509 1148 Sin
2526 1117 2585 1150 ea

1527 1170 1602 1210 est
1621 1178 1780 1222 ceusu,
1799 1163 2031 1212 retinendi
2052 1162 2180 1238 apud
2204 1178 2305 1223 vos,
2328 1163 2437 1227 quia
2484 1164 2583 1216 He.

1525 1225 1578 1283 ii,
1599 1232 1650 1276 2.
1677 1233 1739 1278 18
1791 1227 1841 1276 Si
1861 1235 1951 1285 est,
1973 1235 2027 1276 ut
2046 1229 2177 1276 dicet
2197 1226 2317 1274 velle
2354 1243 2404 1276 se
2439 1227 2584 1293 (uxo.

1526 1292 1668 1354 rem),
1686 1292 1862 1340 redde:
1885 1293 1959 1340 sin
1979 1300 2051 1340 est
2067 1299 2241 1349 eutem,
2264 1299 2319 1340 ut
2339 1292 2459 1340 nolit
2488 1293 2583 1347 He.

1521 1356 1591 1413 iv,
1617 1361 1664 1406 1.
1685 1361 1751 1407 44
1802 1357 1887 1404 Sin
1906 1363 1997 1420 est,
2018 1363 2071 1404 ut
2091 1355 2226 1405 aliter
2247 1364 2328 1404 tua
2348 1357 2437 1406 siet
2472 1373 2583 1408 sen-

1523 1422 1695 1482 tentia,
1726 1421 1930 1483 accipias
1970 1436 2165 1485 puerum
2213 1419 2309 1470 He.
2346 1422 2411 1478 iv.
2443 1428 2495 1474 4.
2518 1429 2581 1474 15

1523 1485 1607 1532 Sin
1630 1493 1785 1533 autem
1808 1493 1881 1534 est
1897 1486 1959 1533 ob
1980 1499 2085 1534 eum
2103 1500 2199 1533 rem
2219 1484 2363 1534 iratus
2393 1495 2581 1548 gnatus,

1520 1550 1653 1614 quod
1687 1549 1782 1598 He.
1803 1566 1849 1606 v,
1871 1554 1920 1600 2.
1940 1554 2001 1600 14
2038 1549 2165 1613 Lege
2176 1549 2229 1597 id
2244 1549 2383 1599 lieere
2400 1551 2579 1602 fuceret

1523 1615 1595 1661 sin
1620 1613 1768 1670 aliter,
1789 1622 1932 1678 neget
1980 1613 2070 1662 Ph.
2094 1615 2128 1670 i,
2151 1619 2199 1662 2.
2219 1619 2285 1663 66
2330 1613 2445 1664 Non
2467 1617 2584 1666 mihi

1519 1679 1709 1728 eredis?
1764 1677 1861 1727 Do.
1882 1678 2145 1726 Heriolnre.
2193 1677 2285 1726 Ph.
2316 1679 2399 1728 Sin
2436 1681 2581 1732 fidem

1520 1743 1607 1792 do.
1654 1743 1753 1791 Do.
1777 1743 1993 1791 Fabulae!
2045 1743 2137 1793 Ph.
2172 1741 2243 1801 iii,
2262 1749 2311 1793 2.
2332 1747 2363 1794 7
2417 1745 2470 1793 si
2505 1751 2578 1795 me

1521 1807 1702 1855 alienus
1722 1808 1907 1856 affinem
1939 1807 2081 1864 volet,
2102 1807 2303 1855 tacebit:
2340 1808 2413 1856 sin
2450 1825 2605 1873 spre-·

1521 1872 1640 1919 verit
1654 1888 1730 1920 me
1776 1871 1869 1920 Ph.
1890 1871 1955 1930 iv,
1979 1877 2026 1922 1.
2050 1876 2113 1920 18
2162 1871 2311 1928 Quin,
2328 1873 2369 1921 si
2390 1875 2479 1924 hoc
2500 1890 2581 1922 ee-

1519 1935 1659 1990 letur.
1682 1937 1733 1984 iu
1754 1944 1879 1985 metu
1904 1956 1919 1984 ε
1952 1936 2025 1984 sin
2050 1936 2230 1999 patefit,
2253 1936 2301 1984 in
2326 1939 2493 2000 probro
2516 1939 2579 1988 si·-

1517 2015 1596 2048 em
1629 2000 1721 2048 Ph.
1746 2017 1790 2058 v,
1812 2006 1861 2052 4.
1884 2005 1917 2050 6
1962 2001 2045 2050 Sin
2066 2009 2157 2056 est,
2176 2008 2231 2048 ut
2250 2001 2367 2048 velis
2390 2017 2579 2052 munere

1516 2063 1648 2112 illam
1672 2065 1799 2129 apud
1822 2073 1869 2114 te
1903 2065 1993 2113 Ph.
2017 2081 2064 2122 v,
2084 2071 2134 2114 7.
2158 2069 2223 2114 82

1583 2129 1789 2178 Sincere.
1852 2127 1905 2178 Si
1956 2129 2079 2178 istuc
2118 2129 2353 2194 erede-rem
2384 2128 2577 2178 sincere

1519 2191 1636 2249 diei,
1657 2192 1845 2258 quidvis
1866 2209 2053 2257 possem
2072 2193 2255 2256 perpeti
2286 2191 2377 2240 Eu.
2392 2193 2427 2249 i,
2442 2198 2492 2242 2.
2508 2199 2573 2244 97

1517 2299 1524 2304 .
1582 2257 1711 2306 Sine.
1780 2257 1855 2306 Ita
1872 2258 2108 2306 facillume
2129 2257 2229 2306 sine
2259 2257 2436 2306 invidia
2472 2257 2575 2306 lun·

1513 2319 1626 2369 dem
1664 2321 1893 2379 invenies,
1914 2330 1965 2370 et
1996 2323 2172 2370 anticos
2203 2337 2339 2386 pares
2384 2319 2447 2370 A.
2468 2322 2506 2378 i,
2530 2327 2577 2372 1.

1517 2389 1584 2434 ⁸9
1636 2385 1705 2434 At
1737 2401 1867 2438 nune
1900 2384 2045 2434 faciet
2056 2403 2071 2446 3
2104 2401 2277 2449 neque,
2298 2393 2354 2434 ut
2388 2387 2577 2450 opinor,

1515 2448 1618 2499 sine
1638 2458 1721 2499 tuo
1737 2465 1907 2517 magno
1925 2451 2049 2501 malo
2080 2449 2147 2499 A.
2164 2451 2199 2509 i,
2214 2456 2265 2501 2.
2280 2455 2311 2501 8
2344 2450 2457 2501 Sine
2472 2466 2575 2501 om·

1514 2514 1564 2562 ni
1606 2515 1783 2579 periclo
1831 2516 1897 2565 A.
1918 2510 1974 2574 ii,
1995 2521 2043 2564 8.
2081 2519 2143 2566 17
2192 2515 2341 2563 Hem!
2376 2516 2573 2565 biduum

1515 2579 1594 2627 hie
1606 2580 1889 2627 menendum
1904 2586 1977 2627 est
1992 2579 2081 2629 soli
2092 2580 2193 2629 siue
2205 2580 2316 2627 illa?
2331 2580 2425 2631 Eu.
2444 2580 2509 2639 iv,
2519 2587 2573 2633 2.

1517 2646 1550 2690 9
1570 2642 1684 2690 Non
1706 2650 1865 2707 potest
1882 2643 1985 2692 sine
2008 2644 2131 2691 melo
2148 2643 2299 2700 fateri,
2320 2643 2457 2692 video
2478 2645 2573 2693 Eu.

1513 2705 1580 2761 iv,
1595 2710 1645 2755 4.
1664 2712 1730 2757 46
1762 2707 1875 2755 Sine
1894 2706 2062 2757 Cerere
2076 2713 2126 2755 et
2140 2706 2307 2755 Libero
2322 2708 2461 2771 friget
2474 2710 2572 2759 Ve-

1513 2784 1604 2817 nus
1636 2770 1727 2817 Eu.
1749 2771 1817 2827 iv,
1841 2778 1889 2821 5.
1913 2775 1945 2820 6
1979 2772 2091 2821 Sine
2111 2771 2341 2834 sanguine
2362 2773 2453 2845 lioc
2473 2772 2574 2822 fleri

1512 2848 1614 2946 :²122
1638 2835 2327 2956 ’Ξοὲῒὼῗὲἐξέῗᾈῗὶἕῗ
2375 2837 2573 2963 32⁸⁸.AE

1511 2978 1653 3025 quum
1674 2964 1877 3020 amabat,
1899 2978 2002 3011 eam
2024 2964 2210 3013 confeci
2224 2965 2323 3013 sine
2338 2964 2571 3024 molestie,

1511 3027 1614 3075 sine
1631 3036 1804 3084 sumtu,
1827 3028 1927 3077 sine
1965 3028 2214 3091 dispendio
2268 3028 2358 3077 Eu.
2378 3045 2427 3086 v,
2449 3034 2499 3078 4.
2518 3034 2571 3080 6.

1510 3094 1541 3137 7
1573 3092 1687 3140 Sine
1708 3092 1873 3153 dubio,
1894 3092 2081 3157 opinor.
2114 3092 2183 3140 Ut
2196 3102 2279 3141 tuo
2293 3094 2441 3142 emori
2457 3110 2571 3159 sup-

1509 3156 1720 3217 peditare
1742 3157 1891 3219 possit
1908 3158 2007 3205 sine
2028 3164 2182 3205 sumtu
2205 3165 2287 3205 tuo
2336 3158 2430 3206 Eu.
2450 3175 2497 3215 v,
2518 3164 2569 3208 9.

1510 3222 1590 3269 14.
1614 3226 1679 3269 46
1730 3220 1972 3269 Novarum
1994 3222 2077 3285 qui
2110 3222 2355 3283 spectandi
2388 3222 2573 3271 faciunt

1507 3285 1694 3348 copiam
1732 3286 1832 3334 siue
1866 3284 1993 3333 vitiis
2044 3285 2169 3334 Heu.
2191 3286 2321 3337 Ptol.
2338 3290 2405 3336 80
2454 3286 2569 3336 Sine

1507 3364 1641 3413 suro,
1660 3358 1758 3397 tum
1780 3358 2007 3410 ornatam,
2024 3350 2092 3397 ita
2112 3350 2185 3399 uti
2204 3367 2312 3416 quae
2346 3358 2571 3401 ornentur

1506 3412 1613 3461 sibi.
1664 3412 1825 3462 Heus!
1860 3430 1959 3463 non
1978 3415 2031 3463 fit
2050 3415 2152 3463 sine
2170 3416 2349 3479 periclo
2384 3415 2570 3465 fednus

1506 3492 1727 3541 magnum
1750 3485 1801 3527 et
1822 3480 2137 3528 memorabile.
2192 3480 2313 3528 Num
2334 3488 2417 3529 tun
2436 3482 2567 3545 apud

1507 3550 1687 3605 patrem
1707 3545 1858 3591 nmien
1895 3552 2051 3593 tecum
2086 3544 2193 3593 eine
2233 3551 2363 3592 metu
2400 3552 2453 3593 ut
2486 3545 2569 3602 sit,

1505 3607 1651 3669 copie
1671 3614 1759 3655 est.
1794 3608 1938 3664 Quod
1962 3609 2101 3656 umbo
2122 3608 2443 3657 confiteamini
2463 3609 2565 3658 sine

1503 3671 1681 3733 periclo
1718 3687 1821 3721 esse
1872 3672 1995 3723 Heu.
2028 3673 2086 3729 ii,
2108 3677 2157 3722 ⁸.
2178 3677 2261 3723 47.
2284 3677 2363 3723 73.
2386 3676 2469 3722 87.
2499 3678 2567 3723 98

1506 3734 1651 3784 Nunc
1668 3752 1777 3785 eum
1798 3735 1901 3785 sine
1921 3752 2093 3799 magno
2113 3737 2451 3787 intertrimento
2466 3752 2565 3785 non

1505 3807 1665 3862 potest
1683 3802 1842 3849 heberi
1885 3800 2011 3849 Heu.
2032 3801 2103 3857 iii,
2126 3804 2175 3849 1.
2196 3804 2262 3854 39
2305 3802 2403 3849 Suo
2434 3800 2564 3866 quis-

1503 3864 2565 3986 ffisszsswffiffzsszifsssssttfflz‘ssimss

1502 4009 1747 4107 3³:232ae
1776 3946 2313 4121 3533‘230‘120320p22·
2334 3993 2407 4105 {ii
2423 3997 2565 4107 ὲκ.

1503 4123 1665 4171 culum
1686 4122 1740 4170 iri
1762 4122 2019 4171 deductum
2040 4123 2266 4171 domum?
2296 4122 2400 4171 Ad.
2421 4121 2486 4178 iv,
2510 4126 2561 4171 5.

1499 4192 1568 4237 60
1616 4188 1750 4235 Uxor
1785 4187 1887 4235 sine
1924 4188 2037 4235 dote
2078 4188 2239 4236 veniet
2288 4187 2388 4235 Ad.
2425 4186 2491 4243 iv,
2510 4188 2559 4237 7.

1503 4256 1564 4303 41
1624 4252 1714 4301 Ille
1734 4251 1851 4299 alter
1869 4251 1971 4301 sine
2008 4251 2164 4301 labore
2200 4250 2351 4315 patrie
2383 4251 2561 4316 potitur

1501 4317 1751 4366 commode
1780 4312 1881 4365 Ad.
1906 4333 1951 4375 v,
1971 4320 2020 4367 4.
2044 4320 2107 4368 17
2140 4316 2250 4366 Sine
2264 4318 2421 4367 labore
2438 4316 2561 4367 hane
