3192 4975
558 421 680 487 xiv

564 585 614 631 1.
637 583 702 631 48
732 580 888 637 Quam
930 594 1199 643 puerperam
1238 579 1350 631 duci
1379 581 1472 629 huc

560 645 683 692 viam
705 653 926 707 aegrotam
958 645 1052 693 Ad.
1077 661 1122 700 v,
1144 649 1194 693 7.
1213 648 1277 693 24
1312 644 1486 702 Facile,
1505 661 1615 693 cum

560 708 786 819 giemus,
828 716 955 756 rectu
995 708 1194 756 consiiia.
1225 709 1408 771 aegrotis
1450 711 1615 757 damus

611 805 625 820 .
645 771 699 827 ii,
724 775 770 819 1.
795 775 829 819 9

625 835 859 907 ¹AEmulor.
921 834 1132 890 Quorum
1175 834 1380 883 aemulari
1425 843 1619 899 exoptat

559 898 894 1011 ῃεξέξιοιῖῐῖἴῃ
927 897 1324 1016 ΙΑειηῗοιαιεέιὲΙυῐῃ
1347 963 1406 1009 ab
1428 976 1485 1009 eu
1515 962 1619 1025 pel-

561 1025 647 1073 lito
673 1024 769 1071 Eu.
803 1025 858 1080 ii,
905 1029 950 1073 1.
992 1028 1024 1073 8
1075 1024 1182 1073 Tibi
1262 1034 1390 1075 utare
1437 1027 1616 1075 adduc-

564 1096 662 1135 tum
682 1096 792 1137 unte
816 1088 977 1136 oculos
994 1089 1213 1135 aemulum
1258 1089 1320 1136 'u.
1336 1089 1404 1146 iv,
1428 1095 1473 1139 1.
1497 1093 1531 1138 9

627 1152 864 1215 AEquslis.
927 1150 1004 1199 Itu
1025 1159 1077 1199 ut
1098 1152 1246 1199 filium
1268 1168 1422 1200 meum
1448 1152 1620 1215 aequeli

563 1230 647 1261 suo
667 1216 805 1263 video
825 1216 1043 1263 inservire
1082 1216 1204 1265 Hes.
1223 1216 1295 1271 iii,
1318 1221 1365 1267 1.
1387 1222 1418 1265 8
1467 1217 1621 1265 Patris

563 1286 831 1341 cognatum,
853 1287 994 1343 atque
1012 1280 1254 1343 aqualem,
1272 1280 1619 1337 Archimedem,

561 1342 816 1389 novistin’?
852 1342 944 1392 Eu.
975 1343 1029 1399 ii,
1052 1348 1099 1394 3.
1121 1348 1184 1392 35
1229 1344 1451 1392 Amicum
1483 1360 1621 1391 noras

562 1405 808 1466 Simulum,
825 1414 967 1469 utque
987 1407 1214 1470 aequalem
1233 1409 1250 1455 ?
1271 1408 1367 1455 Ad.
1387 1408 1460 1463 iii,
1479 1411 1530 1460 4.
1553 1412 1621 1457 20

565 1469 719 1525 Quem
741 1472 800 1519 sd
823 1486 1003 1519 coenum
1024 1472 1202 1519 vocabo
1225 1488 1428 1519 meorum
1462 1487 1619 1535 aequa·

562 1531 676 1579 lium
697 1534 714 1579 ?
737 1533 801 1582 A.
823 1534 877 1589 ii,
897 1538 946 1583 6.
966 1539 1030 1583 22
1063 1534 1142 1583 Ne
1175 1537 1395 1598 cuiquam
1409 1536 1621 1599 &queli-

565 1612 645 1642 um
667 1597 862 1661 supplex
883 1599 973 1645 siet
1004 1598 1094 1648 Ph.
1115 1614 1164 1655 v,
1185 1604 1232 1647 6.
1246 1604 1313 1648 ,47

629 1660 992 1723 Εᾳυεηίιιιὶιεε.
1056 1662 1235 1718 Facite,
1301 1662 1621 1725 aequanimitas

566 1724 734 1772 Poetis
755 1726 814 1771 nd
835 1726 1128 1773 scribendum
1146 1734 1316 1789 augeat
1347 1727 1619 1774 industriam

567 1786 666 1835 Ad.
691 1788 816 1837 Ptol.
839 1793 904 1838 24
959 1789 1250 1852 Bonitasque
1286 1799 1441 1837 vostra
1483 1791 1620 1853 adju-

566 1859 688 1905 tans,
711 1858 852 1915 atque
874 1853 1196 1916 aequanimitas
1227 1853 1318 1901 Ph.
1341 1852 1468 1901 Prol.
1490 1858 1552 1902 35

631 1914 808 1977 AEque.
877 1917 1036 1979 AEque
1069 1918 1320 1980 quicquum
1358 1933 1484 1964 nunc
1513 1917 1621 1980 qui-

566 1979 684 2025 dem.
707 1977 768 2026 A.
793 1979 844 2035 ii,
863 1985 910 2028 6.
935 1984 964 2027 3
1017 1980 1165 2027 Miser
1185 1996 1336 2043 oeque.
1368 1988 1508 2043 atque
1529 1997 1623 2043 ego

566 2040 630 2091 A.
653 2043 718 2096 iv,
741 2046 788 2090 2.
812 2048 875 2092 19
922 2042 1015 2092 Cui
1044 2059 1180 2106 reque
1209 2045 1384 2091 audisti
1415 2060 1623 2093 commo-

567 2106 672 2153 dius
711 2106 963 2169 quicquam
999 2108 1244 2155 evenisse?
1269 2108 1392 2156 Heu.
1434 2109 1498 2163 iv,
1521 2113 1569 2157 3.
1590 2114 1623 2157 7

568 2169 726 2225 Quid!
787 2186 890 2217 uam
914 2170 1071 2219 illam?
1095 2172 1203 2221 ΑΕΒ.
1222 2172 1384 2235 AEque
1425 2172 1518 2219 Ad.
1555 2172 1622 2229 iv,

567 2238 616 2280 5.
637 2238 702 2281 68
787 2234 872 2280 tin'
892 2250 1052 2282 omnes
1072 2234 1286 2283 mulieres
1306 2235 1471 2283 eadem
1487 2252 1623 2297 aeque

568 2297 789 2343 studeant
820 2298 913 2348 He.
935 2298 988 2353 ii,
1011 2302 1059 2345 1.
1079 2303 1112 2346 2
1155 2298 1279 2345 Viris
1313 2314 1414 2346 esse
1451 2301 1623 2346 advor-

569 2373 661 2415 sus,
683 2375 818 2421 aeque
837 2361 1045 2407 studium
1067 2368 1141 2408 est
1188 2360 1280 2411 He.
1299 2363 1357 2418 ii,
1375 2366 1422 2411 1.
1441 2368 1472 2410 5
1528 2362 1577 2408 N
1581 2378 1622 2409 ω

568 2436 655 2467 nos
677 2438 834 2469 sumus
854 2424 1070 2472 mulieres
1099 2425 1260 2488 inique
1295 2440 1430 2489 aeque
1462 2425 1623 2472 invisae

568 2486 676 2533 viris
707 2485 802 2534 He.
827 2488 879 2546 ii,
901 2492 949 2539 3.
966 2492 992 2537 1
1026 2488 1107 2535 An
1128 2490 1375 2552 quisquam
1396 2497 1468 2537 est
1489 2505 1625 2553 oeque

567 2549 740 2597 miser?
771 2550 867 2600 He.
888 2550 967 2612 iii,
993 2557 1039 2602 1.
1065 2556 1124 2601 13
1176 2552 1430 2615 Nunquam
1473 2569 1625 2615 aeque,

566 2613 738 2676 inquit,
757 2629 813 2662 ac
834 2617 976 2663 modo
1024 2616 1115 2664 Ph.
1139 2615 1173 2672 i,
1193 2620 1242 2665 2.
1261 2622 1328 2665 43
1380 2617 1514 2665 Nihil
1535 2626 1627 2674 est,

568 2692 702 2740 aeque
725 2679 852 2740 quod
888 2679 1056 2727 faciam
1079 2679 1243 2728 lubens
1279 2680 1369 2730 Ph.
1397 2681 1470 2736 iii,
1490 2685 1537 2729 3.
1561 2686 1625 2730 33

566 2740 636 2788 Τε
657 2742 770 2788 mihi
793 2742 978 2790 fidelem
1011 2758 1111 2790 esse
1149 2759 1301 2806 oeque,
1340 2751 1482 2807 atque
1513 2760 1627 2808 ego-

569 2811 666 2851 met
681 2820 782 2852 sum
810 2805 924 2853 mihi
957 2806 1046 2853 Ph.
1066 2807 1131 2862 iv,
1156 2811 1202 2856 l.
1229 2812 1287 2856 15
1322 2807 1451 2855 Novi
1493 2824 1629 2872 aeque

570 2869 726 2916 omnia
747 2877 901 2917 tecum
936 2871 1028 2919 Ph.
1049 2887 1097 2927 v,
1119 2875 1166 2919 8.
1188 2875 1252 2921 43

633 2931 838 2995 AEquus,
882 2949 928 2990 a,
971 2950 1066 2984 um.
1129 2934 1259 2982 Tuus
1302 2933 1391 2982 iste
1445 2935 1629 2983 unimus

568 3011 751 3106 {2⁰⁰2
775 2997 940 3109 Assr‘oi’
962 2998 1492 3112 {affingid‘issssoffqi‘s'
1529 2999 1631 3110 32⁰3·

567 3122 699 3171 Ptol.
722 3127 782 3172 31
815 3125 866 3172 Si
886 3133 933 3173 te
957 3141 1092 3188 aequo
1113 3126 1270 3172 animo
1306 3127 1423 3174 serre
1453 3127 1630 3190 accipi-

569 3194 619 3234 et
667 3185 733 3234 A.
775 3189 826 3244 ii,
850 3193 898 3236 3.
917 3193 982 3238 23
1035 3188 1150 3236 Non
1191 3196 1243 3235 tu
1281 3196 1414 3235 tuum
1455 3191 1630 3237 maium

571 3265 708 3312 aequo
725 3252 880 3298 animo
898 3251 1050 3298 feres?
1075 3251 1138 3300 A.
1155 3266 1205 3307 v,
1219 3255 1267 3299 4.
1282 3255 1345 3300 18
1380 3252 1478 3298 Vos
1493 3267 1631 3314 aequo

569 3314 727 3361 animo
749 3327 885 3375 aequa
905 3329 1095 3361 noscere
1117 3321 1302 3376 oportet
1347 3312 1444 3363 Ad.
1486 3314 1556 3371 iii,
1579 3323 1632 3365 4.

569 3380 634 3422 58
667 3376 830 3430 Nunc,
859 3390 965 3423 cum
1000 3391 1097 3424 non
1129 3392 1269 3438 queo,
1304 3393 1440 3439 aequo
1475 3379 1631 3441 anime

569 3439 668 3484 fero
713 3439 811 3486 Ad.
831 3439 899 3496 iv,
919 3445 967 3489 7.
989 3445 1054 3489 20
1108 3441 1241 3496 Quid
1280 3450 1455 3504 petam,
1492 3458 1630 3506 aequo

569 3501 726 3551 auimo
741 3503 970 3552 attendite
992 3504 1086 3553 He.
1109 3503 1212 3554 ΑΙι.
1233 3506 1359 3554 Prol.
1375 3511 1440 3554 20
1473 3506 1631 3562 Quam

569 3566 727 3615 animo
749 3583 884 3630 aequo
920 3569 1040 3616 tuli?
1079 3569 1173 3617 He.
1209 3569 1277 3630 iv,
1294 3574 1343 3618 4.
1366 3574 1430 3619 63
1485 3572 1631 3627 Quod

569 3629 664 3678 fors
684 3632 819 3688 feret,
839 3632 1039 3679 feremus
1060 3649 1197 3696 aequo
1221 3633 1376 3681 animo
1409 3634 1500 3682 Ph.
1519 3635 1556 3688 i.
1580 3640 1629 3684 2.

571 3698 636 3742 88
665 3695 735 3742 Τε
757 3711 856 3752 oro,
875 3710 1011 3758 aequo
1031 3697 1188 3745 animo
1210 3698 1302 3744 hoc
1319 3697 1455 3744 feras.
1499 3697 1630 3749 Nau.

570 3757 700 3814 Quid
719 3775 826 3822 ego,
847 3775 982 3822 oequo
1001 3761 1192 3808 animo?
1216 3760 1307 3810 Ph.
1329 3778 1376 3818 v,
1399 3767 1446 3810 8.
1467 3765 1546 3810 31.
1563 3767 1629 3811 32

571 3821 734 3870 Facite
755 3823 876 3886 aequi
895 3825 994 3871 sitis
1025 3825 1150 3874 Hea.
1174 3825 1302 3874 Ptol.
1325 3829 1388 3873 28
1422 3824 1499 3872 Ne
1522 3824 1629 3887 plus

570 3884 1186 4000 {Zmfffflmssist'u‘ssissffi
1221 3889 1628 4014 mmm

571 4026 708 4074 equa
727 4014 895 4062 amoris
915 4023 1071 4063 tecum
1119 4014 1210 4062 Eu.
1230 4014 1267 4071 i,
1288 4020 1340 4064 2.
1363 4019 1425 4063 12
1480 4014 1627 4063 Cure-

572 4078 1629 4205 &1323ssssffb‘zz‘ssssttmpzfsszssaefflsz.3a

573 4200 819 4250 omnibus?
842 4206 940 4254 Ad.
964 4207 1016 4263 ii,
1038 4212 1084 4255 1.
1103 4211 1168 4256 29
1199 4205 1385 4254 Dehinc
1420 4205 1627 4268 postulo,

571 4265 672 4312 sive
695 4279 880 4330 aequum
902 4277 990 4325 est,
1011 4273 1076 4319 ιε’
1095 4285 1196 4327 oro,
1230 4269 1366 4338 Dave
1415 4269 1480 4324 A·
1515 4269 1552 4330 i,
1574 4275 1625 4322 2·

1525 432 1767 483 mnssx

1509 596 1614 645 per·
1686 583 1751 629 19
1795 577 1953 633 Quare
1987 570 2171 639 aequiun
2205 582 2296 632 est,
2316 590 2323 597 ·
2345 590 2429 624 vos
2460 588 2741 637 cognoscere

1686 642 1772 691 Eu.
1796 640 1922 691 Ptol.
1944 644 2009 689 42
2043 637 2253 704 AEquum
2276 646 2349 687 est
2369 640 2485 694 fieri,
2522 647 2574 685 ut
2603 655 2629 686 a
2666 656 2741 689 me

1686 708 1873 753 ludatur
1893 703 2015 752 dolis
2048 704 2139 753 Eu.
2159 704 2213 760 ii,
2232 708 2281 752 3.
2302 706 2365 751 94
2400 703 2523 759 Quae
2540 704 2740 751 liberum

1686 771 1801 817 scire
1823 784 2009 831 aequum
2023 776 2095 813 est
2111 768 2454 815 adoiescentem
2488 766 2577 816 Eu.
2606 766 2675 821 iii,
2694 773 2742 815 2.

1686 838 1751 881 25
1804 834 1882 881 Ita
1902 841 1957 879 ut
1979 846 2165 894 aequum
2209 832 2361 877 fuerat
2410 830 2501 880 Eu.
2538 846 2584 886 V,
2608 835 2655 879 2.
2678 836 2739 881 31

1686 896 1793 944 Νεο
1837 896 1923 944 tibi
1964 904 2037 944 est
2076 896 2263 943 credere
2305 909 2459 949 ausus,
2544 908 2618 941 uae
2672 901 2747 941 est

1688 975 1874 1023 aequum
1915 959 2037 1022 putri
2068 957 2192 1006 Heu.
2223 958 2260 1014 i,
2287 962 2331 1007 1.
2357 962 2448 1006 104
2544 957 2745 1005 unccine

1687 1033 1787 1072 erat
1808 1039 1993 1088 aequum
2014 1038 2073 1071 ex
2095 1022 2219 1069 iliius
2240 1036 2366 1068 more
2397 1020 2584 1067 vivere?
2620 1020 2741 1070 nea.

1689 1088 1725 1143 i,
1745 1093 1795 1137 2.
1816 1092 1883 1137 29
1914 1087 2061 1134 Senes
2081 1094 2154 1133 est
2174 1100 2361 1147 aequum
2382 1084 2569 1131 senibus
2608 1085 2743 1131 obse·

1690 1151 1772 1214 qui
1805 1150 1929 1200 Hea.
1956 1149 2024 1206 iii,
2048 1153 2093 1198 1.
2122 1153 2183 1198 10
2226 1148 2339 1205 Hic,
2376 1147 2445 1195 itu
2478 1156 2533 1195 ut
2576 1148 2745 1195 liberos

1689 1222 1763 1263 est
1782 1230 1987 1278 aequum,
2008 1212 2147 1261 dictis
2182 1211 2503 1260 confutabitur
2548 1211 2671 1261 Heu.
2694 1227 2741 1268 v,

1692 1283 1740 1328 1.
1778 1282 1843 1327 76
1892 1276 2029 1325 Nihil
2071 1291 2323 1325 succenseo
2350 1293 2363 1323 z
2421 1290 2512 1324 nec
2552 1290 2635 1321 vos
2677 1283 2749 1322 est

1690 1357 1895 1404 aequum,
1938 1342 2065 1404 quod
2088 1340 2229 1396 facio,
2251 1340 2366 1387 mihi
2399 1338 2521 1386 Heu.
2542 1354 2591 1398 v,
2610 1344 2661 1392 2,
2682 1343 2765 1394 24,

1691 1406 1847 1462 Quem
1865 1420 2051 1468 aequum
2072 1411 2147 1451 est
2188 1404 2462 1451 benefacere
2494 1403 2590 1451 Ad.
2621 1402 2675 1458 ii,
2698 1406 2748 1452 3.

1691 1474 1723 1519 2
1786 1468 1893 1516 Nisi
1931 1468 2125 1524 facient,
2161 1482 2269 1531 quae
2310 1467 2415 1513 illos
2453 1482 2638 1528 aequum
2678 1474 2751 1513 est

1694 1534 1793 1581 Ad.
1815 1533 1887 1588 iii,
1903 1536 1951 1581 4.
1968 1536 2001 1581 8
2033 1532 2071 1578 F
2072 1532 2188 1587 ient,
2209 1545 2316 1594 quse
2337 1529 2438 1578 fieri
2458 1545 2643 1592 aequum
2660 1538 2751 1587 est,

1692 1598 1851 1645 omnia
1882 1596 1979 1645 Ad.
2000 1596 2072 1656 iii,
2093 1600 2141 1644 4.
2160 1600 2225 1644 60
2274 1594 2408 1650 Haec,
2430 1596 2495 1641 mi
2518 1601 2667 1655 pater,
2702 1601 2751 1641 te

1692 1661 1849 1709 dicere
1892 1675 2077 1723 aequum
2110 1659 2201 1706 fuit
2251 1657 2348 1708 Ad.
2379 1658 2443 1713 iv,
2465 1664 2514 1707 ⁶.
2536 1661 2597 1706 41
2653 1657 2753 1714 Qui

1692 1725 1847 1773 minus
1882 1724 1999 1771 mihi
2028 1724 2154 1771 idem
2181 1723 2263 1785 jus
2294 1737 2482 1785 aequurn
2514 1729 2586 1769 εει
2612 1722 2750 1769 esse?

1693 1788 1793 1837 Ad.
1813 1806 1861 1843 v,
1884 1792 1933 1837 3.
1957 1792 2016 1837 15
2061 1786 2201 1835 Hanc
2222 1794 2270 1833 te
2292 1801 2477 1848 aequum
2494 1792 2565 1832 est
2580 1786 2752 1833 ducere

1694 1852 1793 1901 Ad.
1816 1869 1863 1907 v,
1881 1856 1930 1901 8.
1952 1855 2016 1900 10
2071 1851 2299 1898 Prodesse
2320 1864 2504 1912 aequum
2526 1856 2599 1897 est
2651 1847 2753 1899 Ad.

1694 1932 1742 1972 v,
1781 1919 1831 1965 9.
1872 1920 1927 1963 11
1986 1914 2131 1961 Haud
2172 1914 2385 1969 dubium,
2433 1914 2549 1975 quin
2600 1912 2755 1960 emitti

1694 1994 1881 2041 aequum
1903 1980 1993 2026 siet
2033 1976 2134 2025 Ad.
2156 1992 2205 2033 v,
2225 1982 2275 2025 9.
2301 1980 2364 2026 19
2412 1976 2542 2025 Istuc
2573 1984 2751 2039 putrem

1694 2058 1856 2105 rogare
1877 2049 1950 2090 est
1969 2040 2189 2105 aequum?
2225 2040 2320 2089 He.
2339 2040 2406 2096 iv,
2428 2046 2477 2090 1.
2494 2044 2557 2089 12
2593 2040 2636 2087 Ε
2655 2056 2754 2087 me·

1694 2107 1776 2154 dio
1819 2121 2003 2169 aequum
2026 2106 2249 2154 excedere
2280 2112 2353 2151 est
2400 2103 2493 2153 He.
2532 2104 2597 2161 iv,
2621 2109 2667 2153 3.
2692 2109 2754 2153 14

1696 2170 1767 2219 Ut
1783 2186 1881 2218 non
1900 2171 1990 2217 siet
2010 2175 2206 2232 peccato
2220 2168 2337 2215 mihi
2357 2165 2540 2230 ignosci
2567 2182 2753 2230 aequum

1695 2234 1789 2283 He.
1827 2251 1875 2290 v,
1899 2239 1947 2283 1.
1985 2238 2045 2282 10
2099 2232 2222 2285 Nec,
2258 2232 2428 2295 quibus
2460 2240 2533 2278 est
2560 2232 2773 2289 minime

1696 2313 1900 2359 aequum,
1922 2298 2121 2346 viderier
2166 2295 2262 2345 He.
2290 2312 2335 2352 v,
2358 2300 2403 2345 1.
2425 2299 2488 2344 32
2544 2294 2661 2358 Ejus
2683 2296 2756 2341 in-

1696 2362 1941 2409 commoda
1982 2376 2168 2422 equum
2190 2368 2262 2405 εει
2282 2360 2399 2408 serre
2436 2357 2526 2405 He.
2552 2374 2596 2413 v,
2619 2364 2667 2407 3.
2690 2365 2754 2408 42

1696 2424 1831 2481 Quos
1851 2440 1947 2471 non
1968 2439 2155 2486 aequum
2176 2430 2250 2470 est
2290 2424 2404 2469 scire
2442 2422 2527 2469 He.
2551 2438 2597 2478 v,
2618 2428 2667 2472 4.
2688 2427 2755 2471 28

1694 2489 1848 2536 Tanto
1887 2488 2036 2552 magis
2072 2497 2119 2536 te
2172 2486 2424 2550 advigilare
2458 2502 2642 2549 aequum
2686 2495 2759 2534 est

1698 2553 1792 2602 Ph.
1836 2553 1873 2607 i,
1916 2557 1967 2601 4.
2008 2557 2073 2601 26
2126 2549 2334 2599 Restitui
2397 2551 2449 2598 in
2504 2552 2757 2614 integrum,

1700 2632 1887 2678 aequum
1904 2624 1992 2670 est,
2014 2622 2064 2664 et
2086 2616 2259 2662 bonum
2293 2615 2383 2663 Ph.
2406 2614 2457 2669 ii,
2472 2618 2521 2662 4.
2546 2620 2602 2664 11
2662 2615 2756 2671 Ita,

1701 2687 1753 2727 ut
1773 2695 1958 2742 aequum
2000 2681 2164 2733 fuerat,
2200 2679 2329 2726 volui
2362 2694 2546 2726 uxorem
2586 2680 2757 2726 ducere

1703 2744 1794 2792 Ph.
1832 2745 1895 2798 iv,
1918 2748 1965 2792 3.
1987 2747 2052 2793 46
2102 2743 2188 2790 Με
2209 2743 2299 2789 hoc
2320 2751 2393 2790 est
2412 2758 2594 2805 aequum
2616 2743 2754 2788 smit-

1702 2814 1799 2854 tere
1850 2808 1938 2855 Ph.
1959 2806 2026 2863 iv,
2048 2811 2094 2854 3.
2117 2811 2181 2854 68
2214 2806 2328 2854 Nou
2362 2813 2435 2854 est
2454 2820 2655 2868 aequum,
2678 2821 2755 2852 me

1702 2878 1893 2934 propter
1912 2887 1994 2918 vos
2027 2871 2185 2932 decipi
2231 2870 2323 2918 Ph.
2360 2886 2406 2925 v,
2426 2874 2473 2919 7.
2496 2874 2556 2917 34
2606 2869 2756 2924 Istue,

1704 2935 1921 2989 Chreme,
1944 2935 2068 2998 aequi
2091 2935 2294 2996 bonique
2317 2933 2441 2981 facio
2473 2933 2593 2980 Heu.
2632 2935 2756 2989 iv,5.

1702 3003 1766 3048 40
1801 2999 1988 3060 Cupio:
2028 2999 2153 3059 aequi
2186 2999 2329 3044 modo
2352 2997 2530 3059 aliquid
2580 2997 2672 3044 Ad.
2707 2997 2757 3052 ii,

1705 3066 1751 3111 1.
1773 3066 1837 3110 33
1871 3064 1919 3109 Si
1944 3071 1996 3108 tu
2018 3062 2221 3124 aliquam
2253 3069 2429 3124 partem
2461 3060 2586 3122 aequi
2624 3061 2759 3107 boni-

1703 3139 1797 3187 que
1818 3125 1987 3172 dixeris
2032 3125 2121 3172 Ph.
2142 3126 2206 3181 iv,
2228 3129 2274 3174 3.
2300 3129 2365 3173 32
2414 3123 2623 3185 AEquum
2648 3140 2757 3186 pos-

1703 3189 1839 3235 tulat.
1860 3189 1923 3236 da
1958 3191 2145 3236 veniam
2192 3189 2253 3237 A.
2272 3205 2320 3243 v,
2342 3193 2389 3237 3.
2414 3191 2477 3236 30
2508 3185 2618 3233 Ah!
2658 3203 2756 3234 non

1704 3266 1889 3313 aequum
1911 3252 2026 3300 sacis
2059 3253 2181 3302 Heu.
2204 3252 2237 3309 i,
2260 3257 2308 3301 1.
2330 3256 2393 3300 39
2430 3249 2526 3308 Qui
2568 3265 2753 3312 aequum

1702 3329 1803 3362 esse
1840 3322 2037 3364 censent
2088 3316 2211 3365 Hes.
2248 3315 2301 3371 ii,
2324 3320 2370 3362 1.
2392 3319 2423 3362 2
2474 3315 2571 3370 Qui
2601 3329 2759 3377 neque

1704 3379 1895 3435 bonum,
1918 3392 2059 3442 atque
2080 3395 2265 3443 aequum
2281 3379 2465 3428 sciunt?
2490 3379 2611 3426 Heu.
2630 3379 2695 3436 iv,
2714 3385 2760 3428 l.

1703 3445 1769 3491 29
1802 3443 1945 3499 Quod
1967 3459 2056 3506 ego
2087 3445 2213 3491 hunc
2231 3459 2415 3506 aequum
2431 3457 2601 3490 censeo
2635 3443 2758 3492 Hes.

1705 3520 1753 3567 v,
1770 3512 1818 3554 5.
1845 3511 1898 3554 n
1937 3506 2149 3555 Nimium
2172 3508 2272 3570 ipse
2292 3515 2364 3554 est
2398 3507 2559 3562 durus,
2594 3514 2758 3568 praeter

1702 3585 1983 3633 oequumque
2020 3579 2069 3620 et
2098 3573 2271 3618 bonum
2325 3570 2419 3619 Ad.
2458 3572 2495 3627 i,
2519 3574 2564 3618 1.
2587 3574 2651 3618 39
2702 3569 2755 3618 Si

1700 3633 1769 3681 ita
1812 3650 1996 3697 aequum
2023 3650 2185 3682 censes
2233 3635 2330 3684 Ad.
2370 3636 2431 3687 iv,
2453 3637 2503 3683 3.
2528 3638 2588 3682 10
2642 3632 2759 3680 Non

1702 3713 1887 3760 aequum
1901 3698 2019 3746 dicis
2051 3697 2152 3747 Ad.
2170 3715 2217 3755 v,
2232 3703 2281 3747 3.
2304 3703 2361 3747 17
2385 3697 2556 3746 Judico
2586 3697 2755 3760 Syrum

1701 3761 1799 3808 fieri
1844 3777 1945 3809 esse
1980 3777 2164 3824 aequum
2212 3763 2405 3810 {iberum
2458 3761 2551 3810 Ad.
2584 3778 2630 3815 v,
2652 3765 2702 3810 9.
2726 3764 2759 3808 3

1700 3824 1875 3872 Praeter
1894 3840 2079 3887 aequum
2101 3834 2241 3888 atque
2260 3834 2445 3873 aetatem
2480 3840 2631 3872 meam
2664 3824 2758 3871 He.

1698 3888 1753 3945 ii,
1780 3894 1825 3938 1.
1847 3891 1913 3937 29
1966 3887 2137 3952 Neque
2158 3905 2265 3938 eum
2288 3905 2473 3952 :equum
2504 3889 2571 3936 uit
2605 3888 2758 3936 facere

1702 3951 1791 4001 Ph.
1833 3951 1869 4013 i,
1898 3957 1949 4002 2.
1986 3956 2050 4002 64
2102 3953 2211 4001 Scio
2255 3954 2465 4016 quidem,
2507 3954 2597 4000 hoc
2656 3965 2757 3998 esse

1700 4030 1885 4078 aequum
1940 4016 2031 4064 Ph.
2063 4017 2133 4074 iii,
2155 4021 2203 4068 3.
2226 4023 2259 4067 6
2332 4015 2505 4078 Neque
2543 4016 2663 4063 adeo
2700 4029 2760 4060 ex

1700 4094 1837 4142 aequo
1859 4087 1908 4128 et
1950 4081 2073 4127 bono
2119 4079 2213 4130 Ad.
2242 4097 2286 4137 v,
2309 4086 2359 4130 9.
2382 4084 2447 4128 30
2492 4078 2595 4128 Vos
2624 4091 2761 4140 aeque

1699 4157 1891 4191 noscere
1912 4149 2097 4204 oportet
2127 4143 2227 4194 Ad.
2260 4145 2328 4201 iii,
2346 4147 2395 4192 4.
2419 4147 2484 4192 58
2534 4143 2655 4191 eum
2679 4140 2762 4187 ina

1700 4221 1835 4269 reque
1853 4209 1917 4254 de
1936 4222 2010 4254 me
2031 4206 2198 4255 dixerit
2247 4208 2340 4255 He.
2363 4206 2434 4262 iii,
2454 4213 2501 4255 5.
2524 4211 2587 4255 25
2648 4205 2757 4262 Quo

1700 4271 1877 4334 sequior
1896 4285 1998 4324 sum
2020 4270 2270 4336 Pamphilo
2300 4270 2364 4322 A.
2388 4271 2445 4333 ii,
2460 4277 2509 4321 5.
2534 4273 2597 4320 18
