3192 4975
537 436 728 485 cxxx

537 592 586 633 te
627 582 734 639 tuti,
775 579 1130 645 pollicitantem,
1192 579 1310 627 nihil
1351 580 1595 643 ferentem,

536 649 724 697 flentem
761 646 852 695 Ph.
873 644 950 705 iii,
972 648 1022 693 2.
1045 648 1112 693 86
1143 641 1202 693 111
1222 646 1380 709 ignem
1401 645 1592 711 imposi—

537 721 588 763 ta
607 719 682 760 est
702 728 715 758 2
749 711 898 757 fletur.
919 707 981 759 A.
1003 708 1038 765 i,
1063 713 1110 759 1.
1133 713 1228 758 102
1502 706 1506 715 '

603 773 902 823 Floccit‘acio.
951 772 1290 835 Floccipendo.
1353 772 1475 821 Tum
1509 790 1592 822 1111-

536 849 649 903 tem,
669 839 752 902 qui
773 838 906 885 illum
947 836 1272 885 floccifecerim
1327 836 1418 887 Eu.
1449 839 1506 896 ii,
1543 842 1592 886 ³.

539 910 598 953 11
651 902 874 951 Mordere
906 901 1207 951 clanculumt
1239 918 1330 965 ego
1357 916 1455 950 non
1473 903 1590 951 floc-

537 968 788 1031 cipendere
822 965 914 1012 Eu.
933 966 1007 1024 iii,
1031 970 1078 1015 1.
1102 971 1162 1015 21

603 1032 639 1079 F
643 1032 728 1080 los.
796 1028 958 1077 Anni?
992 1029 1244 1079 sexdecim.
1277 1030 1366 1079 Pa.
1387 1028 1496 1077 Flos
1517 1028 1590 1094 ip-

535 1112 588 1144 se
620 1096 712 1144 Eu.
733 1096 786 1152 ii,
809 1099 858 1143 3.
881 1098 943 1143 27
1509 1123 1516 1129 ·

602 1160 770 1208 Foeus.
836 1157 982 1206 Domi
999 1158 1207 1222 focique,
1225 1158 1302 1207 fao
1316 1156 1522 1207 vicissim
1537 1164 1593 1206 ut

535 1225 800 1272 memineris
834 1223 928 1271 Eu.
952 1222 1017 1277 iv,
1039 1226 1087 1271 7.
1107 1230 1170 1271 46

603 1288 770 1337 Fodio.
836 1286 967 1344 Quin
1004 1293 1050 1333 te
1076 1288 1127 1335 iu
1163 1286 1314 1334 fundo
1347 1286 1592 1349 conspicer

536 1353 715 1410 fodere,
731 1358 816 1400 aut
829 1366 973 1406 arere,
995 1358 1078 1397 aut
1110 1351 1232 1399 Heu.
1247 1351 1288 1408 ἲ,
1308 1356 1354 1400 1.
1380 1356 1439 1401 17
1475 1350 1594 1399 Noli

540 1418 717 1465 fodere.
733 1416 858 1480 jussi
891 1414 983 1462 He.
1005 1414 1076 1471 iii,
1099 1420 1147 1463 5.
1173 1420 1231 1464 17

525 1502 532 1511 ’
603 1480 792 1536 Ρωᾶυε,
815 1496 860 1537 a,
881 1495 976 1526 um.
1043 1479 1186 1527 Nunc
1209 1495 1267 1527 eo
1287 1478 1375 1526 tibi
1406 1477 1592 1527 videtur

537 1545 708 1602 foedus,
745 1544 858 1609 quia
902 1543 993 1591 Eu.
1014 1544 1080 1606 iv,
1099 1547 1149 1592 4.
1172 1548 1233 1593 17
1286 1544 1410 1592 Proh
1449 1544 1590 1591 fidem

537 1608 723 1657 Deum!
751 1608 934 1657 fucinus
954 1607 1158 1655 foeduml
1195 1608 1288 1658 Eu.
1313 1624 1359 1664 v,
1378 1614 1427 1659 5.
1450 1613 1479 1657 l

605 1674 829 1723 Foeminn.
907 1670 1080 1736 Neque
1127 1672 1267 1735 hujus
1301 1672 1366 1719 sis
1400 1671 1591 1730 veritus,

543 1737 743 1785 foemiuae
766 1736 1017 1801 primariae,
1039 1737 1156 1801 quin
1188 1737 1278 1785 Ph.
1299 1752 1347 1793 v,
1370 1740 1417 1786 7.
1441 1741 1504 1785 78

603 1802 814 1849 Foenero.
879 1801 1129 1862 Metuisti3
1162 1816 1223 1848 ne
1244 1816 1340 1847 non
1363 1800 1450 1847 tibi
1471 1800 1592 1849 istuc

537 1865 816 1914 foenernret?
867 1865 967 1914 Ad.
1003 1866 1058 1923 ii,
1093 1870 1142 1915 2.
1187 1870 1247 1915 11
1295 1864 1591 1913 Foeneratum

539 1921 660 1977 istu'c
682 1929 960 1977 beneficium
983 1929 1068 1977 tibi
1090 1928 1284 1994 pulchre
1320 1929 1451 1978 dices
1495 1929 1589 1978 Ph.

535 1993 607 2050 iii,
631 1998 679 2043 2.
696 1998 727 2042 8

603 2058 792 2107 Foenus.
857 2057 1069 2107 Sumeret
1105 2057 1357 2106 alicunde:
1387 2059 1429 2106 si
1459 2058 1590 2106 nullo

537 2122 632 2170 ulio
657 2130 814 2186 pacto,
831 2123 1007 2171 foenore
1043 2123 1131 2171 Ph.
1152 2122 1206 2178 ii,
1235 2127 1278 2172 1.
1299 2126 1361 2172 71

600 2187 758 2235 Foras.
793 2186 905 2247 Ipse
927 2187 1023 2233 exit
1043 2187 1170 2233 foras
1201 2184 1267 2231 A.
1289 2186 1323 2240 i,
1341 2191 1389 2232 2.
1411 2188 1460 2232 3.
1493 2184 1590 2232 Ad.

536 2248 590 2306 ii,
612 2255 658 2299 ³.
684 2254 742 2299 11
781 2250 936 2296 Video
961 2250 1116 2311 ipsum
1138 2249 1260 2296 foras
1281 2248 1405 2296 exire
1438 2248 1499 2295 A.
1521 2248 1592 2310 iii,

537 2317 587 2361 Β.
605 2316 672 2362 48
714 2312 895 2359 Misera
917 2328 1010 2375 prae
1045 2327 1200 2359 amore
1233 2311 1430 2359 exclusti
1463 2312 1590 2361 bunc

533 2376 657 2423 foras
703 2376 795 2426 Eu.
829 2377 864 2432 i,
899 2381 949 2426 2.
983 2380 1047 2424 18
1092 2375 1222 2423 Ν11111
1245 2390 1384 2437 quem
1405 2376 1592 2423 evocari

536 2440 648 2488 hinc
688 2440 757 2486 vis
801 2439 960 2488 foras?
1015 2438 1110 2488 Eu.
1145 2438 1202 2496 ii,
1233 2444 1284 2489 2.
1314 2443 1378 2489 62
1429 2439 1589 2488 Homo

536 2505 775 2568 quatietur
795 2512 920 2552 certe
940 2519 1050 2552 cum
1087 2504 1215 2551 dono
1249 2503 1374 2551 foras
1425 2503 1517 2552 Eu.
1535 2504 1588 2562 ii,

537 2573 586 2617 8.
609 2574 675 2617 66
726 2568 896 2616 Heus!
924 2566 1092 2630 jubete
1129 2568 1246 2615 istos
1283 2568 1405 2616 foras
1445 2569 1590 2624 exire,

535 2647 655 2694 quos
680 2632 816 2695 jussi,
861 2633 992 2681 ocius
1050 2632 1141 2680 Eu.
1163 2632 1236 2696 iii,
1257 2637 1396 2682 2.16
1448 2632 1590 2680 Foras

536 2697 674 2744 simul
713 2713 877 2745 omnes
913 2704 1139 2760 proruunt
1161 2712 1212 2744 se
1243 2696 1332 2746 Eu.
1359 2697 1427 2758 iii,
1447 2703 1498 2745 5.
1519 2702 1582 2747 51

537 2760 628 2807 Exi
665 2761 804 2818 fores,
840 2761 1064 2809 sceleste!
1121 2760 1299 2817 Ε11.ἰν,
1321 2765 1371 2809 4.
1397 2766 1420 2809 1
1474 2761 1592 2808 Post

536 2840 632 2872 una
654 2826 792 2873 ambo
831 2826 1048 2874 abierunt
1083 2825 1206 2873 sorus
1253 2825 1344 2872 Eu.
1368 2825 1430 2880 iv,
1451 2829 1500 2874 4.
1524 2829 1585 2874 35

535 2889 625 2937 Me
647 2891 844 2938 extrusit
864 2892 986 2938 foras
1021 2889 1114 2938 Eu.
1134 2890 1202 2946 iv,
1223 2895 1272 2940 5.
1301 2893 1360 2938 11
1411 2890 1590 2938 Misera

537 2954 630 3000 huc
650 2954 798 3016 effugi
817 2955 939 3002 foras
983 2953 1076 3000 Eu.
1098 2971 1144 3009 v,
1167 2961 1217 3003 5.
1241 2958 1270 3002 3
1318 2953 1462 3001 Miles
1485 2953 1587 3018 pel-

534 3015 646 3064 litur
665 3018 788 3066 foras
821 3018 915 3068 Eu.
939 3033 986 3070 v.
1009 3022 1058 3066 9.
1082 3023 1142 3067 ll
1175 3018 1269 3066 Sed
1292 3018 1444 3079 ipsum
1467 3019 1590 3066 foras

533 3096 768 3143 egressum
783 3082 924 3130 video
957 3081 1080 3130 Heu.
1099 3082 1171 3135 iii,
1193 3085 1242 3128 1.
1264 3085 1323 3128 17
1359 3080 1591 3135 Quisnam

535 3159 566 3192 a
583 3145 722 3194 nobis
749 3146 987 3209 egreditur
1007 3144 1166 3191 foras?
1217 3143 1341 3190 Hea.
1360 3142 1434 3200 iii,
1457 3149 1503 3192 2.
1525 3149 1590 3193 60

523 3207 744 3271 Optume
765 3227 776 3255 ι
812 3210 918 3270 ipsa
938 3207 1037 3254 exit
1055 3207 1178 3254 foras
1219 3206 1342 3252 Hea-
1364 3207 1426 3262 ἰν,
1451 3211 1500 3256 3.
1522 3210 1588 3256 44

533 3271 688 3319 Senex
709 3273 807 3320 exit
843 3270 964 3318 forus
985 3287 998 3316 z
1032 3285 1122 3332 ego
1147 3270 1279 3332 fugio
1328 3269 1450 3318 Hea.
1473 3287 1519 3326 v,
1540 3275 1590 3319 2.

534 3338 599 3383 47
649 3335 749 3382 Ubi
790 3343 838 3382 te
875 3341 1174 3397 expectatum
1210 3332 1428 3396 ejecisset
1468 3335 1589 3382 foras

533 3397 632 3446 Ad.
657 3399 693 3453 i,
715 3403 762 3448 2.
783 3402 849 3447 29
897 3397 992 3446 Ubi
1028 3413 1126 3444 non
1153 3398 1256 3454 erit,
1277 3398 1470 3446 fortasse
1506 3415 1587 3448 ex-

535 3461 751 3511 cludetur
771 3461 893 3509 foras
925 3460 1023 3510 Ad.
1043 3461 1082 3522 i,
1103 3464 1153 3509 2.
1173 3466 1239 3510 39
1288 3461 1380 3509 Sed
1405 3479 1586 3519 eccum,

535 3526 687 3573 Micio
701 3527 936 3590 egreditur
948 3526 1070 3573 foras
1100 3525 1195 3573 Ad.
1212 3543 1258 3582 v,
1273 3530 1323 3577 7.
1342 3531 1404 3576 26
1438 3527 1586 3590 Agel-

536 3590 570 3637 li
591 3598 662 3638 est
683 3590 759 3639 hic
781 3592 868 3638 sub
891 3591 1002 3639 urbe
1038 3590 1249 3653 paulum,
1272 3593 1398 3654 quod
1423 3591 1588 3642 locitas

531 3654 656 3702 foras
711 3656 808 3703 Ad.
841 3672 890 3717 v,
925 3660 974 3704 8.
1013 3659 1078 3703 26
1131 3655 1378 3719 Strepitus,
1413 3656 1588 3704 elamor

533 3718 778 3768 mulierum
811 3719 981 3775 secere,
1005 3727 1058 3766 ut
1078 3727 1187 3767 ante
1209 3732 1395 3783 tempus
1415 3722 1585 3768 exirem

534 3783 657 3831 foras
704 3783 798 3832 He.
821 3783 924 3830 Alt.
947 3784 1073 3832 Prol.
1097 3788 1162 3833 28
1213 3783 1488 3846 Pamphilus
1511 3801 1586 3832 me

533 3849 686 3896 solum
705 3849 890 3897 seducit
909 3849 1030 3896 foras
1061 3847 1156 3896 He.
1179 3847 1214 3909 i,
1232 3852 1283 3896 2.
1304 3852 1370 3897 69
1404 3848 1494 3895 Illa
1509 3849 1584 3898 hic

529 3921 739 3962 muneret
761 3913 935 3975 potius,
955 3920 1008 3959 tu
1041 3913 1152 3959 hinc
1187 3912 1302 3960 isses
1329 3913 1456 3959 foras
1488 3912 1584 3962 He.

529 3975 583 4034 ii,
611 3983 655 4026 1.
675 3982 738 4026 26
789 3977 898 4033 Qua
935 3992 1011 4024 me
1047 3983 1238 4038 propter
1269 3976 1584 4024 exanimatum

529 4041 668 4088 citius
687 4042 830 4089 eduxi
844 4041 966 4089 forus
997 4039 1090 4090 He.
1111 4039 1182 4096 iii,
1206 4043 1254 4088 3.
1268 4044 1301 4089 4
1334 4038 1479 4096 Uxor,
1501 4041 1584 4088 ubi

530 4118 608 4150 me
630 4105 692 4150 ad
713 4104 860 4153 filiam
893 4104 964 4152 ire
1003 4103 1167 4161 sensit,
1205 4119 1260 4151 se
1289 4104 1426 4151 duxit
1460 4104 1583 4151 foras

531 4165 628 4215 He.
658 4168 725 4224 iv,
761 4173 804 4216 1.
840 4173 869 4219 7
919 4168 1219 4232 Quapropter
1252 4175 1298 4216 te
1332 4169 1424 4216 huc
1460 4168 1584 4216 foras

531 4245 732 4293 puerum
753 4246 947 4280 evocare
979 4231 1103 4294 jussi
1147 4232 1244 4280 He.
1265 4247 1310 4288 v,
1335 4237 1381 4283 1.
1403 4237 1438 4282 6
1487 4232 1580 4282 Ec-

532 4309 660 4356 cum,
684 4295 743 4342 ab
764 4309 848 4341 sun
869 4296 1083 4356 pnlaestrn
1103 4296 1201 4344 exit
1219 4297 1342 4344 forus
1396 4295 1487 4346 Ph.
1510 4298 1581 4360 iii,

531 4363 580 4408 1.
604 4362 669 4408 20
717 4358 920 4409 Patruus
939 4359 1117 4408 interea
1147 4359 1259 4409 inde
1280 4362 1372 4410 huc
1395 4361 1579 4426 egredi-

1523 428 1762 480 mnssx

1671 586 1747 627 tur
1778 580 1937 627 foras:
1974 586 2081 642 post
2112 579 2279 644 recipit
2314 594 2365 627 se
2400 579 2529 627 intro
2560 580 2650 632 Pir.
2671 582 2723 639 η’

1668 650 1717 695 6.
1739 649 1803 694 88
1854 644 1948 692 Ubi
1971 652 2107 709 erunt
2126 644 2295 707 egressi
2316 644 2441 692 forus
2488 644 2581 695 Ph.
2606 662 2651 701 v,
2673 651 2727 695 6.

1670 712 1734 758 62
1789 707 1941 757 Vides
1966 712 2097 756 tumn
2119 716 2366 773 peccatum
2408 723 2513 756 esse
2544 710 2719 758 elutum

1666 773 1791 821 foras
1823 773 1913 822 Ph.
1936 790 1982 827 v,
2003 777 2052 822 7.
2072 777 2135 822 66

1734 836 1915 885 Forem.
1964 836 2099 887 Fore.
2136 836 2263 885 Vide
2286 834 2398 884 Sum
2656 868 2659 871 -

1734 901 1889 952 Fores.
1951 900 2078 957 Quia
2114 903 2189 948 hae
2220 900 2333 947 mihi
2358 905 2519 963 patent
2539 915 2722 965 semper

1667 966 1789 1014 fores
1822 966 1914 1013 Eu.
1934 965 1970 1022 i,
1992 970 2040 1015 2.
2060 970 2095 1015 9
2142 964 2191 1012 N
2195 981 2287 1012 unc
2309 965 2393 1011 tibi
2416 972 2581 1027 patent
2596 965 2723 1015 sores

1666 1032 1742 1079 hae
1772 1030 1863 1079 Eu.
1885 1030 1936 1087 ii,
1960 1034 2011 1079 2.
2034 1034 2097 1078 61.
2148 1030 2245 1079 Sed
2266 1028 2385 1076 fores
2406 1044 2628 1091 crepuere
2656 1031 2719 1077 ab

1666 1108 1723 1142 en
1778 1094 1870 1142 Eu.
1908 1110 1955 1150 v,
1993 1098 2041 1143 8.
2078 1099 2107 1142 5
2163 1094 2259 1142 Sed
2292 1094 2407 1156 quid
2442 1102 2721 1156 crepuerunt

1666 1158 1789 1206 fores
1810 1158 1923 1207 hinc
1944 1173 1973 1205 11
1994 1158 2107 1206 me?
2153 1157 2276 1207 Heu.
2298 1158 2338 1218 i,
2359 1162 2407 1206 1.
2444 1161 2535 1206 121
2585 1157 2715 1214 Quid

1666 1230 1755 1279 est,
1775 1223 1905 1286 quod
1939 1230 2035 1269 tam
2068 1238 2097 1269 11
2118 1222 2253 1269 nobis
2287 1221 2488 1285 graviter
2526 1237 2724 1285 crepue-

1666 1293 1775 1341 runt
1794 1286 1951 1334 fores?
1984 1286 2107 1333 Heu.
2130 1286 2201 1343 iii,
2225 1290 2272 1335 3.
2294 1290 2359 1335 62
2390 1284 2530 1333 Anus
2542 1286 2721 1335 foribus

1666 1351 1805 1399 obdit
1825 1350 2061 1413 pessulum
2094 1350 2217 1397 Heu.
2238 1350 2290 1407 ii,
2312 1354 2359 1398 3.
2382 1353 2444 1398 37
2480 1350 2580 1407 Qui
2601 1350 2721 1399 mihi

1666 1431 1795 1463 nunc
1813 1430 1909 1462 uno
1929 1414 2129 1477 digitulo
2150 1415 2272 1461 fores
2292 1412 2445 1477 aperis
2477 1413 2569 1463 Eu.
2591 1415 2643 1471 ii,
2665 1420 2717 1466 2.

1668 1484 1730 1529 63
1781 1479 1961 1527 Dromo
2002 1480 2157 1541 pultat
2186 1478 2307 1526 fores
2362 1478 2484 1528 Hes.
2505 1477 2559 1535 ii,
2581 1482 2629 1529 3.
2652 1483 2717 1528 ³4

1668 1544 1809 1592 Fores
1828 1544 2027 1606 effregit,
2048 1551 2189 1607 utque
2208 1543 2259 1589 in
2284 1542 2411 1590 aedes
2440 1542 2576 1589 irruit
2620 1542 2723 1592 Ad.

1667 1609 1703 1665 i,
1722 1614 1773 1658 2.
1797 1614 1829 1658 8
1877 1606 1990 1655 Non
2011 1614 2085 1655 est
2116 1607 2179 1654 fle
2212 1606 2363 1663 'tium,
2401 1607 2523 1654 fores
2556 1606 2723 1655 effrin-

1667 1688 1777 1736 gere
1809 1671 1907 1723 Ad.
1931 1671 1966 1730 i,
1988 1677 2039 1722 2.
2062 1675 2127 1721 22
2210 1686 2311 1718 ores
2332 1670 2549 1733 effregit?
2582 1671 2722 1720 resti-

1669 1744 1859 1785 tuentur
1888 1735 1987 1784 Ad.
2009 1735 2047 1799 i,
2066 1740 2115 1787 2.,
2134 1739 2200 1784 40
2231 1734 2380 1798 Aperi
2394 1736 2514 1783 fores
2548 1733 2649 1784 Ad.
2666 1735 2717 1792 ii,

1669 1807 1717 1852 1.
1745 1806 1806 1850 18
1849 1801 2088 1849 Accedam
2108 1800 2171 1847 ad
2193 1799 2333 1855 fores,
2356 1798 2504 1862 perii!
2539 1801 2721 1848 horres-
2750 1794 2765 1809 ’

1667 1880 1743 1923 co,
1761 1866 1841 1913 ubi
1866 1865 2047 1928 pultare
2067 1864 2207 1911 hasce
2230 1862 2417 1925 occipio
2464 1862 2560 1911 Ad.
2580 1864 2647 1922 iv,
2668 1868 2720 1915 Δ.

1666 1934 1731 1979 22
1762 1929 1898 1977 Tune
1920 1931 2003 1975 has
2023 1928 2251 1992 pepulisti
2275 1928 2433 1975 fores?
2466 1927 2562 1976 Ad.
2584 1929 2647 1985 iv,
2669 1934 2718 1976 6.

1666 1998 1697 2042 4
1748 1994 1978 2051 Quisnam
1998 2008 2029 2040 a
2055 2007 2133 2041 me
2172 1992 2356 2055 pepulit
2390 1999 2484 2039 tam
2523 1992 2723 2057 graviter

1666 2058 1825 2107 fores?
1870 2057 1969 2106 Ad.
1990 2074 2035 2114 v,
2058 2062 2106 2106 8.
2128 2062 2160 2106 2
2208 2054 2449 2119 Agedum,
2488 2058 2548 2104 ad
2579 2057 2719 2110 fores.

1666 2124 1841 2171 accede
1899 2122 2055 2185 ropius
2106 2120 2200 2168 He.
2220 2120 2291 2181 iii,
2316 2125 2362 2168 1.
2384 2125 2447 2169 ³5
2481 2121 2611 2177 Quid
2633 2122 2719 2169 hae

1666 2187 1835 2234 metuis
1877 2186 2016 2232 ores?
2049 2185 2140 2232 Ph.
2162 2200 2211 2245 v,
2235 2189 2281 2233 1.
2304 2188 2367 2232 16
2400 2183 2507 2232 Hoc
2529 2184 2610 2231 ubi
2626 2200 2723 2247 ego

1666 2250 1843 2306 audivi,
1860 2250 1921 2296 nd
1941 2248 2063 2296 fores
2084 2248 2149 2296 ire
2173 2248 2351 2310 perrexi
2399 2248 2487 2295 Ph.
2511 2264 2558 2304 ν,
2581 2252 2629 2297 6.
2652 2253 2720 2298 26

1666 2313 1891 2363 Concede
1927 2312 2037 2360 binc
2058 2328 2088 2359 a
2106 2312 2284 2360 foribus
2306 2311 2547 2375 paululum
2576 2312 2719 2361 istor-

1664 2392 1765 2425 sum
1800 2376 1893 2427 Ρ11.
1915 2393 1962 2431 v,
1986 2382 2035 2426 1.
2054 2380 2119 2425 14

1730 2440 1880 2492 Foris.
1926 2440 2104 2490 Janua.
2176 2440 2271 2489 Sed
2306 2440 2556 2504 quisnam?
2606 2440 2720 2491 foris

1663 2507 1849 2570 crepuit
1877 2505 1972 2554 Ad.
1994 2505 2047 2569 ii,
2070 2509 2118 2554 8.
2143 2509 2200 2555 11

1730 2570 1876 2618 Foris.
1954 2569 2076 2626 Quae
2114 2570 2228 2617 dum
2262 2570 2375 2618 foris
2436 2576 2563 2627 sunt,
2602 2570 2718 2622 nihil

1666 2632 1849 2682 videtur
1884 2635 2105 2682 mundius
2159 2635 2249 2682 Eu.
2273 2651 2319 2692 v,
2342 2639 2389 2685 4.
2414 2638 2477 2684 12
2523 2633 2593 2684 Το
2613 2635 2723 2683 aliis

1667 2699 1916 2746 consilium
1937 2699 2066 2754 dare,
2086 2698 2201 2746 foris
2220 2699 2420 2762 sapere?
2452 2697 2577 2746 Heu.
2597 2715 2643 2754 v,
2670 2704 2720 2748 1.

1662 2768 1727 2811 50
1758 2762 1966 2810 Proinde
1982 2779 2073 2825 ego
2089 2777 2172 2811 ero
2188 2764 2315 2811 {amn
2330 2763 2441 2811 foris
2471 2762 2566 2810 He.
2584 2763 2641 2818 ii,
2668 2767 2716 2812 1.

1661 2831 1723 2876 21
1774 2826 1872 2883 Qui
1894 2835 2189 2890 pernoctaret
2220 2828 2333 2876 foris
2378 2828 2471 2875 He.
2492 2826 2561 2884 iv,
2582 2832 2626 2875 1.
2648 2829 2715 2876 24

1661 2889 1875 2954 Antipho
1916 2891 1995 2938 ubi
2031 2907 2159 2939 nunc
2182 2891 2287 2939 est?
2339 2891 2431 2942 Ph.
2452 2890 2584 2938 Foris
2622 2891 2719 2940 Ph.

1663 2955 1715 3011 ii,
1741 2960 1785 3004 1.
1807 2959 1871 3005 78
1904 2953 1979 3002 Eo
2000 2969 2241 3018 perperam
2262 2955 2377 3002 olim
2398 2955 2517 3012 dixi,
2536 2971 2599 3003 ne
2632 2971 2716 3004 vos

1662 3019 1785 3066 forte
1808 3019 2127 3082 imprudentes
2148 3019 2259 3066 soris
2278 3019 2525 3067 effutiretis
2557 3019 2648 3069 Ph.
2669 3036 2719 3078 v,

1667 3087 1911 3196 1⁰{182rmm
1974 3145 2139 3206 Estne,
2157 3152 2210 3191 ut
2224 3143 2382 3201 ferun,
2405 3144 2589 3194 forma?
2623 3147 2719 3198 En.

1661 3209 1713 3266 ii,
1733 3215 1781 3259 3.
1804 3215 1871 3262 69
1918 3209 2099 3265 Forma,
2122 3215 2171 3256 et
2191 3216 2303 3255 aetns
2338 3209 2445 3273 ipsu
2465 3217 2554 3265 est,
2576 3211 2719 3260 facile

1661 3281 1717 3320 ut
1748 3274 1842 3322 Eu.
1862 3273 1915 3331 ii,
1936 3278 1983 3322 3.
2005 3278 2068 3322 88
2104 3272 2203 3321 Cur
2222 3288 2319 3320 non
2340 3281 2425 3321 aut
2443 3273 2577 3323 istaec
2600 3276 2720 3324 mihi

1662 3345 1793 3400 aetae,
1832 3345 1885 3386 et
1912 3338 2061 3385 forma
2098 3343 2188 3394 est,
2237 3338 2355 3386 aut?
2402 3337 2498 3390 He.
2522 3339 2558 3396 i,
2578 3345 2626 3389 1.
2652 3345 2721 3390 18

1660 3401 1828 3449 Forma
1847 3403 1897 3448 in
1936 3401 2138 3450 tenebris
2173 3403 2303 3450 nosci
2340 3419 2436 3451 11011
2474 3403 2607 3466 quita
2644 3414 2721 3452 est

1660 3464 1754 3515 He.
1779 3467 1843 3522 iv,
1866 3471 1914 3516 1.
1934 3471 1996 3515 67
2030 3466 2111 3513 An
2132 3481 2237 3514 mea
2256 3467 2425 3524 forma,
2436 3476 2577 3530 atque
2599 3475 2715 3515 oetas

1660 3545 1788 3643 ἓῗιῗιῖ
1804 3531 2328 3650 ᾟὲᾗῒίξῖἰῗῗξὲῃέοἳέιὲ
2338 3531 2434 3642 ἓ11111)
2426 3532 2719 3646 ἓᾈὲἑεὸἑοῗιξ

1660 3658 1835 3705 similes
1853 3659 2008 3707 forent
2050 3658 2174 3707 Heu.
2196 3659 2249 3715 ii,
2268 3663 2322 3708 4.-
2340 3663 2372 3708 2
2422 3658 2581 3723 Hujus
2618 3662 2714 3708 for-

1659 3737 1801 3778 mam,
1818 3729 1961 3785 utque
1982 3731 2167 3770 aetatem
2188 3723 2322 3772 vides
2354 3723 2416 3771 A.
2438 3724 2473 3781 i,
2496 3731 2546 3774 5.
2568 3729 2631 3774 61
2665 3725 2717 3773 Si

1661 3786 1873 3833 laudabit
1906 3787 2008 3834 haec
2044 3785 2171 3833 illius
2210 3788 2405 3836 formam
2460 3789 2552 3840 Eu.
2572 3789 2648 3848 iii,
2670 3795 2717 3839 1.

1660 3855 1725 3900 64
1757 3849 1875 3913 Ejus
1896 3850 1987 3897 sibi
2003 3849 2331 3928 complacitum
2344 3853 2560 3910 formam,
2582 3861 2719 3931 post:

1658 3922 2063 4041 33⁸an‘ff’5332':
2078 3914 2717 4042 sssisst'izssssfiffimss‘zoff

1656 4055 1780 4093 mam
1802 4043 2127 4106 extinguerent
2173 4045 2267 4092 Ph.
2288 4045 2323 4106 i,
2342 4049 2392 4094 2.
2416 4050 2481 4093 68
2532 4045 2717 4093 Mulier

1656 4105 1843 4168 egregia
1861 4106 2027 4168 forma,
2046 4116 2188 4172 atque
2208 4116 2347 4156 aetate
2366 4108 2466 4155 inte
2499 4123 2546 4155 111
2588 4107 2654 4157 A.
2674 4108 2715 4165 i,

1659 4173 1705 4216 1.
1727 4174 1789 4220 45
1836 4169 1975 4220 Forte
1992 4187 2135 4220 unam
2172 4172 2349 4235 aspicio
2386 4173 2477 4220 ado
2496 4179 2712 4221 030011111-

1657 4233 1768 4293 lam,
1788 4235 1963 4283 forma!
2016 4237 2096 4285 So.
2119 4237 2255 4284 Bona
2276 4235 2471 4284 fortasse
2516 4235 2581 4286 A.
2602 4235 2639 4294 i,
2662 4242 2717 4288 1.

1656 4301 1721 4346 92
1774 4298 1887 4348 Erat
1906 4299 2054 4349 forma
2076 4308 2244 4365 praeter
2277 4306 2455 4348 ceteras
2495 4301 2712 4360 honesta,

1654 4369 1705 4410 et
1724 4362 1907 4413 liberali
1955 4364 2021 4414 A.
2044 4366 2080 4423 i,
2105 4369 2151 4415 1.
2173 4368 2235 4418 95
2288 4362 2429 4417 Illam
2450 4364 2547 4416 vidi
2570 4364 2715 4430 vitgin
