3192 4975
620 393 843 461 xxxiv

618 553 815 620 Rogito,
837 569 957 604 eone
978 552 1277 620 obstetricem.
1305 559 1503 602 arcessat
1516 552 1539 598 ἲ
1584 551 1682 600 Ad.

618 622 685 677 iv,
708 626 759 671 4.
783 624 849 669 10
900 618 1055 676 Quam
1078 633 1185 665 mox
1204 617 1429 680 virginem
1452 624 1686 665 arcessant

616 683 715 732 Ad.
736 701 784 740 v,
804 688 853 733 6.
874 687 907 732 2
952 682 1105 728 Missa
1122 691 1197 729 est
1216 681 1387 730 ancilla
1400 680 1509 730 ilico
1526 681 1684 728 obste-

568 786 573 790 .
612 747 784 796 ‘tricem
822 745 1089 794 arcessitum
1124 747 1185 793 ad
1218 755 1324 793 'eam
1355 743 1417 793 A.
1454 745 1527 801 iii,
1548 749 1597 794 2.
1620 748 1682 794 35

618 811 865 859 Nutricem
905 809 1171 858 arcessitum
1212 809 1268 856 iit
1322 807 1413 859 Eu.
1458 825 1502 864 V,
1536 814 1585 858 2.
1621 813 1683 857 53

620 875 746 922 Nam
777 873 951 922 idcirco
985 887 1187 922 arcessor
1228 872 1292 922 A.
1330 873 1396 929 iv,
1417 875 1466 921 2.
1488 877 1519 922 7
1568 871 1686 919 Νοιι

616 940 757 986 eam?
780 953 841 986 ne
860 951 988 985 nunc
1008 937 1215 1002 quidem,
1237 951 1343 985 cum
1376 951 1580 984 arcessor
1611 938 1686 985 ul·

618 1003 727 1049 tro?
762 1002 854 1049 Eu.
876 1002 911 1058 i,
935 1007 984 1050 1.
1007 1003 1038 1048 2
1072 1001 1169 1048 Cur
1190 1016 1285 1048 non
1308 1001 1586 1048 arcessitur?
1620 999 1684 1046 A.

618 1065 694 1122 iii,
715 1069 765 1114 4.
786 1071 817 1114 2
852 1065 1114 1113 Arcessitur
1132 1065 1336 1111 lavatum
1358 1065 1535 1112 interea
1554 1064 1685 1127 virgo

620 1129 713 1176 Eu.
732 1128 806 1184 iii,
830 1134 877 1178 5.
898 1132 961 1177 44
994 1129 1043 1175 Si
1079 1129 1127 1176 in
1160 1144 1254 1176 rem
1286 1135 1359 1176 est
1394 1129 1481 1175 utri
1518 1143 1597 1189 ue,
1633 1135 1688 1175 ut

618 1193 751 1249 fiant,
776 1193 945 1240 arcessi
972 1193 1091 1255 jube
1124 1191 1187 1240 A.
1224 1193 1292 1248 iii,
1318 1197 1365 1241 3.
1389 1195 1452 1241 14
1556 1198 1577 1237 t
1606 1191 1688 1253 ju-

618 1257 756 1304 beam
778 1256 946 1304 arcessi
978 1255 1043 1304 A.
1066 1256 1131 1320 iv,
1150 1260 1199 1305 4.
1221 1261 1253 1305 2
1292 1255 1402 1304 Huc
1424 1271 1517 1318 qua
1540 1256 1688 1317 gratia

618 1328 669 1368 te
708 1321 873 1368 arcessi
906 1319 1047 1382 jussi,
1091 1320 1303 1368 ausculta
1350 1319 1441 1368 Eu.
1484 1319 1519 1374 i,
1550 1324 1600 1368 2.
1622 1324 1686 1368 20

617 1383 743 1433 'Cum
774 1385 973 1446 primum
1007 1383 1149 1446 jussit
1180 1399 1255 1431 me
1289 1383 1349 1430 ad
1386 1399 1435 1430 se
1472 1383 1691 1430 arcessier

621 1447 714 1498 Eu.
733 1449 804 1504 iii,
828 1453 875 1496 3.
892 1452 923 1497 4
957 1447 1054 1497 Cur
1066 1463 1163 1495 non
1177 1447 1344 1496 arcessi
1350 1446 1491 1509 jubes
1508 1445 1686 1494 filiam?

620 1511 745 1561 Hea.
768 1527 815 1569 v,
839 1517 887 1562 5.
911 1516 939 1561 3
974 1512 1172 1558 Simulat
1192 1527 1242 1560 se
1275 1527 1305 1558 a
1340 1519 1485 1558 matre
1520 1510 1690 1558 arcessi

618 1577 681 1622 ad
702 1590 797 1622 rem
830 1575 1053 1625 divinam.
1088 1575 1227 1623 abiit.
1262 1574 1347 1622 ubi
1376 1575 1446 1623 ibi
1482 1581 1555 1621 est
1586 1575 1691 1622 dies

620 1639 900 1700 complures,
938 1639 1106 1687 arcessi
1132 1638 1272 1701 jubet
1302 1637 1397 1686 He.
1425 1639 1463 1695 i,
1490 1642 1541 1688 2.
1576 1643 1690 1688 109.

620 1707 716 1751 110
750 1703 1077 1752 Philumenam
1110 1704 1173 1750 ad
1214 1719 1264 1751 se
1296 1703 1465 1751 arcessi
1492 1701 1572 1750 hic
1586 1701 1693 1765 jur-

613 1766 675 1813 sit
713 1765 805 1813 He.
829 1766 899 1824 iii,
921 1773 969 1816 5.
994 1772 1057 1816 16

684 1829 1058 1880 Archidemides.
1123 1830 1275 1877 Patris
1310 1837 1579 1893 cognatum,
1614 1839 1687 1880 at-

620 1908 715 2004 ‹Ellue
736 1894 981 1968 aequalem,
1004 1893 1406 1951 Archidemidem,
1424 1895 1646 1943 novistin'
1670 1897 1687 1944 ?

702 1992 715 2006 .
741 1973 753 2002 1
850 1988 864 2004 ο

622 1963 945 2130 ΑῃΑιὲἰιῗιῑεῗὸ
972 2019 1167 2082 Audivi,
1180 2019 1397 2078 Archffis,
1408 2020 1688 2085 jamdudum

674 2084 725 2130 ‚i
766 2089 816 2134 4.
840 2090 865 2135 1
1655 2105 1662 2108 ·

684 2120 993 2196 A’rchonides.
1059 2147 1213 2203 Quam
1246 2147 1354 2194 volo
1378 2165 1389 2194 :
1426 2147 1688 2200 Archonidi

622 2212 763 2276 hujus
784 2213 927 2260 filiam
966 2211 1088 2259 Hea.
1106 2228 1154 2266 v,
1177 2217 1225 2258 5.
1244 2215 1307 2258 21

684 2277 860 2324 Ardeo.
925 2276 990 2322 Et
1030 2275 1176 2321 taedet
1197 2291 1209 2319 ε
1254 2281 1303 2320 et
1344 2289 1499 2322 amore
1543 2277 1686 2325 ardeo

587 2359 590 2361 ·
619 2336 711 2386 Eu.
732 2339 769 2395 i,
795 2344 838 2387 1.
862 2344 925 2388 27
960 2339 1056 2386 Vix
1076 2353 1177 2384 sum
1200 2351 1392 2400 compos
1414 2338 1558 2387 animi
1578 2358 1590 2389 ε
1617 2341 1689 2388 ita

621 2403 762 2449 ardeo
784 2400 1027 2450 iracundia
1056 2400 1155 2448 Ad.
1174 2400 1246 2457 iii,
1268 2405 1315 2449 2.
1342 2405 1405 2449 12

686 2465 1005 2529 Argentarius,
1028 2479 1072 2522 a,
1107 2479 1206 2512 um.
1272 2464 1473 2513 Occasio
1510 2474 1597 2524 est,
1637 2475 1687 2516 et

619 2530 853 2577 Phaedriae
865 2544 1022 2578 curam
1036 2530 1239 2577 adimere
1254 2530 1559 2593 argentariam
1592 2531 1686 2583 Ph.

618 2611 667 2651 v,
690 2600 736 2643 6.
756 2599 821 2645 46

685 2658 959 2721 Argentum.
1028 2656 1353 2706 circumcursu
1377 2674 1389 2703 ε
1435 2657 1686 2706 inveniun-

620 2722 734 2769 dnm
754 2729 826 2770 est
844 2730 998 2769 tamen
1030 2727 1277 2785 argentum
1310 2716 1433 2768 Hea.
1466 2722 1535 2786 iii,
1572 2727 1621 2771 2.
1653 2728 1686 2773 2

618 2786 755 2843 Quin
774 2793 848 2833 est
868 2793 1079 2849 paratum
1113 2790 1353 2849 argentum
1388 2785 1509 2833 Hea.
1546 2786 1615 2847 iv,
1637 2792 1686 2838 4.

620 2856 681 2899 15
718 2852 977 2915 Argentum
1000 2848 1188 2896 dabitur
1206 2849 1251 2897 ei
1274 2850 1335 2895 ad
1352 2850 1541 2912 nuptias
1560 2850 1685 2902 Hea.

618 2917 686 2971 iv,
711 2920 760 2963 5.
782 2920 847 2963 29
880 2914 950 2961 Ut
970 2930 1027 2961 ea
1043 2914 1119 2959 via
1140 2912 1222 2959 abs
1243 2918 1291 2959 te
1326 2921 1567 2975 argentum
1603 2930 1685 2963 uu·

620 2978 815 3025 ferretur
845 2978 965 3025 Hea.
994 2979 1059 3033 iv,
1080 2982 1129 3025 Β.
1153 2982 1186 3025 9
1218 2976 1363 3023 Amat
1384 2978 1401 3024 ?
1448 2977 1638 3025 dabitur
1659 2993 1687 3026 a

620 3054 697 3089 me
719 3048 962 3105 argentum
992 3041 1087 3088 Ad.
1103 3040 1140 3097 i,
1156 3045 1204 3089 2.
1228 3044 1291 3089 38
1323 3041 1393 3089 Ut
1410 3044 1686 3091 numeraba-

618 3113 695 3153 tur
715 3105 835 3153 forte
854 3112 1097 3169 argentum
1120 3105 1216 3152 Ad.
1234 3105 1305 3161 iii,
1328 3109 1374 3153 3.
1396 3108 1461 3154 52
1483 3104 1597 3153 Non
1612 3122 1686 3155 ra-

617 3168 707 3229 tio,
729 3182 889 3230 verum
910 3176 1152 3231 argentum
1172 3168 1334 3215 deerat
1364 3168 1457 3215 Ph.
1480 3168 1533 3225 ii,
1555 3175 1601 3219 1.
1619 3174 1686 3219 69

620 3232 777 3280 Etiam
800 3240 1043 3295 argentum
1072 3238 1145 3279 est
1166 3230 1285 3276 ultro
1307 3230 1545 3293 objectum
1590 3234 1682 3283 Ph.

616 3310 665 3351 v,
690 3300 739 3343 2.
761 3300 793 3344 4
829 3295 1089 3357 Argentum
1110 3296 1351 3341 inventum
1368 3302 1440 3341 est
1454 3295 1684 3344 Phaedriae

620 3357 811 3405 Phorm.
825 3376 872 3415 v,
888 3362 937 3405 2.
964 3362 1023 3407 is
1046 3358 1154 3405 Jam
1168 3356 1238 3404 illi
1252 3358 1416 3405 datum
1430 3366 1503 3405 est
1516 3374 1682 3423 argen-

620 3421 753 3466 tum?
788 3420 879 3469 Ph.
905 3438 951 3477 v,
973 3425 1022 3471 3.
1050 3425 1111 3471 13
1158 3420 1289 3469 Idem
1312 3422 1403 3469 hoc
1422 3432 1684 3485 argentum,

616 3484 689 3531 ita
710 3491 763 3531 ut
782 3486 945 3531 datum
966 3492 1054 3541 est,
1074 3486 1121 3533 ei
1144 3486 1305 3533 datum
1328 3486 1417 3535 erit
1446 3486 1540 3535 Ph.
1564 3506 1610 3545 v,
1630 3494 1682 3540 6.

619 3552 686 3598 48
720 3548 849 3597 Huic
869 3550 1187 3599 drachmarum
1208 3551 1387 3613 argenti
1416 3552 1517 3600 haec
1554 3553 1683 3601 mille

620 3612 817 3660 dederat
834 3620 1047 3661 mutuum
1078 3612 1201 3662 Hea.
1220 3614 1295 3671 iii,
1318 3620 1369 3665 3.
1386 3620 1451 3665 40
1482 3614 1682 3679 Argenti

619 3683 803 3724 tantum
824 3678 1011 3725 dabitur
1042 3677 1139 3725 Ad.
1174 3678 1230 3733 ii,
1257 3683 1303 3727 1.
1326 3683 1391 3728 ³8
1438 3678 1682 3734 Quantum

618 3740 711 3788 tibi
732 3756 851 3804 opus
872 3750 945 3789 est
962 3743 1181 3805 argenti?
1216 3741 1305 3789 Ph.
1334 3743 1407 3803 iii,
1426 3746 1475 3791 3.
1496 3748 1559 3791 24
1611 3744 1682 3792 Ex

617 3804 695 3852 his
732 3805 919 3867 praediis
952 3807 1129 3854 talenta
1165 3807 1342 3867 argenti
1380 3806 1493 3853 bina
1526 3808 1682 3855 statim

617 3868 839 3981 {apipgptt
869 3870 960 3920 Ph.
983 3881 1032 3927 r,
1055 3874 1106 3980 'ti
1126 3875 1159 3919 6
1187 3870 1438 3981 1ῌὶιιῗξῐιὶεη,
1423 3876 1477 3917 ut
1498 3884 1525 3917 a
1545 3872 1684 3985 2⁰2}

654 3948 711 3981 oc
832 3948 1065 3983 umaren
1126 3948 1325 3981 auera·.
1442 3950 1523 3991 .v-,
1580 3967 1594 3982 .

620 3996 766 4053 Quod
790 3998 862 4045 illi
886 3949 1125 4061 argegntum
1144 4012 1197 4045 es
1230 3996 1485 4061 pollicitus,
1516 4000 1683 4047 ‘eadem

618 4059 860 4109 inveniam
880 4064 957 4110 via
988 4062 1112 4110 Hea.
1133 4061 1186 4117 ii,
1208 4065 1257 4111 3.
1280 4066 1345 4111 88
1378 4060 1471 4109 Hic
1494 4062 1620 4123 prius
1633 4078 1682 4111 se

618 4122 855 4183 indicarit,
893 4140 1034 4189 quam
1067 4142 1156 4188 ego
1198 4132 1438 4189 argentum
1484 4126 1683 4175 effecero

624 4184 747 4235 Hea.
765 4188 839 4245 iii,
862 4192 908 4239 3.
927 4194 991 4238 23
1023 4188 1277 4238 Retraham
1300 4188 1361 4236 ad
1379 4204 1454 4236 me
1468 4188 1585 4237 illud
1607 4192 1683 4237 fu-

624 4248 820 4313 gitivum
840 4261 1080 4317 argentum
1112 4254 1235 4304 Hea.
1272 4252 1336 4310 iv,
1356 4256 1407 4303 2.
1428 4257 1490 4303 11
1548 4253 1684 4303 Unus

1594 399 1836 452 rumix

1755 557 1828 598 est
1848 550 1970 605 dies,
1992 549 2105 596 dum
2127 553 2368 612 argentum
2401 547 2556 612 eripio
2593 545 2716 600 Hea.
2750 551 2821 611 iv,

1753 619 1801 664 Β.
1825 619 1889 663 39
1923 613 2078 670 Quam
2099 627 2200 661 rem
2218 627 2242 660 a
2297 629 2320 659 s
2345 614 2364 660 ?
2391 613 2479 677 Sy.
2500 613 2700 675 Egone?
2745 631 2817 664 ar·

1755 686 1946 741 gentum
1969 677 2111 732 cudo,
2135 627 2375 740 quodgiibi
2395 678 2505 724 dem
2537 677 2663 726 Hea.
2681 678 2748 736 iv,
2770 683 2819 731 4.

1757 747 1818 790 18
1851 741 1976 790 Abi:
2013 741 2128 788 effer
2161 747 2404 802 argentum
2438 741 2560 789 Hea.
2597 739 2664 799 ir,
2684 747 2733 790 5.
2755 749 2822 794 56

1755 805 1828 852 Ex
1851 813 1898 853 te
1920 805 2048 868 prius
2069 805 2303 852 audivisse
2334 805 2536 866 gaudeo,
2569 818 2711 869 quam
2743 821 2818 855 ar-

1755 877 1948 932 gentum
1969 870 2165 917 haberes
2197 868 2318 915 Hea.
2337 868 2402 924 ir,
2425 874 2474 918 6.
2505 873 2567 918 13
2599 870 2711 918 Jam
2746 887 2820 918 ar-

1757 941 1950 996 gentum
1971 935 2031 981 ad
2055 944 2158 981 eam
2195 932 2376 980 deferes
2419 933 2542 982 Hea.
2576 933 2641 996 iv,
2669 935 2719 982 6.
2756 939 2818 985 18

1755 999 1890 1060 Cape
1911 998 2002 1045 hoc
2023 1003 2282 1060 argentum,
2305 1012 2362 1045 ac
2382 997 2512 1045 defer
2542 997 2663 1046 Hea.
2685 997 2752 1055 iv,
2769 1003 2822 1048 7.

1757 1065 1788 1110 3
1823 1063 2023 1124 Sponsas
2052 1061 2246 1109 ancilias
2267 1075 2388 1124 opus
2425 1077 2542 1117 esse,
2578 1070 2823 1124 argentum

1759 1131 1812 1171 ut
1830 1127 1964 1172 dares
1996 1125 2118 1173 Hea.
2141 1142 2190 1184 v,
2213 1128 2258 1173 1.
2281 1129 2345 1172 20
2394 1124 2487 1173 Pro
2521 1141 2616 1188 qua
2635 1141 2726 1188 ego
2749 1141 2824 1175 ar-

1757 1196 1949 1251 gentum
1971 1189 2118 1237 dedi?
2152 1188 2249 1236 Ad.
2270 1188 2326 1244 ii,
2343 1193 2386 1237 1.
2401 1193 2464 1238 25
2501 1189 2648 1249 Vide,
2665 1197 2822 1238 utrum

1757 1253 1828 1300 vis
1849 1271 1860 1299 :
1885 1261 2125 1316 argentum
2147 1250 2376 1315 accipere,
2398 1269 2460 1300 au
2489 1252 2592 1302 Ad.
2613 1253 2668 1309 ii,
2690 1256 2738 1302 1.
2755 1254 2818 1302 41

1755 1317 1808 1362 Si
1827 1318 1971 1363 modo
2003 1325 2244 1380 argentum
2279 1317 2446 1363 reddat
2477 1316 2572 1364 Ad.
2609 1317 2664 1375 ii,
2691 1323 2736 1366 1.
2759 1321 2826 1367 48

1757 1380 2017 1443 Argentum
2053 1379 2374 1429 adnumeravit
2404 1380 2515 1427 iiico
2548 1380 2644 1432 Ad.
2680 1381 2751 1444 iii,
2772 1382 2823 1430 3.

1758 1449 1821 1492 15
1856 1444 1969 1491 Non
1993 1452 2043 1491 tu
2066 1447 2156 1492 hoc
2177 1451 2418 1508 argentum
2441 1445 2616 1507 perdis,
2648 1445 2732 1493 sed
2754 1445 2823 1493 vi-

1759 1515 1856 1554 tam
1889 1507 1986 1556 Ad.
2007 1508 2081 1565 iii,
2103 1513 2150 1556 3.
2173 1513 2237 1558 56
2271 1507 2380 1570 Ipse
2399 1517 2590 1571 egomet
2610 1510 2727 1556 solvi
2749 1525 2820 1557 ar-

1760 1579 1952 1634 gentum
1983 1571 2080 1622 Ad.
2103 1572 2168 1628 iv,
2191 1578 2240 1622 4.
2265 1577 2326 1620 18
2373 1571 2420 1619 Α
2454 1589 2531 1620 me
2563 1581 2822 1636 argentum,

1760 1637 1926 1699 quanti
1947 1643 2034 1692 est,
2059 1637 2229 1684 sumito
2262 1635 2356 1683 Ad.
2378 1654 2422 1692 v,
2439 1641 2488 1685 9.
2503 1641 2568 1686 20
2601 1637 2678 1694 Id,
2694 1639 2824 1702 quod

1759 1707 1834 1746 est
1854 1701 2148 1764 promissum,
2181 1702 2240 1748 ab
2275 1699 2438 1748 amicis
2463 1708 2703 1764 argentum
2741 1717 2826 1748 au·
2857 1737 2862 1740 -

1759 1763 1862 1811 fero
1895 1765 1987 1813 Ph.
2011 1765 2082 1821 iii,
2106 1769 2154 1813 2.
2173 1769 2238 1813 28
2269 1763 2384 1812 Cras
2410 1779 2550 1814 mane
2581 1775 2822 1829 argentum

1759 1827 1878 1875 mihi
1898 1829 2031 1876 miles
2052 1831 2164 1876 dare
2199 1843 2249 1875 se
2285 1828 2406 1875 dixit
2440 1829 2531 1878 Ph.
2565 1828 2638 1886 iii,
2673 1834 2722 1879 2.
2757 1834 2824 1878 46

1762 1891 1906 1940 Unde
1926 1899 2022 1938 tarn
2045 1893 2202 1939 subito
2226 1893 2336 1939 huic
2365 1900 2606 1955 argentum
2641 1893 2822 1941 inveni-

1761 1955 1876 2002 am?
1931 1957 2022 2004 Ph.
2060 1957 2130 2012 iii,
2167 1961 2214 2006 3.
2246 1961 2272 2004 1
2323 1957 2544 2004 Invenias
2581 1965 2823 2020 argeutum

1760 2018 1852 2070 Ph.
1872 2019 1945 2077 iii,
1967 2024 2017 2068 3.
2040 2025 2072 2068 7
2107 2020 2390 2082 Opportune
2426 2036 2551 2068 nunc
2581 2029 2824 2085 argeutum

1759 2097 1943 2131 mecum
1965 2083 2104 2131 attuli
2134 2084 2224 2132 Ph.
2244 2084 2310 2142 iv,
2323 2088 2373 2134 3.
2386 2089 2450 2134 74
2484 2085 2644 2143 Quum
2659 2099 2824 2148 argen·
2863 2085 2870 2090 ’

1759 2152 1860 2194 tum
1882 2154 2098 2210 repetent
2128 2149 2221 2197 Ph.
2244 2147 2308 2206 iv,
2329 2153 2380 2198 4.
2403 2153 2466 2198 15
2509 2150 2561 2197 Si
2583 2158 2825 2212 argentum

1760 2212 1997 2274 acceperit
2029 2213 2118 2260 Ph.
2139 2212 2204 2267 iv,
2226 2217 2276 2261 4.
2300 2216 2364 2261 19
2395 2211 2508 2270 Abi,
2531 2213 2626 2270 dic,
2638 2229 2738 2262 esse
2753 2229 2826 2262 ar-

1763 2282 1973 2335 gentum,
1995 2274 2224 2322 Phaedriae
2258 2277 2348 2324 Ph.
2368 2276 2436 2332 iv,
2459 2282 2506 2326 4.
2529 2281 2593 2326 32
2645 2277 2740 2325 Hic
2763 2278 2825 2325 si-

1761 2339 1857 2384 mul
1881 2346 2122 2402 argentum
2150 2340 2356 2402 repperit
2388 2339 2478 2388 Ph.
2512 2354 2562 2402 v,
2583 2347 2631 2391 4.
2653 2347 2686 2390 4
2733 2342 2824 2390 Ar-

1761 2409 1954 2462 gentum
1975 2403 2138 2465 accepi
2169 2399 2260 2452 Ph.
2283 2420 2330 2460 v,
2355 2409 2402 2454 5.
2427 2409 2454 2452 1
2490 2405 2568 2452 Ne
2597 2405 2826 2454 conficere

1759 2467 1956 2513 credant
1975 2474 2218 2530 argentum
2237 2483 2372 2515 suum
2405 2468 2494 2520 Ph.
2517 2485 2569 2531 v,
2586 2475 2636 2521 5.
2656 2475 2716 2520 11
2757 2471 2827 2519 Ut

1759 2532 1902 2577 modo
1925 2539 2168 2595 argentum
2188 2532 2278 2580 tibi
2294 2533 2508 2580 dedimus
2525 2534 2654 2596 apud
2675 2536 2825 2583 forum

1761 2593 1851 2644 Ph.
1875 2612 1920 2651 v,
1943 2600 1993 2643 6.
2017 2600 2080 2644 19
2111 2595 2237 2642 Illud
2261 2596 2374 2643 mihi
2391 2606 2632 2661 argentum
2647 2613 2823 2647 rursum

1754 2656 1874 2720 jube
1892 2659 2082 2707 rescribi
2115 2660 2203 2707 Ph.
2225 2672 2272 2716 v,
2291 2665 2341 2709 7.
2363 2665 2428 2709 29
2461 2662 2594 2718 Quin
2623 2668 2673 2711 tu
2711 2665 2828 2711 mihi

1763 2730 2003 2784 argentum
2025 2724 2144 2771 cedo
2177 2724 2265 2771 Ph.
2287 2740 2334 2779 v,
2358 2730 2408 2774 7.
2429 2727 2494 2775 42
2545 2725 2826 2789 Argentum,

1757 2788 1890 2847 quod
1912 2783 2073 2843 habes,
2092 2789 2413 2835 condonamus
2435 2795 2482 2837 te
2513 2790 2603 2837 Ph.
2627 2807 2676 2846 v,
2693 2795 2739 2840 7.
2760 2793 2824 2841 54

1764 2850 1836 2897 Ea
1855 2852 2018 2899 relicta
2037 2852 2148 2901 huic
2168 2852 2413 2900 arrhaboni
2435 2860 2504 2901 est
2525 2870 2609 2917 pro
2631 2854 2714 2902 illo
2751 2868 2823 2902 ar-

1762 2922 1904 2975 gento
1949 2915 2042 2963 He.
2061 2916 2136 2972 iii,
2159 2920 2204 2964 3·
2227 2919 2294 2965 42
2349 2917 2491 2973 Quod
2527 2918 2590 2965 de
2633 2924 2825 2981 argento

1761 2992 1959 3090 tsperam,
1982 2979 2490 3094 nibilfstHHea²iv’z;²⁶
2505 2982 2717 3095 44391ῧὲ
2737 2982 2825 3031 t'rbi

1795 3056 1860 3089 m
1915 3059 1942 3091 e
1963 3059 2014 3090 ar
2126 3060 2154 3091 o
2238 3058 2311 3092 ea.
2344 3060 2412 3101 iv,
2468 3080 2482 3096 .
2753 3063 2824 3096 ar-

1760 3114 1921 3167 gento,
1943 3055 2173 3155 'cuffiam
2204 3107 2298 3155 Ad.
2333 3108 2389 3165 ii,
2413 3114 2460 3157 1.
2483 3114 2547 3158 50
2593 3110 2664 3157 Ut
2695 3111 2825 3159 dice-

1757 3183 1874 3226 rem,
1919 3178 2110 3233 argento
2153 3186 2270 3235 opus
2312 3186 2415 3219 esse
2467 3172 2558 3219 Ph.
2599 3174 2664 3228 iv,
2703 3172 2752 3223 2.
2792 3179 2824 3224 3

1760 3230 1966 3281 Emunxi
1985 3242 2180 3299 argento
2201 3250 2333 3295 senes
2365 3236 2455 3283 Ph.
2475 3236 2542 3293 iv,
2565 3240 2614 3284 4.
2639 3240 2666 3285 1

1824 3298 2179 3361 Argumentum.
2243 3298 2356 3347 Non
2386 3301 2468 3363 qui
2497 3306 2824 3363 argumentum

1758 3370 1912 3409 narret
1942 3364 2005 3409 A.
2027 3362 2154 3411 Prol.
2176 3369 2208 3412 6
2249 3363 2441 3412 Dehinc
2461 3380 2524 3413 ne
2545 3368 2826 3429 exspectetis

1757 3434 2080 3488 argumentum
2103 3427 2292 3475 Fabulae
2321 3427 2420 3476 Ad.
2443 3428 2569 3476 Prol.
2590 3432 2655 3478 22
2707 3429 2822 3477 Non

1757 3488 1826 3535 ita
1847 3490 2062 3538 dissimili
2082 3498 2192 3539 sunt
2213 3500 2483 3555 argumento
2515 3490 2581 3542 A.
2606 3494 2733 3539 Prol.
2760 3496 2817 3541 11

1756 3551 1948 3616 Duplex
1971 3570 2077 3618 quae
2097 3572 2155 3603 ex
2177 3563 2448 3618 argumento
2470 3558 2594 3603 facta
2611 3563 2684 3603 est
2707 3556 2821 3603 sim·

1751 3617 1868 3681 plici
1899 3616 2022 3666 Hea.
2043 3618 2172 3667 Ptol.
2195 3624 2228 3667 6

1820 3681 2011 3743 Aridus,
2033 3697 2078 3739 a,
2101 3698 2195 3729 um.
2229 3682 2390 3731 Habet
2411 3690 2586 3745 patrem
2614 3683 2820 3741 avidum,

1754 3744 1988 3801 miserum,
2011 3753 2154 3807 atque
2171 3746 2353 3794 aridum
2379 3746 2508 3796 Hea.
2528 3747 2602 3803 iii.
2623 3752 2672 3797 2.
2693 3753 2752 3797 15

1827 3808 1985 3857 Arma.
2050 3809 2224 3857 Omnia
2266 3812 2393 3873 prius
2433 3811 2647 3875 experiri,
2678 3826 2817 3875 quarn

1758 3872 1893 3919 armis
1913 3873 2174 3936 sapientem
2197 3873 2336 3922 decet
2366 3874 2457 3921 Eu.
2476 3876 2542 3933 iv,
2561 3880 2611 3924 7.
2637 3880 2700 3925 19
2740 3875 2823 3923 Ibi

1757 3936 1893 3983 simul
1917 3952 2030 3995 rem,
2061 3945 2112 3985 et
2130 3937 2244 3987 belli
2265 3938 2456 4001 gloriam
2479 3939 2615 3987 armis
2636 3940 2824 4003 repperi

1756 3999 1878 4048 Hea.
1900 4000 1934 4057 i,
1957 4006 2003 4051 l.
2025 4006 2093 4050 60

1823 4064 1939 4114 Aro.
2006 4065 2134 4121 Quin
2157 4072 2204 4113 te
2224 4066 2278 4113 in
2297 4066 2446 4115 fundo
2467 4068 2710 4129 conspicer
2747 4066 2822 4112 fo·

1755 4128 1884 4185 dere,
1907 4136 1990 4175 aut
2005 4144 2150 4187 arare,
2173 4138 2255 4178 ant
2285 4132 2406 4179 Hea.
2427 4132 2462 4185 i,
2484 4136 2532 4179 1.
2557 4135 2617 4180 17

1821 4192 2048 4241 Arrhabo.
2114 4192 2187 4242 Ea
2227 4195 2389 4243 relicta
2430 4194 2542 4245 huic
2577 4192 2822 4244 arrhaboni

1757 4263 1830 4305 est
1861 4255 1984 4307 Hea.
2003 4257 2075 4317 iii,
2093 4262 2140 4309 3.
2161 4262 2229 4310 42
