3192 4975
491 3047 497 3053 ’
591 3048 885 3111 comprobes.

577 425 772 504 ccciv

579 601 878 650 nobilitatem
897 613 954 648 ex
973 613 1050 655 eo,
1081 601 1132 644 et
1149 609 1246 644 rem
1263 593 1437 653 natam}
1459 604 1510 646 et
1529 596 1631 660 glo·-

578 659 694 716 ‘ntnm
723 679 824 712 esse
855 663 950 712 He.
972 665 1092 719 na.
1117 665 1197 710 14.
1214 665 1400 712 mma.
1433 665 1494 712 sl
1531 661 1633 719 Qui

515 747 530 762 ·
577 731 643 778 nb
665 745 760 777 rem
781 727 960 775 nnllam
989 726 1127 776 misit.
1191 725 1364 790 Neque
1397 727 1522 774 enim
1560 731 1635 774 est

581 795 632 842 in
653 809 750 842 rem
771 799 994 853 nostram,
1027 798 1080 839 ut
1111 790 1205 839 He.
1229 807 1275 851 v,
1295 795 1344 840 3.
1365 795 1417 840 2.
1441 794 1506 840 36
1560 788 1633 837 Λ-

579 860 720 906 deon’
741 871 835 904 rem
852 855 1046 917 redisse,
1057 863 1114 903 ut
1129 856 1212 919 qui
1235 855 1348 903 mihi
1367 855 1634 903 consultum

583 929 776 986 optume
821 921 934 969 velit
972 921 1108 969 esse?
1163 919 1257 968 Hei
1295 921 1438 968 timeo
1478 920 1635 978 miser,

575 1003 720 1051 quam
741 986 822 1034 hie
855 1000 982 1034 nune
1005 985 1116 1032 mibi
1137 984 1324 1032 nuntiet
1357 999 1454 1032 rem
1487 984 1577 1031 Ph.
1600 985 1635 1042 i,

574 1057 632 1102 θ.
657 1057 703 1101 1·.
727 1054 794 1101 26
843 1050 983 1111 Tum,
1002 1049 1228 1114 temporis
1259 1048 1371 1096 mibi
1406 1057 1635 1112 punctum

573 1117 642 1164 ad
667 1118 786 1163 hanc
807 1128 901 1162 rem
923 1122 996 1162 eat
1027 1114 1117 1162 Plr.
1133 1113 1167 1168 i,
1183 1118 1230 1163 4.
1245 1118 1275 1163 7
1309 1111 1512 1178 Aliquot
1523 1112 1636 1161 mihi

577 1179 756 1230 amicos
775 1180 1035 1239 advocabo,
1055 1180 1116 1226 ad
1156 1179 1276 1226 hanc
1311 1193 1407 1226 rem
1445 1179 1532 1241 qui
1551 1178 1637 1225 ad·

579 1245 706 1292 aient
737 1244 828 1291 Pb.
847 1242 900 1302 ii,
926 1249 970 1293 1.
995 1247 1057 1292 83
1107 1242 1178 1290 At
1199 1243 1240 1289 si
1270 1242 1498 1290 talentum
1537 1257 1636 1289 rem

581 1309 848 1374 reliquisset
863 1309 1026 1356 decem
1045 1307 1134 1355 Pb.
1153 1307 1204 1363 ii,
1221 1311 1268 1356 3.
1289 1311 1354 1356 46
1387 1306 1507 1370 Ego,
1529 1321 1638 1371 quaa

573 1373 632 1422 ‘in
657 1389 752 1422 rem
777 1381 901 1420 tuam
923 1372 1035 1428 sint,
1058 1387 1115 1419 ea
1136 1372 1278 1420 velim
1299 1371 1446 1419 facias
1469 1372 1558 1419 Ph.
1583 1371 1637 1432 ii,

583 1441 635 1488 4.
662 1444 697 1489 ο
727 1436 840 1485 Non
877 1437 1028 1500 pudet
1063 1435 1316 1488 vanitatis?
1350 1434 1452 1486 Do.
1487 1435 1640 1483 Mini-

585 1517 694 1562 πως
727 1501 852 1549 durn-
877 1502 938 1548 ob
973 1515 1068 1548 rem
1113 1500 1204 1548 Pb.
1225 1500 1294 1556 iii,
1328 1503 1376 1548 2.
1395 1504 1458 1550 41
1512 1501 1638 1548 Rem

581 1567 731 1629 ipsam
757 1566 931 1630 putasti
961 1565 1056 1614 Ph.
1079 1565 1255 1625 iv,6.6
1287 1563 1357 1613 Ut
1370 1564 1640 1613 stultissime

619 1632 776 1680 uidem
813 1630 885 1678 illi
910 1646 1006 1678 rem
1041 1630 1318 1694 gesserimus
1351 1629 1442 1678 Ph.
1464 1645 1513 1691 v,
1533 1634 1584 1678 2.
1606 1633 1637 1678 7

635 1696 769 1742 mitto
805 1693 1050 1758 proloqui:
1097 1707 1206 1742 nam
1249 1694 1369 1742 nihil
1415 1695 1476 1741 hd
1505 1695 1641 1742 hane

579 1775 684 1808 rem
707 1767 796 1819 est,
819 1758 1034 1821 Antipho
1066 1759 1157 1807 Ph.
1188 1773 1236 1816 v,
1251 1762 1301 1807 6.
1321 1763 1381 1808 21
1421 1758 1447 1805 1
1467 1759 1520 1806 in
1541 1773 1643 1806 ma·

585 1823 680 1872 lam
718 1839 812 1871 rem
851 1824 962 1870 hinc
995 1839 1102 1871 cum
1139 1823 1256 1871 istae
1295 1823 1645 1886 magnificentia

589 1888 680 1936 Pb.
703 1903 754 1950 v,
771 1891 821 1936 7.
843 1893 904 1937 37
941 1887 1050 1935 Hoc
1071 1887 1273 1951 primurn
1291 1887 1343 1935 in
1355 1889 1444 1935 hnc
1459 1903 1508 1936 re
1529 1902 1644 1950 prm-

581 1953 696 2002 dico
735 1952 836 2002 tibi.
917 1935 1208 2014 Cognosces,
1245 1952 1361 2014 quid
1397 1952 1552 1999 faeere
1595 1951 1645 1999 in

585 2018 676 2065 bac
714 2033 764 2065 re
797 2025 847 2064 te
889 2017 1048 2066 velim.
1111 2015 1284 2080 Neque
1327 2025 1647 2064 commovetur

587 2082 770 2131 animus
792 2082 842 2128 in
865 2097 922 2130 ea
956 2097 1006 2130 re
1028 2089 1182 2128 tamen
1218 2080 1280 2128 A.
1301 2081 1338 2136 i,
1362 2087 1406 2130 1.
1447 2085 1524 2130 19.
1561 2085 1645 2131 23.

582 2152 651 2197 67
685 2146 796 2204 Qua
831 2147 892 2195 de
925 2147 1010 2194 re?
1061 2146 1130 2194 si.
1193 2145 1394 2209 Rogas?
1428 2144 1492 2193 A.
1523 2146 1560 2203 i,
1595 2149 1644 2194 2.

585 2216 672 2260 1⁸.
709 2227 754 2272 ν,
775 2216 826 2260 4.
847 2215 880 2261 6
911 2211 1032 2259 velle
1047 2211 1097 2258 in
1129 2225 1184 2258 ea
1207 2225 1256 2258 re
1277 2211 1479 2266 ostendi,
1501 2225 1645 2274 quam

587 2275 650 2323 sis
671 2275 890 2324 callidus.
957 2275 1125 2323 Ubivis
1145 2275 1329 2324 facilius
1349 2289 1514 2338 passus
1537 2275 1655 2332 sim‚·

587 2355 731 2404 qnam
751 2339 802 2386 in
825 2341 913 2387 hac
932 2355 999 2400 re,
1018 2354 1094 2386 me
1115 2339 1328 2386 deludier
1359 2338 1423 2387 A.
1443 2339 1478 2395 i,
1499 2342 1548 2388 2.
1563 2343 1645 2388 27.

587 2407 652 2452 82
685 2402 763 2450 Ne
785 2403 846 2450 de
869 2404 958 2450 bac
979 2418 1028 2448 re
1041 2409 1174 2464 pater
1193 2402 1538 2464 imprudentem
1558 2417 1645 2465 op-

587 2467 760 2545 primat
789 2465 854 2513 A.
877 2467 911 2523 i,
931 2470 984 2516 8.
1015 2469 1081 2514 22
1115 2465 1356 2513 Redeunti
1385 2467 1564 2514 interea
1585 2483 1643 2514 ex

585 2546 602 2579 ι
712 2546 760 2579 re
781 2530 1089 2607 mihi-incidit·
1113 2530 1321 2607 suspicio
1351 2530 1414 2577 A.
1437 2530 1491 2590 ii,
1507 2536 1556 2579 2.
1578 2535 1643 2580 22

577 2595 1194 2709 ἰιῗιέῗιιωιὲαζῇξῗῶἶιῖξιῗῑ
1209 2596 1457 2723 {lizinii-3
1469 2594 1645 2707 ὲᾱῗιῖἰῖ

589 2724 656 2774 Λ.
677 2726 728 2783 ii,
749 2730 798 2774 6.
828 2730 888 2775 14
942 2725 995 2773 Si
1015 2740 1074 2774 ex
1097 2740 1154 2771 ea
1195 2740 1244 2772 re
1267 2724 1374 2789 plus
1408 2725 1519 2772 mali
1556 2731 1646 2781 est,

624 2806 730 2837 uam
769 2790 1008 2839 commodi
1051 2789 1234 2851 utrique
1289 2788 1351 2836 A.
1385 2790 1458 2845 iii,
1493 2793 1544 2839 3.
1584 2794 1643 2838 16

587 2806 694 2911 Qui
709 2870 782 2907 me
816 2854 961 2902 hodie
981 2870 1039 2902 ex
1063 2852 1439 2917 tranquillissima
1461 2870 1508 2901 re
1531 2866 1648 2901 eon-

587 2917 750 2981 jecisti
769 2918 820 2967 in
841 2918 1032 2981 nuptias
1064 2917 1128 2966 A.
1145 2919 1216 2975 iii,
1241 2924 1290 2967 6.
1313 2922 1376 2967 14
1411 2918 1479 2965 Ut
1503 2918 1647 2965 bene-

575 2984 750 3031 -ficium
793 2984 944 3031 verbis
985 2983 1156 3030 initum
1197 2979 1399 3043 dudum,
1433 2996 1560 3031 nunc
1597 2996 1647 3031 re

953 3046 1022 3096 Ut
1057 3046 1236 3094 homini
1275 3047 1647 3103 adolescentulo,

591 3112 646 3159 in
667 3112 760 3159 alio
781 3120 1016 3176 occupato
1039 3126 1211 3173 amore,
1233 3112 1498 3159 abhorrenti
1519 3114 1578 3159 ab
1600 3127 1650 3159 re

593 3175 774 3232 uxoria,
809 3176 952 3224 filiam
989 3183 1046 3223 ut
1079 3177 1240 3223 darem
1288 3175 1348 3225 A.
1372 3194 1419 3235 v,
1441 3181 1488 3225 1.
1514 3183 1562 3226 5.
1585 3181 1649 3227 lo

595 3240 764 3303 Habeo
804 3256 888 3303 pro
909 3240 992 3289 illa
1025 3256 1078 3287 re
1109 3240 1244 3287 illurn
1266 3242 1396 3302 quod
1434 3256 1647 3288 moneam

591 3306 758 3367 probe.
825 3304 946 3352 Cum
989 3311 1177 3367 egomet
1211 3305 1384 3366 possim
1403 3303 1452 3351 in
1490 3306 1579 3353 hac
1602 3320 1651 3352 re

595 3368 816 3416 medicari
839 3368 988 3416 mihi?
1023 3368 1084 3415 A.
1121 3384 1167 3423 ν,
1190 3372 1236 3416 4.
1263 3373 1340 3417 16.
1361 3373 1421 3418 41
1473 3368 1580 3417 Hae
1602 3384 1651 3417 re

595 3432 790 3479 arbitror
826 3432 875 3479 id
912 3432 1011 3481 fieri
1033 3446 1170 3495 posse
1193 3433 1391 3481 maxime
1422 3432 1516 3481 Eu.
1540 3432 1649 3494 352.

595 3500 663 3546 92
695 3496 806 3545 Hoc
827 3496 947 3545 adeo
963 3514 1022 3545 ex
1042 3496 1132 3544 hac
1153 3512 1202 3545 re
1223 3497 1424 3545 venitin
1443 3506 1651 3546 mentem

578 3560 728 3609 nihi.
793 3560 942 3609 Simul
977 3561 1220 3610 consilium
1245 3578 1352 3610 cum
1372 3578 1423 3611 re
1459 3564 1650 3611 amisti?

577 3626 786 3683 -Quibus
805 3633 856 3673 et
875 3640 924 3673 re
945 3627 1090 3679 salva,
1107 3632 1158 3673 et
1169 3628 1354 3702 perdita
1367 3628 1650 3690 profueram,

595 3700 647 3739 et
667 3704 854 3753 prosum
877 3706 1006 3755 saepe
1025 3690 1132 3739 ΕΠ.
1169 3687 1229 3749 ιί,“
1246 3696 1295 3741 2.
1317 3696 1367 3741 2.
1394 3697 1470 3742 10.
1493 3698 1556 3742 27
1591 3692 1652 3739 In

595 3770 654 3803 ea
675 3770 726 3805 re
747 3756 998 3805 utilitatem
1021 3772 1110 3819 ego
1128 3756 1297 3805 faciam
1323 3764 1376 3803 ut
1395 3770 1653 3820 cognoscas

579 3826 763 3871 ‘meam
849 3820 982 3877 Quid
1015 3822 1057 3867 si
1089 3834 1216 3869 nunc
1251 3828 1356 3869 tute
1387 3822 1653 3869 fortunatus

595 3885 718 3933 fias?
753 3885 844 3936 Ch.
876 3886 986 3943 Qua
1007 3900 1071 3943 re,
1117 3886 1380 3935 Parmeno?
1417 3888 1655 3950 responde

597 3950 688 3997 Eu.
707 3950 761 4010 ii,
779 3954 828 3999 3.
853 3954 930 3999 17.
965 3955 1028 4000 77
1079 3950 1212 4007 Quid
1233 3967 1289 3999 ex
1313 3964 1371 3999 ea
1393 3946 1442 3999 re
1463 3952 1653 3999 tandem

595 4022 652 4062 ut
669 4027 864 4078 caperes
883 4016 1152 4063 commodi?
1185 4014 1278 4063 Ru.
1293 4015 1364 4077 iii,
1381 4023 1429 4064 6.
1447 4020 1510 4064 26
1544 4014 1653 4064 Hac

575 4094 663 4136 .re,
687 4088 738 4127 et
765 4091 813 4127 te
835 4080 964 4127 omni
984 4079 1118 4127 turba
1148 4079 1356 4135 evolves,
1393 4086 1442 4127 et
1461 4080 1530 4127 illi
1550 4096 1653 4143 gra-

599 4150 698 4191 tnm
733 4144 900 4193 feceris
950 4145 1044 4192 Eu.
1065 4144 1133 4201 iv,
1151 4148 1205 4195 4.
1229 4149 1294 4193 66
1327 4146 1465 4207 Saepe
1487 4160 1545 4193 ex
1568 4146 1654 4191 hu-

593 4204 802 4267 jusmodi
825 4224 874 4257 re
906 4221 1002 4273 qua
1039 4208 1048 4219 '
1083 4224 1130 4255 m
1169 4224 1338 4273 magna
1367 4210 1655 4257 familiaritas

575 4270 805 4318 ·conflata
835 4280 924 4320 est.
1051 4288 1160 4321 une·
1181 4290 1272 4337 ego
1311 4280 1360 4321 te
1391 4274 1444 4321 in
1478 4275 1566 4322 hac
1606 4290 1655 4322 re

601 4332 716 4383 milri
737 4348 818 4381 oro
841 4344 893 4383 ut
929 4337 1136 4399 adjutrix
1171 4338 1262 4385 sies
1311 4336 1402 4388 Eu.
1424 4354 1474 4397 v,
1495 4344 1546 4389 2.
1571 4344 1656 4389 34.

1435 435 1834 496 ''rffnar

1702 597 1769 645 46
1801 592 1915 643 non
1938 577 2247 654 dublumestJ
2266 577 2522 656 qaid-*mibi
2544 575 2763 654 maguntii

1706 675 1763 708 ex
1788 661 1875 708 hac
1897 658 2029 707 resit
2053 659 2225 706 malum
2260 657 2351 706 Eu.
2370 673 2421 716 v,
2442 659 2494 705 6.
2518 654 2579 704 27
2600 654 2763 703 Chre*

1708 741 1799 778 me,
1818 732 2061 772 tantumne
2082 733 2155 771 est
2172 723 2233 770 ab
2250 735 2297 769 re
2312 729 2407 769 tna·
2420 721 2504 767 otii
2516 719 2627 784 tibi,
2650 717 2767 765 alie·

1708 804 1771 836 na
1788 797 1841 836 ut
1856 801 2005 838 cures.
2053 788 2159 835 Aut
2178 785 2391 841 consilio,
2416 792 2495 832 aut
2514 799 2563 831 re
2577 783 2766 845 juvero.

1708 851 1857 902 Nulla
1884 855 2005 902 adeo
2034 853 2165 900 ex‘re
2188 852 2308 899 istuc
2330 850 2402 906 fit,
2424 849 2515 895 nisi
2534 863 2591 894 ex
2612 847 2763 894 nimie

1708 919 1807 965 otio
1846 918 1960 966 Hea.
1984 917 2019 978 i,
2044 921 2089 966 1.
2113 921 2196 967 23.
2233 921 2314 965 34.
2338 919 2401 964 67
2435 913 2671 970 Quantam
2704 927 2767 959 ex

1708 983 1814 1046 ipsa
1854 994 1905 1030 re
1942 981 2263 1044 conjecturam
2304 979 2530 1042 cepimus.
2616 973 2769 1024 Nulla

1710 1046 1835 1094 mala
1856 1063 1905 1095 re
1926 1063 2029 1095 esse
2048 1046 2304 1110 expolitam
2324 1041 2540 1090 muliebri
2570 1039 2769 1101 Harii,

1710 1115 1759 1162 3.
1780 1117 1861 1162 26.
1878 1115 1941 1161 48
1964 1111 2024 1158 In
2042 1109 2508 1168 eamdem-fraudem,
2524 1122 2578 1154 ex
2590 1106 2677 1152 hac
2692 1119 2767 1164 re,

1710 1185 1853 1240 atque
1874 1193 1931 1224 ex
1953 1176 2049 1232 ina,
2072 1176 2269 1223 incides.
2356 1173 2437 1220 An
2472 1170 2620 1225 eo·fit.
2654 1168 2770 1242 quja.

1710 1241 1764 1290 in
1788 1257 1839 1288 re
1860 1249 2034 1301 nostra,
2052 1248 2135 1287 aut
2150 1239 2323 1303 gaudio
2340 1251 2501 1284 sumus
2518 1233 2771 1298 praepediti

1710 1305 1877 1362 nimio,
1898 1311 1981 1352 aut
1999 1305 2016 1351 ?
2050 1304 2171 1352 Hea.
2194 1303 2265 1360 iii,
2282 1307 2328 1351 1.
2344 1306 2426 1350 33.
2444 1304 2511 1348 99
2542 1299 2637 1346 Tot
2656 1311 2771 1360 pee-

1710 1379 1820 1418 cata
1847 1370 1897 1416 in
1921 1371 2009 1416 hac
2045 1385 2092 1416 re
2114 1367 2349 1416 ostendis.
2380 1373 2386 1378 ’
2415 1364 2529 1412 Νοιι
2552 1363 2777 1411 simulare

1714 1443 1905 1482 mortem
1932 1434 2097 1490 verbis,
2134 1448 2181 1480 re
2215 1432 2229 1478 i
2268 1447 2319 1478 aa
2354 1443 2487 1492 spem
2522 1429 2633 1480 vitae
2656 1428 2773 1474 dare

1712 1497 1837 1547 Hea.
1858 1501 1924 1555 iv,
1950 1504 1994 1546 1.
2017 1503 2097 1548 21.
2119 1501 2181 1546 23
2259 1503 2306 1542 ta
2326 1495 2414 1542 hac
2452 1509 2501 1540 re
2526 1493 2576 1539 in
2598 1507 2774 1555 angus·

1712 1571 1814 1610 tum
1836 1563 2019 1628 oppido
2054 1577 2181 1610 nunc
2222 1575 2337 1608 meae
2358 1565 2595 1621 coguntur
2615 1556 2774 1622 copie.

1714 1627 1837 1676 Hea.
1876 1629 1941 1688 iv,
1962 1632 2011 1676 2.
2030 1631 2065 1676 2
2096 1625 2283 1676 Faciam
2320 1623 2433 1670 boni
2461 1621 2553 1669 tibi
2590 1621 2775 1685 aliquid

1708 1703 1801 1758 *pro
1824 1694 1911 1740 ista
1925 1707 1993 1746 re.
2012 1707 2065 1740 ac
2088 1691 2255 1739 lubens
2286 1688 2411 1736 Hea.
2429 1687 2497 1744 iv,
2520 1691 2569 1735 6.
2592 1690 2653 1735 16
2686 1685 2777 1749 Ip-

1709 1771 1769 1804 sa
1788 1773 1837 1805 re
1858 1757 2133 1820 experibere·
2156 1755 2283 1802 Hea.
2300 1754 2363 1811 iv,
2378 1757 2426 1802 6.
2448 1757 2514 1800 20
2547 1750 2681 1808 Quot
2698 1751 2777 1796 in-

1710 1823 2075 1871 commoditates
2119 1821 2168 1869 in
2203 1820 2293 1867 bac
2326 1833 2375 1865 re
2410 1817 2635 1880 accipies.
2678 1815 2775 1863 nisi

1716 1887 1893 1934 cavea?
1924 1884 2040 1932 Duo
2074 1885 2249 1932 talenta
2284 1897 2369 1946 pro
2404 1897 2454 1929 re
2486 1887 2643 1928 nostra
2682 1895 2775 1944 ego

1714 1965 1819 1998 esse
1840 1950 2025 1998 decrevi
2048 1950 2173 1997 satis.
2210 1948 2325 1996 Sine
2348 1962 2423 1994 me
2436 1947 2489 1994 in
2510 1946 2601 1993 hae
2618 1959 2667 1992 re
2688 1959 2775 2007 ge·-

1716 2027 1815 2062 rere
1838 2014 1950 2061 mihi
1987 2029 2163 2062 morem
2197 2012 2323 2061 Hea.
2362 2027 2407 2066 v,
2436 2015 2481 2058 1.
2505 2015 2586 2059 69.
2605 2013 2685 2059 67.
2705 2012 2776 2058 74

1716 2078 1889 2128 Irrides
1922 2079 1976 2126 in
2013 2093 2062 2126 re
2098 2077 2263 2125 tanta?
2298 2075 2488 2131 Hea.v,·
2518 2078 2566 2124 2.
2602 2077 2666 2123 29
2712 2073 2779 2120 In

1716 2159 1814 2256 (ἓξ
1832 2139 2779 2272 13ὴῃῑωξῗιίῗιιᾞιεοὲἲἓᾱζιῗέεἴπῗζῗέτῗῗὲ

1786 2245 1797 2256 .
1936 2245 1945 2254 .
2266 2241 2281 2266 ,

1716 2287 1767 2320 re
1788 2281 1921 2320 tanta
1948 2273 2176 2336 postules.
2238 2270 2353 2318 Non
2376 2269 2527 2324 vides,
2547 2274 2777 2332 quantum

1716 2337 1829 2386 mali
1866 2353 1920 2384 ex
1944 2352 2001 2384 ea
2034 2353 2083 2384 re
2116 2335 2326 2383 excites?
2360 2333 2483 2381 Hea.
2508 2349 2553 2394 v,
2574 2337 2621 2383 3.
2655 2336 2703 2380 7.
2724 2335 2779 2381 9.

1719 2406 1779 2451 u
1830 2401 1919 2450 Ne·
1945 2417 2021 2448 me
2040 2401 2275 2448 obtundas
2308 2400 2373 2446 de
2392 2400 2483 2445 hac
2504 2413 2551 2445 re
2588 2395 2781 2460 saepins.

1711 2465 1787 2515 Te
1820 2467 1957 2530 plura
1992 2465 2040 2512 in
2076 2466 2163 2513 hac
2196 2481 2245 2513 re
2284 2477 2477 2529 peccare
2514 2463 2778 2523 ostendam.

1716 2530 1797 2577 An
1817 2546 1906 2592 ego
1932 2530 2072 2577 toties
2092 2531 2155 2577 de
2168 2531 2331 2579 eadem
2354 2544 2401 2577 re
2422 2527 2609 2574 audiam
2628 2528 2648 2573 ἒ
2681 2526 2778 2573 AE-

1718 2595 1909 2643 schinus
1946 2595 2221 2643 nonnullam
2244 2597 2293 2642 in
2326 2595 2413 2641 hac.
2434 2608 2481 2640 re
2502 2591 2639 2639 nobis
2657 2590 2782 2639 facit

1716 2658 1935 2722 injuriam
1969 2658 2067 2708 Ad.
2092 2659 2125 2717 i,
2164 2665 2215 2708 2.
2254 2662 2334 2708 33.
2354 2662 2435 2708 44.
2471 2660 2552 2706 48.
2574 2660 2639 2705 68
2673 2654 2778 2703 Ne-

1720 2740 1813 2787 que
1846 2734 1899 2771 tu
1924 2725 2073 2771 verbis
2088 2725 2239 2771 solves
2259 2738 2487 2788 unquam,
2511 2722 2641 2783 qnod
2666 2720 2780 2769 mihi

1719 2804 1769 2837 re
1805 2790 1925 2837 male
1964 2788 2129 2837 feceris
2161 2787 2261 2839 ΑΔ.
2276 2788 2331 2844 ii,
2356 2793 2403 2837 1.
2429 2791 2491 2836 10
2525 2786 2629 2849 Ego
2658 2784 2782 2849 jam,

1720 2860 1953 2902 transacta
1978 2870 2045 2915 re,
2066 2863 2336 2901 convortam
2362 2869 2435 2899 me
2456 2852 2646 2898 domum
2667 2866 2778 2927 cnm

1720 2918 2315 3046 {3332201‘233231252133
2324 2916 2657 3037 23:324?
2659 2915 2783 3027 iffi

1722 3046 1819 3095 Ad.
1843 3048 1913 3110 iii,
1937 3052 1983 3095 1.
2008 3051 2041 3095 8
2074 3046 2139 3105 Is,
2162 3048 2291 3109 quod
2314 3046 2424 3093 mihi
2438 3046 2603 3093 dehac
2623 3060 2673 3092 re
2695 3045 2781 3091 de-

1722 3114 1843 3161 derit
1866 3112 2129 3165 consilium,
2152 3112 2201 3159 id
2224 3126 2393 3174 sequar
2413 3110 2511 3157 Ad.
2529 3110 2597 3164 iii,
2619 3114 2668 3159 4.
2692 3112 2785 3159 64.

1722 3176 1814 3226 Ph.
1840 3177 1890 3233 ii,
1908 3183 1955 3225 4.
1977 3180 2037 3225 21
2076 3175 2227 3223 Aliter
2260 3176 2323 3224 de
2358 3176 2447 3223 hae
2480 3190 2529 3221 re
2564 3173 2785 3235 est'ssejns

1724 3239 2087 3289 sementia·Ad.
2131 3240 2201 3297 iii,
2236 3248 2287 3290 5.
2326 3248 2355 3290 6
2409 3240 2513 3304 Ego
2544 3237 2596 3284 in
2616 3239 2705 3285 hac
2727 3252 2783 3285 re

1722 3306 1838 3354 nihil
1876 3306 2074 3368 reperio,
2106 3307 2406 3368 quamobrem
2442 3304 2603 3352 lauder
2620 3309 2784 3351 tanto·

1722 3386 1833 3433 pere
1882 3369 1981 3417 Ad.
2004 3370 2071 3431 iv,
2093 3378 2141 3421 3.
2169 3374 2193 3420 1
2246 3371 2378 3428 Quid
2398 3370 2575 3419 facias?
2621 3370 2662 3417 si
2682 3382 2784 3415 non

1722 3434 1831 3497 ipsa
1874 3450 1921 3482 re
1966 3435 2086 3483 istuc
2126 3435 2211 3483 tibi
2248 3436 2379 3483 dolet
2426 3436 2521 3483 Ad.
2556 3435 2620 3490 iv,
2643 3437 2695 3484 7.
2716 3437 2779 3486 15

1710 3498 1876 3555 ‹Quasi
1899 3514 1949 3547 re
1966 3500 2087 3549 bene
2109 3508 2240 3565 gesta
2272 3500 2370 3548 Ad.
2390 3514 2436 3560 v,
2456 3504 2503 3550 1.
2522 3505 2583 3550 13
2616 3499 2691 3546 Tu
2722 3497 2783 3545 il-

1724 3564 1795 3611 los
1826 3565 1947 3611 duos
1984 3566 2096 3613 olim
2130 3579 2213 3629 pro
2250 3580 2299 3612 re
2322 3564 2521 3612 tollebas
2544 3570 2644 3614 tua.
2710 3562 2784 3610 At

1724 3629 1847 3676 enirn
1874 3637 2069 3687 metuas,
2092 3646 2153 3677 ne
2174 3630 2235 3676 ab
2270 3644 2319 3676 re
2337 3628 2435 3675 sint
2456 3636 2616 3677 tamen
2639 3628 2781 3676 omis-

1726 3693 1867 3741 siores
1887 3694 2030 3757 paulo
2079 3693 2175 3741 Ad.
2207 3710 2255 3754 v,
2279 3696 2327 3741 3.
2350 3696 2432 3741 23.
2465 3696 2531 3741 44
2577 3692 2657 3741 Re
2678 3692 2787 3755 ipsa

1711 3758 1875 3821 ‘reperi
1909 3758 2005 3807 Ad.
2026 3774 2073 3814 ν,
2107 3762 2157 3808 4.
2177 3762 2225 3806 6.
2262 3756 2353 3805 Ph.
2389 3774 2437 3815 v,
2458 3762 2509 3807 6.
2532 3762 2597 3807 49
2644 3758 2784 3821 Syre,

1724 3824 1815 3870 hoc
1838 3838 1993 3869 verum
2017 3830 2107 3883 est,
2130 3832 2179 3871 et
2212 3824 2315 3885 ipsa
2336 3839 2385 3871 re
2412 3823 2648 3886 experiere
2668 3836 2779 3885 pro·

1724 3887 1911 3951 pediem
1946 3888 2043 3933 Ad.
2078 3904 2129 3949 v,
2150 3894 2199 3937 5.
2219 3892 2249 3937 7
2285 3886 2390 3951 Ego
2412 3904 2520 3937 vero
2544 3886 2707 3951 jubeo,
2728 3893 2783 3933 et

1726 3952 1778 3999 in
1796 3952 1885 3999 hac
1904 3967 1969 4007 re,
1994 3960 2044 4000 et
2064 3950 2169 3999 aliis
2190 3953 2425 4001 omnibus.
2490 3952 2687 4002 Dictum
2706 3958 2783 3998 est

1728 4032 1853 4075 vere,
1872 4024 1923 4063 et
1942 4032 1990 4063 re
2011 4016 2115 4079 ipsa
2136 4017 2237 4065 fieri
2258 4026 2447 4081 oportet
2466 4018 2563 4067 Ad.
2586 4034 2633 4073 v,
2655 4019 2706 4064 8.
2727 4018 2780 4065 2.

1726 4083 1791 4131 32
1824 4081 1931 4129 Jam
1947 4082 1996 4128 in
2018 4082 2107 4130 hac
2128 4097 2197 4139 re,
2218 4082 2369 4131 cuivis
2388 4083 2525 4131 facile
2547 4082 2665 4130 scitu
2687 4088 2783 4143 est,

1727 4160 1869 4209 quam
1890 4146 2073 4195 fuerim
2088 4147 2242 4195 miser.
2306 4148 2507 4195 Matrem
2537 4162 2593 4193 ex
2633 4161 2691 4193 ea
2730 4160 2781 4193 re

1729 4226 1819 4268 me,
1842 4220 1927 4257 aut
1948 4226 2135 4259 uxorem
2156 4212 2211 4260 in’·
2232 4213 2371 4275 culpa
2390 4212 2685 4259 inventurum
2707 4224 2783 4257 ar-

1730 4275 1883 4324 bitror⁴
1905 4276 1999 4324 He.
2035 4274 2103 4333 iii,
2130 4281 2176 4327 1.
2210 4278 2292 4325 16.
2324 4278 2385 4327 19
2416 4273 2695 4322 Incredibili
2712 4290 2785 4335 re,

1727 4347 1871 4403 atque
1912 4342 2057 4389 atroci
2100 4340 2319 4405 percitus.
2356 4354 2367 4365 .
2408 4340 2552 4388 Hunc
2588 4338 2781 4391 minime
