3192 4975
1201 442 1278 491 m
1328 443 1807 499 TERENTIUM.

402 587 586 654 tollam}
616 593 760 656 cogit,
791 589 928 654 cujus
957 593 1162 658 torqui
1185 593 1262 649 rit,
1299 593 1450 643 nerei·

407 671 527 722 mus,
551 667 696 720 pater.
749 657 868 708 Cum
891 657 1007 706 sciet
1026 657 1230 706 alienum
1255 673 1450 721 puerum

409 721 512 780 tolli
553 737 634 784 pro
676 737 762 769 suo
807 720 902 768 He.
926 721 990 778 iv,
1009 725 1057 770 1.
1079 727 1156 771 17.
1179 727 1260 772 48.
1281 727 1362 772 56.
1385 728 1447 784 ‚el

405 787 488 832 Sin
507 794 594 845 est,
619 794 670 833 ut
690 786 824 834 aliter
844 792 927 832 tua
947 786 1034 833 siet
1053 786 1302 842 sententia,
1323 787 1450 836 acci-

405 851 774 962 ffiapii'ssssi
785 849 1452 978 ¹502>÷¹ss1¹23¹⁰¹¹¹1312222⁶311521

405 993 474 1034 su,
515 979 674 1041 eredo,
715 994 810 1026 uon
845 977 1010 1026 tonent
1041 993 1164 1028 meo.
1229 979 1452 1036 Puerum,

405 1042 665 1105 Phidippe,
685 1042 798 1090 mihi
817 1043 972 1104 cedo3
1005 1058 1096 1106 ego
1117 1044 1237 1097 alam
1269 1044 1362 1092 He.
1385 1043 1452 1105 iv,

400 1111 450 1154 4.
475 1111 554 1154 16.
581 1111 654 1156 17.
675 1111 757 1157 77.
774 1111 856 1156 82.
879 1111 944 1156 86
976 1107 1276 1170 Quapropter
1293 1118 1339 1156 te
1357 1109 1450 1157 huc

401 1169 523 1218 foras
545 1185 740 1233 puerum
763 1187 956 1218 evocare
979 1171 1108 1220 'u⁸⁸i.
1154 1171 1450 1237 Puerumque

404 1235 466 1281 ob
499 1249 604 1284 eam
635 1250 728 1282 rem
749 1234 868 1283 clam
903 1251 959 1282 vo
981 1235 1066 1291 uit,
1089 1243 1226 1283 natus
1259 1236 1345 1300 qui
1363 1244 1452 1298 eat,

403 1299 700 1362 exstinguere
757 1299 853 1348 He.
898 1316 943 1356 v,
992 1305 1036 1348 1.
1077 1306 1126 1350 6.
1164 1305 1228 1350 22
1283 1301 1444 1350 Heus!

405 1378 538 1424 puer,
555 1362 634 1410 dic
654 1363 809 1423 sodes,
823 1363 930 1427 quis
949 1363 1047 1413 beri
1065 1364 1345 1427 Chrysidem
1368 1367 1450 1413 ha·

405 1426 539 1474 buit?
574 1426 635 1474 A.
659 1427 692 1484 i,
719 1433 762 1476 1.
784 1430 846 1477 57
895 1427 1059 1476 Heus!
1110 1429 1279 1493 inquit,
1319 1445 1450 1491 puer,

403 1489 695 1554 Pamphilam
728 1507 907 1541 arcesse
941 1491 1032 1542 Eu.
1057 1494 1122 1551 iv,
1151 1499 1193 1545 1.
1219 1497 1281 1542 10
1333 1493 1449 1542 Pro·

403 1555 527 1602 misti
547 1563 724 1612 autem,
743 1557 804 1604 de
826 1565 872 1605 te
896 1557 1100 1621 largitor,
1134 1573 1251 1620 puer
1281 1556 1380 1606 Ad.
1401 1575 1450 1616 v,

404 1624 452 1668 8.
475 1622 533 1670 17
593 1619 722 1668 Eho!
759 1637 894 1684 puer,
925 1637 1056 1670 curre
1077 1623 1139 1668 ad
1163 1622 1450 1671 Bacchidem

403 1684 524 1732 hauc
565 1684 766 1732 vicinam
821 1694 1024 1733 nostram
1078 1685 1172 1734 He.
1203 1685 1272 1742 iv,
1304 1692 1352 1737 4.
1386 1692 1449 1738 97

404 1747 546 1810 Puer,
568 1749 682 1796 heus
701 1748 713 1794 !
748 1749 934 1796 nemon’
957 1751 1048 1798 huc
1069 1750 1264 1812 prodit?
1301 1751 1394 1799 Ph.
1413 1750 1450 1807 i,

401 1817 453 1862 2.
471 1816 563 1862 101
597 1812 718 1860 Tum
739 1813 801 1860 de
835 1829 1000 1877 puero,
1019 1813 1184 1864 Dave?
1236 1813 1330 1862 Da.
1353 1815 1449 1872 Ab,

402 1877 564 1926 desine
608 1875 670 1924 A.
707 1893 752 1935 v,
776 1882 826 1926 6.
847 1882 880 1927 8
933 1879 1026 1926 Sed
1071 1879 1184 1942 quid
1227 1878 1454 1928 faciemus

403 1942 585 2004 puero?
631 1941 728 1990 He.
751 1942 816 1996 iv,
836 1945 886 1990 4.
905 1946 970 1992 46
1025 1941 1165 1991 Pueri
1197 1943 1318 1994 iuter
1349 1959 1452 1992 aeae

401 2021 542 2068 quam
558 2021 642 2069 pro
657 2005 838 2054 levibus
853 2007 1004 2054 noxiis
1019 2007 1108 2054 iras
1120 2008 1309 2070 gerunt!
1331 2008 1450 2056 Mu-

403 2069 536 2117 lieres
557 2079 666 2118 aunt
687 2069 845 2125 ferme,
869 2079 924 2118 ut
941 2072 1090 2134 pueri,
1109 2071 1202 2120 levi
1221 2072 1452 2120 sententia

403 2133 499 2184 He.
521 2134 590 2190 iii,
615 2139 657 2182 1.
680 2139 762 2183 20.
783 2139 848 2183 22
894 2133 967 2183 Tu
989 2136 1144 2200 pueris
1165 2151 1315 2192 curre,
1335 2137 1450 2184 Par-

402 2213 559 2258 meno,
571 2198 756 2246 obviam
777 2198 870 2246 He.
887 2199 959 2256 iii,
976 2205 1026 2249 2.
1043 2204 1106 2250 24
1128 2199 1332 2263 AEquum
1349 2216 1452 2250 eane

390 2270 614 2324 cenant,
633 2277 720 2310 nos
733 2262 835 2326 jam
853 2279 882 2311 a
902 2265 1058 2326 pueris
1076 2264 1207 2312 illico
1230 2263 1360 2312 nasci
1375 2281 1449 2312 ae·

401 2342 486 2374 nes
517 2327 642 2374 Heu.
663 2327 718 2386 ii,
744 2332 788 2376 1.
810 2331 843 2376 2
892 2327 1001 2375 Una
1019 2343 1050 2376 a
1071 2329 1225 2392 pueris
1248 2330 1450 2390 parvolis

399 2406 558 2439 sumus
575 2391 765 2440 educati
797 2391 893 2441 Ad.
917 2392 987 2447 iii,
1007 2397 1056 2443 4.
1075 2397 1142 2442 48
1197 2391 1302 2454 Ego
1333 2393 1450 2442 isto·

400 2455 533 2513 vobis
567 2471 712 2521 usque
743 2471 772 2504 a
805 2456 962 2520 pueris
993 2456 1148 2506 curavi
1181 2458 1344 2508 ambos
1374 2473 1448 2507 ne-

399 2520 512 2567 dulo
544 2520 642 2568 Ad.
669 2539 716 2583 v,
739 2525 788 2570 9.
809 2528 838 2571 5
894 2522 1047 2571 Adest
1076 2521 1307 2571 Parmeno
1339 2538 1450 2571 cum

401 2584 556 2647 pueris
587 2585 681 2635 He.
703 2585 774 2646 iii,
795 2590 844 2634 3.
864 2589 932 2634 49

463 2649 682 2703 Puerilis‚
727 2649 788 2697 le.
853 2648 984 2705 Quid
1017 2664 1101 2696 voa
1131 2664 1244 2711 ergo
1277 2665 1353 2697 me
1382 2650 1450 2697 sic

402 2712 722 2769 ludificamini,
738 2712 1067 2774 inepti,roatra
1081 2712 1246 2775 puerili
1262 2720 1450 2759 senten-

403 2777 504 2823 tia?
550 2775 642 2826 Ph.
666 2792 713 2833 v,
735 2780 785 2824 7.
805 2780 870 2824 66
923 2774 1164 2831 Quidnam
1197 2776 1304 2823 eat?
1355 2776 1452 2825 Da.

401 2840 590 2890 Puerile
611 2849 686 2888 eat
716 2836 780 2887 A.
803 2838 854 2899 ii,
873 2843 923 2890 6.
951 2844 1012 2890 18

467 2904 694 2954 Pueritin.
757 2903 884 2951 Mihi
915 2918 1084 2963 magna
1113 2919 1220 2951 cum
1257 2918 1316 2951 eo
1347 2902 1452 2967 jam

401 2970 512 3017 inde
535 2983 684 3032 usque
705 2984 734 3015 a
753 2968 954 3045 pueritia
971 2967 1064 3015 suit
1095 2983 1277 3031 semper
1315 2967 1452 3015 fami-

401 3032 574 3081 liaritas
605 3033 727 3083 Hea.
751 3048 786 3089 ι,
807 3036 854 3081 2.
873 3037 906 3081 9

467 3097 718 3161 Puerpera.
802 3096 916 3144 Non
958 3096 1222 3159 imperabat
1275 3112 1452 3154 coram,

399 3162 517 3225 quid
533 3177 654 3225 opus
673 3162 799 3211 facto
816 3167 956 3223 esset,
971 3176 1212 3225 puerperae
1235 3159 1296 3209 A.
1313 3157 1384 3217 iii,
1403 3166 1453 3210 2.

401 3231 467 3276 10
522 3226 678 3284 Quam
700 3227 827 3274 illam
867 3241 1142 3289 puerperam
1179 3240 1306 3273 nunc
1340 3226 1452 3275 duci

399 3292 492 3339 huc
519 3307 600 3354 per
620 3292 742 3339 viam
763 3300 982 3354 agrotam
1015 3288 1108 3341 Ad.
1131 3306 1182 3351 V,
1199 3294 1248 3339 7.
1268 3295 1334 3339 23

465 3353 624 3417 Pugil.
687 3356 740 3403 Si
759 3370 855 3418 qua
875 3360 948 3403 eat
967 3354 1168 3403 habitior
1189 3354 1348 3417 paulo,
1364 3370 1452 3419 pu·

400 3418 540 3481 gilem
559 3435 663 3468 ease
685 3419 819 3467 aiunt
863 3411 952 3469 Eu.
972 3418 1028 3476 ii,
1049 3423 1100 3467 8.
1121 3422 1184 3468 23
1232 3418 1454 3483 Pugilum

401 3484 567 3547 gloria,
609 3482 870 3531 funambuli
915 3484 1082 3531 codem
1133 3484 1332 3530 accessit
1371 3499 1453 3531 ex-

402 3549 608 3610 pectatio
641 3548 736 3597 He.
761 3548 860 3597 Ait.
886 3546 1014 3597 Prol.
1035 3552 1098 3597 25

469 3612 652 3675 Pugna.
716 3612 868 3661 Dabit
897 3612 974 3660 hic
1011 3612 1214 3674 aliquam
1249 3626 1453 3673 pugnam

403 3676 562 3722 denuo
613 3676 702 3725 Eua
723 3693 772 3735 v,
795 3682 844 3727 2.
863 3682 929 3727 60
962 3675 1133 3739 Neque
1150 3690 1332 3738 pugnas
1349 3691 1454 3722 nar-

402 3746 490 3794 rat,
511 3755 664 3801 neque
683 3741 923 3789 cicatrices
958 3756 1064 3789 suaa
1101 3747 1308 3789 ostentat
1357 3738 1452 3790 Eu.

399 3803 474 3860 iii,
493 3808 540 3852 2.
563 3808 628 3853 29

468 3868 655 3929 Pugno.
722 3866 955 3924 Clamant,
1000 3876 1213 3933 pugnant
1249 3869 1310 3917 de
1344 3868 1451 3916 loco

402 3932 496 3981 He.
518 3931 616 3980 Ait.
642 3931 767 3981 Prot.
791 3936 853 3979 23
910 3930 1052 3979 istam
1089 3933 1323 3997 psaltriam
1358 3948 1452 3980 una

400 3997 514 4045 illuc
537 4010 718 4057 meeum
737 3996 847 4043 hinc
875 3992 1150 4044 ab'straham.
1205 3996 1300 4047 Mi.
1323 3995 1451 4059 Pug-

401 4062 583 4109 naveris
613 4061 712 4109 Ad.
736 4076 781 4116 v,
801 4064 847 4109 8.
868 4065 932 4109 57
966 4061 1114 4119 Quid,
1133 4061 1340 4125 ignave?
1366 4077 1450 4124 pe-

401 4125 612 4174 niculon'
639 4140 843 4189 pugnare
865 4125 1082 4187 cogitas?
1118 4124 1207 4173 Eu.
1230 4127 1294 4182 iv,
1311 4129 1361 4175 7.
1383 4130 1412 4175 7

469 4191 678 4254 Pugnus.
751 4188 830 4238 Ne
873 4205 1000 4237 mora
1039 4190 1118 4246 ait,
1155 4189 1194 4237 si
1237 4190 1450 4249 innuero,

401 4254 518 4315 quin
551 4270 736 4319 pugnus
771 4255 996 4303 continuo
1029 4255 1082 4301 in
1122 4254 1242 4301 mala
1277 4255 1449 4303 hoereat

402 4316 510 4381 Ad.
526 4320 576 4378 ii,
599 4326 645 4369 1.
671 4325 730 4369 17
787 4319 894 4369 Nisi
931 4319 1154 4384 sequitur,
1177 4336 1359 4382 pugnos
1395 4320 1447 4369 in

2332 431 2581 496 cclxxv

1525 599 1735 642 matrem
1770 594 1933 658 ingere
1984 591 2073 643 Ph.
2094 607 2141 650 r,
2164 597 2213 643 7.
2236 597 2299 644 95
2347 594 2579 661 Ctesipho

1525 673 1601 708 ¹⁰⁶
1616 655 2285 772 Ξέἓὲἱέαῗῗῖῗῖῗέἰῗῧω
2323 660 2579 723 ''¹⁸¹²‘'m'

1527 737 1810 843 uui’ulcher,
1831 803 1878 846 a,
1896 801 1995 836 um.
2062 755 2208 849 {Virgo
2232 783 2451 847 pulchra!
2488 789 2581 840 Pu.

1525 849 1562 910 i,
1584 855 1634 899 2.
1654 855 1719 902 64
1767 850 1813 899 Ο
1834 851 2001 902 faciem
2024 849 2293 913 pulchram!
2343 850 2437 900 Eu.
2456 852 2510 911 ii,
2528 859 2585 904 2.

1525 919 1556 964 5
1591 914 1685 963 Hic
1707 915 2065 979 pulcherrimum
2086 915 2271 964 facinus
2288 915 2448 964 audivi
2488 917 2583 967 Ph.

1527 995 1572 1036 v,
1591 983 1641 1028 6.
1663 984 1729 1029 22

1593 1043 1812 1092 Pulchre.
1878 1041 2015 1090 Dixti
2034 1042 2226 1106 pulchre
2259 1041 2350 1090 Eu.
2374 1041 2427 1102 ii,
2448 1047 2495 1092 8.
2510 1048 2579 1098 ,84

1526 1107 1617 1154 Ph.
1638 1107 1691 1166 ii,
1714 1111 1763 1157 1.
1785 1111 1851 1158 72
1905 1107 2107 1156 Pulchre
2129 1107 2363 1155 mehercle
2382 1107 2581 1164 dictum,

1525 1178 1577 1219 et
1596 1172 1831 1236 sapienter
1881 1169 1977 1220 Eu.
1998 1171 2069 1228 iii,
2093 1176 2138 1221 1.
2159 1176 2225 1221 26
2274 1171 2405 1220 Dum
2442 1187 2585 1222 acon-

1525 1235 1714 1298 bnbam,
1738 1251 1875 1299 quam
1899 1236 2092 1284 videbar
2112 1234 2227 1284 mihi
2248 1251 2353 1284 esse
2392 1236 2587 1298 pulchre

1525 1300 1737 1348 sobrius!
1774 1301 1867 1348 Eu.
1889 1301 1953 1356 iv,
1976 1306 2024 1349 ⁶.
2048 1305 2079 1350 2
2125 1300 2335 1348 Primum
2356 1301 2583 1350 mdcccx-

1525 1365 1764 1427 pugnabo.
1820 1363 1917 1413 Gn.
1960 1363 2129 1414 Recte.
2176 1364 2289 1412 Thr.
2338 1364 2582 1428 Virginem

1525 1429 1738 1491 eripiam.
1772 1428 1871 1476 Gn.
1895 1429 2063 1478 Probe.
2113 1428 2224 1477 Thr.
2246 1429 2383 1478 Male
2405 1429 2583 1478 mulca-

1529 1493 1587 1540 bo
1602 1493 1771 1556 ipsam.
1806 1492 1904 1540 Gn.
1922 1493 2123 1542 Pulchre
2155 1493 2247 1543 Eu.
2262 1493 2327 1550 iv,
2342 1497 2390 1543 7.
2408 1496 2439 1542 8
2486 1492 2587 1542 Aa·

1526 1557 1863 1612 aimulabimua,
1887 1564 2015 1605 tuam
2035 1557 2251 1614 amicam,
2288 1556 2429 1619 hujus
2464 1573 2586 1610 ease.

1524 1620 1640 1670 Clit.
1662 1621 1861 1670 Pulchre
1898 1621 2021 1672 Hea.
2044 1622 2095 1679 ii,
2116 1627 2167 1672 3.
2182 1628 2247 1672 92
2283 1621 2351 1670 Ut
2372 1631 2423 1670 tu
2444 1622 2585 1680 scita,

1525 1701 1667 1748 quam
1690 1702 1749 1735 ea
1768 1702 1895 1734 nunc
1916 1687 2141 1734 instructa
2164 1687 2357 1748 pulchre
2376 1688 2437 1734 ad
2476 1702 2583 1750 per-

1527 1748 1698 1798 niciem
1734 1750 1827 1798 siet
1876 1749 1997 1800 Hea.
2022 1750 2089 1813 iii,
2111 1755 2158 1800 1.
2179 1755 2241 1800 41
2293 1751 2585 1800 Salsamenta

1525 1814 1647 1876 hier,
1668 1815 1947 1877 stephanio,
1960 1814 2037 1863 fac
2056 1822 2345 1865 macerentur
2360 1815 2579 1879 pulchre!

1525 1877 1622 1926 Ad.
1646 1877 1715 1936 iii,
1738 1884 1787 1928 8.
1808 1884 1870 1929 27
1906 1878 2009 1942 Ego
2030 1878 2155 1926 illius
2178 1895 2363 1928 aeneum
2386 1879 2582 1942 pulchre

1525 1943 1675 1991 calleo
1725 1941 1820 1992 Ad.
1842 1944 1907 2000 iv,
1932 1948 1977 1992 1.
2023 1947 2081 1992 17
2132 1945 2271 2008 Syre,
2350 1943 2587 1994 rocesaisti

1525 2008 1669 2056 hodie
1690 2007 1883 2070 pulchre
1914 2006 2012 2055 Ad.
2035 2025 2082 2070 v,
2101 2012 2149 2057 9.
2172 2013 2239 2057 22
2324 2016 2583 2056 oeneratum

1524 2070 1651 2120 ictuc
1674 2072 1953 2120 beneficium
1975 2072 2057 2119 tibi
2116 2071 2273 2120 ulehre
2310 2073 2441 2122 dices
2490 2072 2583 2122 Ph.

1525 2135 1599 2190 iii.
1636 2139 1685 2184 2.
1722 2140 1754 2184 8
1808 2136 1929 2184 Sane
1974 2137 2081 2184 herc
2100 2152 2128 2183 e
2174 2137 2369 2198 pulchre
2412 2136 2585 2188 suades

1526 2200 1620 2248 Ph.
1644 2198 1713 2254 iii,
1732 2203 1779 2248 3.
1794 2205 1828 2249 9
1859 2200 2011 2247 Immo
2034 2215 2143 2248 vero
2162 2200 2353 2262 pulchre
2371 2199 2585 2256 discedo,

1523 2271 1576 2312 et
1646 2264 1774 2320 robe,
1794 2272 1845 2312 et
1880 2273 2047 2326 praetcr
2080 2280 2213 2326 apem
2264 2263 2357 2312 Ph.
2380 2281 2425 2321 ν,
2446 2268 2497 2314 8.
2516 2271 2584 2314 58

1590 2281 1913 2376 ssulchritudo.
1978 2328 2111 2376 Nihil
2129 2329 2291 2376 aderat
2319 2327 2585 2391 adjumenti

1491 2441 1493 2448 ,
1523 2393 1584 2444 nd
1608 2393 2003 2454 pulchritudinem
2037 2393 2126 2441 Ph.
2148 2392 2181 2449 i,
2204 2397 2254 2442 2.
2274 2399 2337 2442 ⁶⁵

1588 2455 1971 2521 Pulpamentum.
2036 2455 2195 2519 Lepus
2218 2463 2317 2507 tute
2332 2472 2402 2519 es,
2412 2465 2463 2507 et
2477 2458 2585 2521 pul·

1524 2532 1800 2584 peruentum
1820 2522 2022 2585 quaeris?
2056 2521 2149 2570 Eu.
2172 2522 2247 2579 iii,
2269 2527 2315 2572 l.
2336 2527 2403 2572 36

1588 2586 1750 2636 Pulto.
1784 2586 1879 2633 Ubi
1904 2594 2092 2633 rentum
2115 2587 2176 2633 ad
2198 2587 2326 2634 mdes
2341 2593 2432 2643 eat,
2454 2586 2580 2637 Dro-

1523 2663 1603 2694 mo
1624 2649 1779 2710 pultat
1800 2649 1921 2697 sores
1966 2648 2090 2696 Hea-
2110 2648 2166 2705 ii,
2184 2654 2231 2699 3.
2248 2653 2312 2698 24
2360 2650 2453 2699 Sed
2474 2652 2585 2714 quit

1525 2711 1695 2759 ostium
1719 2713 1811 2759 hoc
1834 2712 2068 2775 pultavit?
2102 2712 2197 2764 Ad.
2220 2714 2283 2769 iv,
2302 2719 2351 2761 6.
2369 2718 2399 2763 8
2436 2714 2583 2763 cesso

1526 2774 1708 2838 pultare
1732 2776 1901 2823 ostium
1924 2775 2067 2824 vicini
2098 2776 2220 2825 Hea.
2238 2776 2309 2835 iii,
2328 2783 2375 2827 l.
2396 2782 2421 2827 1
2458 2779 2583 2827 Hor-

1525 2854 1657 2889 resco
1678 2855 1879 2915 temper.
1900 2840 1983 2887 ubi
2003 2838 2186 2903 pultare
2223 2841 2363 2890 hasce
2400 2842 2583 2908 (fores)

1526 2904 1713 2966 occipio
1734 2920 1873 2952 miser
1904 2903 2000 2953 Ad.
2020 2905 2089 2964 iv,
2108 2908 2159 2953 4.
2180 2909 2245 2955 24

1590 2968 1846 3017 Punctum.
1926 2968 2171 3032 Temporis
2205 2968 2323 3019 mihi
2354 2978 2583 3033 puuctum

1527 3032 1586 3081 ad
1612 3034 1733 3081 hanc
1756 3048 1851 3081 rem
1868 3039 1941 3081 est
1972 3033 2064 3081 Ph.
2086 3033 2125 3095 i,
2145 3038 2195 3083 4.
2216 3039 2247 3085 7
2284 3030 2297 3051 ’

1593 3096 1831 3160 Purgatio.
1898 3096 2074 3145 Nescio
2094 3097 2211 3159 quid
2244 3098 2435 3161 peccati
2471 3114 2583 3162 por-

1527 3166 1597 3207 tet
1618 3149 1721 3210 flaec
1739 3162 1956 3225 purgatio
1988 3161 2110 3209 Hea.
2135 3162 2199 3220 iv,
2223 3167 2268 3211 1.
2293 3167 2355 3212 12

1593 3225 1769 3289 Purgo.
1854 3224 2064 3288 Purgon'
2106 3242 2196 3290 ego
2240 3242 2316 3275 me
2357 3227 2421 3274 de
2460 3224 2579 3275 istac

1524 3288 1733 3337 Thaidi?
1788 3290 1881 3337 Eu.
1903 3290 1971 3345 iii,
1996 3294 2042 3339 1.
2062 3294 2127 3340 44
2181 3290 2415 3353 Ignosce:
2450 3299 2583 3351 orat3

1527 3354 1807 3412 confltetu13
1842 3361 2037 3417 purgat:
2073 3354 2190 3418 quid
2231 3355 2299 3403 vis
2340 3354 2579 3417 amplius?

1528 3418 1619 3469 Ph.
1642 3435 1687 3473 v,
1710 3424 1758 3469 8.
1779 3423 1846 3468 46
1892 3418 2052 3468 Pisces
2070 3427 2249 3467 ceteros
2269 3435 2432 3484 purga,
2454 3418 2581 3469 Dro-

1527 3498 1607 3530 mo
1659 3482 1758 3532 Ad.
1781 3483 1853 3540 iii,
1872 3487 1921 3533 3.
1940 3488 2005 3533 22
2058 3483 2137 3531 Ad
2156 3484 2259 3531 illas
2278 3484 2377 3545 ibo,
2394 3492 2449 3532 ut
2469 3499 2581 3547 pur·

1528 3563 1635 3609 gem
1674 3564 1747 3597 me
1795 3547 1893 3596 Ad.
1914 3548 1981 3606 ἰν,
2001 3552 2051 3597 4.
2073 3551 2138 3597 22
2185 3548 2467 3611 loquarne?
2500 3547 2579 3596 iu-

1527 3613 1767 3661 cendam:
1816 3611 2035 3661 taceam?
2078 3610 2297 3675 instigem
2325 3629 2337 3659 ε
2422 3627 2582 3675 urgent

1528 3678 1633 3724 me?
1668 3677 1857 3725 laterem
1877 3676 2027 3724 larem
2061 3676 2151 3726 Ph.
2174 3677 2213 3732 i.
2232 3680 2281 3725 4.
2302 3681 2335 3726 9
2408 3693 2436 3722 u
2450 3676 2579 3739 quod

1529 3746 1576 3787 te
1612 3740 1841 3803 posterius
1878 3756 2063 3804 purger,
2098 3740 2238 3803 hujus
2274 3756 2371 3788 non
2410 3740 2579 3787 faciam

1525 3804 1625 3853 Ad.
1647 3806 1705 3865 ii,
1726 3810 1774 3854 1.
1796 3810 1829 3853 8
1882 3805 2183 3868 Quapropter
2204 3812 2251 3851 te
2281 3804 2433 3867 ipsum
2470 3819 2580 3868 pur·

1524 3868 2579 3997 §⁸3ss‘’ffitffigisssszff“tssfssussssjz’

1526 3998 1657 4045 vobis
1676 3998 1972 4060 corrigemus,
1996 4005 2045 4045 te
2058 3996 2223 4060 judice
2252 3998 2355 4060 ipso
2410 3996 2503 4045 He.
2523 3967 2579 4059 ii:

1523 4066 1572 4110 2.
1614 4066 1677 4111 12
1743 4061 1776 4111 J
1780 4061 2046 4125 urijurando
2092 4077 2197 4109 meo
2229 4078 2279 4109 se
2315 4062 2453 4108 fidem
2490 4062 2576 4109 ha·-

1524 4126 1697 4238 ῗίυἰεεε,
1735 4136 1785 4175 et
1828 4134 2070 4191 propterea
2112 4134 2159 4175 te
2203 4126 2293 4174 sibi
2330 4135 2575 4190 purgatum

1573 4208 1617 4238 e.
1640 4208 1684 4247 v,
1709 4196 1755 4239 4.
1778 4195 1833 4240 31

1586 4256 1755 4311 Purus,
1778 4272 1824 4316 a,
1848 4271 1943 4305 um.
2008 4254 2067 4303 In
2092 4256 2179 4303 hai:
2200 4262 2273 4303 est
2291 4270 2407 4318 pura
2428 4253 2575 4302 oratio

1525 4320 1649 4369 Hea.
1670 4320 1795 4369 Ptol.
1815 4324 1879 4369 46
1971 4334 1978 4337 ·
