3192 4975
551 430 791 494 ccxxii

556 601 639 658 get
681 593 781 644 Ad.
801 592 857 650 ii,
881 597 926 642 1.
964 597 995 642 8
1045 589 1302 657 Nunquam
1337 609 1434 642 rem
1465 593 1612 644 facies

553 659 900 773 ffl⁰÷÷¹²2⁸q1⁰5
901 673 951 770 ¹¹3
960 657 1610 788 2⁸⁶1i‘1..21⁸32‘.3⁸12.'”¹.;.}¹.¹1³1¹¹

551 787 644 836 fiee
663 787 914 852 quicquam
935 786 1108 842 dicam,
1142 787 1259 850 quin
1311 785 1410 836 Ad.
1429 787 1482 845 ii,
1506 793 1554 837 8.
1577 794 1611 840 4

550 851 660 900 Jam
681 866 808 901 nune
829 853 983 908 times,
997 851 1130 915 quasi
1147 867 1244 899 nun
1281 867 1384 900 uam
1403 853 1610 912 affueris,

551 929 792 980 nunquam
821 923 921 963 tute
954 915 1226 980 pepereris?
1309 931 1514 980 unquam
1551 933 1610 965 u-

551 995 665 1029 num
701 979 966 1029 intermittit
995 981 1140 1041 diem,
1159 980 1274 1044 quin
1307 997 1490 1044 semper
1527 998 1608 1030 ve·

549 1045 652 1095 niat
697 1044 796 1094 Ad.
818 1045 886 1107 iii,
907 1049 954 1093 1.
976 1048 1024 1092 8.
1046 1049 1080 1093 6
1129 1045 1227 1102 Qui
1247 1045 1352 1093 sine
1371 1047 1460 1094 hae
1474 1044 1607 1108 jura-

549 1109 634 1158 bat
669 1125 722 1158 se
761 1124 906 1157 unum
941 1124 1181 1174 nunquam
1214 1110 1442 1157 victurum
1479 1111 1609 1160 diem

547 1173 648 1222 Ad.
665 1174 736 1232 iii,
756 1179 806 1223 2.
829 1179 893 1224 84
942 1173 1198 1237 Nunquam
1219 1174 1350 1223 dicet
1385 1175 1605 1224 oamufex

548 1236 646 1287 Ad.
667 1239 739 1301 iii,
759 1243 808 1288 8.
831 1243 864 1288 0
912 1237 1108 1288 Nihilne
1141 1239 1192 1286 in
1227 1241 1470 1288 mentem?
1525 1241 1607 1289 et.

548 1301 806 1368 Nunquam
824 1303 1074 1367 quicquam
1105 1301 1206 1351 Ad.
1223 1301 1286 1359 iv,
1306 1308 1352 1352 1.
1369 1309 1433 1353 12
1465 1303 1605 1351 Nun-

545 1381 689 1480 ἓῖἷω
711 1367 1282 1480 ’ἑᾜᾝῖᾰῖῗῧὲἳὲζὲῗ
1307 1369 1607 1481 333322‘51?

640 1467 655 1482 .
831 1467 845 1490 ,
1065 1467 1077 1479 .
1585 1461 1606 1473 .

545 1510 690 1561 quam
709 1498 975 1544 monstrabo
1008 1496 1105 1545 Ad.
1122 1497 1187 1554 iv,
1206 1501 1255 1546 2.
1272 1501 1351 1547 12.
1368 1502 1428 1547 81
1464 1497 1512 1545 N
1519 1513 1607 1545 un·

547 1576 688 1624 quam
713 1568 762 1610 te
783 1560 933 1618 aliter,
958 1567 1100 1624 atque
1121 1576 1191 1618 es,
1212 1561 1262 1608 in
1285 1561 1493 1609 animum
1529 1563 1605 1609 in-

545 1625 663 1673 duxi
683 1641 840 1674 meum
869 1625 971 1675 Ad.
993 1625 1062 1682 iv,
1081 1630 1129 1674 8.
1152 1630 1186 1674 6
1232 1625 1339 1675 Hoc
1361 1641 1604 1690 nunquam

545 1689 662 1736 mihi
695 1689 798 1754 ipse
836 1691 987 1738 voluit
1022 1691 1212 1738 credere
1256 1690 1353 1738 Ad.
1390 1690 1456 1752 ἰν,
1490 1697 1538 1740 6.
1571 1696 1607 1740 θ

545 1753 804 1818 Nunquam
833 1755 903 1803 ita
933 1755 1180 1819 quisquam
1219 1754 1342 1802 bene
1373 1756 1607 1804 subducta

547 1817 731 1867 ratione
753 1821 815 1867 ad
839 1819 982 1866 vitam
1004 1819 1111 1874 fuit.
1133 1817 1251 1882 quin
1298 1818 1396 1868 Ad.
1417 1836 1464 1876 v,
1489 1824 1538 1868 4.
1576 1825 1599 1870 1

545 1881 704 1938 Quam
725 1883 842 1932 mihi
863 1899 946 1946 per
959 1883 1194 1931 silentium
1212 1899 1450 1949 nunquam
1467 1899 1605 1947 agere

545 1946 726 1994 licitum
748 1956 821 1996 est
851 1947 947 1998 He.
969 1947 1072 1996 Alt.
1097 1947 1226 1996 Prol.
1247 1952 1312 1997 22
1345 1947 1605 2012 Nunquam

541 2010 628 2059 illa
649 2012 756 2060 viva
773 2015 1021 2061 ducturum
1045 2027 1232 2059 uxorem
1267 2013 1463 2060 domum
1509 2013 1604 2062 He.

543 2075 580 2131 i,
605 2081 650 2124 1.
675 2082 706 2126 6
749 2077 894 2135 Quod
915 2093 1006 2141 ego
1028 2090 1267 2140 nunquam
1288 2077 1470 2125 credidi
1503 2077 1605 2126 fore

541 2139 801 2205 Nunquam
821 2141 954 2190 dices
971 2150 1068 2189 tam
1100 2142 1364 2197 commode,
1389 2147 1457 2189 ut.
1501 2141 1605 2190 Ne-

541 2219 640 2268 que
659 2204 766 2254 lites
786 2206 1041 2257 ullae.inter
1067 2221 1165 2262 eas,
1188 2206 1444 2269 postulatio
1478 2221 1601 2253 nun-

541 2283 686 2332 quam
734 2269 829 2318 He.
859 2270 897 2329 i,
914 2275 965 2319 2.
987 2274 1069 2320 28.
1091 2274 1174 2318 88.
1201 2273 1298 2318 106
1345 2269 1603 2334 Nunquam

541 2347 680 2382 secus
693 2333 838 2381 habui
851 2333 998 2390 illam,
1023 2349 1080 2381 ac
1099 2333 1139 2380 si
1187 2333 1264 2381 He
1285 2332 1338 2390 ii,
1359 2338 1407 2382 8.
1431 2340 1461 2383 6
1510 2335 1602 2382 Ta-

541 2412 653 2444 men
673 2412 912 2460 nunquam
933 2411 1074 2444 ausus
1095 2412 1196 2443 sum
1229 2411 1441 2445 recusare
1478 2414 1602 2447 eam.

540 2459 634 2508 Tot
654 2475 782 2508 meas
801 2459 1026 2524 injurias!
1097 2473 1171 2507 uae
1191 2475 1432 2524 nunquam
1451 2461 1504 2509 in
1527 2463 1602 2509 ul·

541 2524 592 2573 lo
630 2525 855 2589 patefecit
893 2524 998 2573 loeo
1097 2540 1142 2573 e.
1173 2523 1246 2586 iii,
1271 2529 1416 2574 1.-16.
1439 2531 1504 2576 28
1553 2528 1603 2575 O

541 2589 749 2649 fortuna,
768 2596 825 2638 ut
841 2604 1086 2653 nunquam
1105 2594 1334 2653 perpetuo
1355 2606 1408 2637 es
1443 2591 1597 2640 bona!

537 2652 638 2702 He.
657 2654 729 2717 iii,
749 2659 800 2703 8.
819 2660 888 2705 46
919 2654 1018 2711 Qui
1041 2667 1280 2718 nunquam
1302 2669 1354 2702 es
1369 2653 1603 2717 ingressus

540 2733 668 2767 mare
716 2718 812 2768 He.
833 2719 905 2781 iii,
923 2722 976 2767 4.
1013 2725 1044 2769 6
1095 2717 1186 2766 Ille
1225 2719 1470 2767 reviviscet
1505 2720 1602 2783 jam

537 2798 798 2848 nunquam.
821 2785 943 2842 Quae
958 2798 1203 2895 ιιιιῃςέιω
1226 2784 1476 2848 quicquam
1493 2802 1611 2849 erga,

539 2863 620 2896 me
653 2848 924 2897 commerita
959 2854 1033 2897 est
1135 2863 1179 2895 e.
1217 2847 1289 2906 iii,
1328 2854 1377 2897 6.
1419 2853 1498 2897 16.
1536 2854 1604 2899 86

538 2910 799 2979 Nunquam
821 2914 1027 2962 animum
1049 2912 1218 2977 quaesti
1249 2913 1398 2976 gratia
1419 2914 1482 2961 ad
1503 2929 1601 2962 ma-

541 2976 612 3024 las
631 2980 864 3027 adducam
885 2984 1042 3041 partes
1089 2977 1185 3024 He.
1208 2993 1256 3034 v,
1278 2981 1327 3025 8.
1349 2982 1414 3027 88
1463 2977 1604 3025 Nun·

537 3054 682 3104 quam
701 3050 813 3091 ante
833 3044 960 3090 hunc
981 3042 1107 3090 diem
1133 3041 1254 3089 meis
1289 3041 1439 3091 oeulis
1477 3058 1599 3101 eam,

539 3107 672 3167 quod
715 3122 918 3165 nossem,
964 3107 1170 3154 videram
1222 3105 1320 3157 He.
1363 3122 1409 3163 v,
1447 3113 1498 3158 4.
1533 3113 1599 3157 28

538 3168 798 3235 Nunquam
815 3188 967 3235 eque,
985 3171 1162 3233 inquit,
1183 3184 1240 3218 ac
1267 3172 1412 3219 modo
1458 3170 1599 3219 Nun·-

537 3248 680 3298 quam
703 3236 880 3285 faceret
910 3235 1002 3283 Ph.
1025 3235 1061 3293 i,
1079 3239 1128 3284 2.
1143 3238 1228 3282 48.
1244 3238 1307 3283 71
1342 3234 1602 3301 Nunquam

538 3306 635 3346 tam
656 3314 819 3363 graves
839 3300 904 3346 ob
923 3300 1048 3347 hauc
1069 3297 1338 3346 inimicitias
1365 3315 1600 3363 caperem.

539 3354 864 3411 Contumelias
905 3378 1144 3426 nunquam
1201 3364 1404 3411 cessavit
1440 3365 1597 3413 dicere

536 3426 684 3474 hodie
716 3427 808 3477 Ph.
828 3426 882 3484 ii,
899 3432 948 3476 8.
961 3432 1046 3477 22.
1065 3432 1130 3477 80
1162 3427 1272 3475 Hoc
1287 3435 1458 3477 temere
1473 3445 1596 3477 nun·

535 3491 1074 3623 ffiffxssmix
1089 3493 1599 3608 ssz‘3:³¹:1.}2¹;;⁵*f›fi·

535 3636 584 3679 v,
605 3625 656 3669 6.
676 3624 709 3669 9

601 3684 938 3749 Nunquamne.
1017 3684 1170 3734 Perii!
1205 3700 1506 3750 nunquamne
1544 3704 1595 3737 e·-

533 3748 648 3797 tiam
687 3766 764 3799 me
795 3750 928 3797 illam
962 3750 1168 3799 vidisse?
1225 3750 1318 3799 Eu.
1355 3751 1408 3811 ii,
1445 3757 1494 3801 8.
1529 3756 1595 3802 68

534 3813 854 3893 Nunquamne
877 3815 1020 3863 hodie
1039 3815 1276 3865 concedes
1290 3816 1424 3874 mihi,
1438 3832 1595 3881 neque

532 3878 805 3944 intelliges?
839 3878 932 3928 Ph.
957 3896 1004 3938 v,
1025 3884 1074 3929 8.
1095 3884 1162 3929 22

599 3943 803 3992 Nuntio.
871 3943 1180 4009 Voluptatem
1217 3958 1435 4007 magnam
1471 3958 1593 3991 nun-

535 4006 627 4057 tias
677 4009 802 4058 Hea.
824 4007 860 4064 i,
882 4011 934 4059 2.
955 4014 1020 4058 10
1068 4008 1223 4066 Bene,
1258 4008 1328 4055 ita
1357 4022 1434 4055 me
1453 4007 1522 4055 Di
1543 4023 1592 4056 a·

534 4075 692 4121 ment!
727 4072 948 4121 nuntias:
983 4080 1034 4121 et
1053 4075 1238 4137 gaudeo
1267 4071 1365 4122 He.
1377 4072 1443 4135 iv,
1461 4077 1512 4121 4.
1527 4077 1594 4121 20

535 4134 634 4190 Qui
659 4138 762 4186 lime
781 4137 980 4186 libenter
999 4138 1220 4185 nuntiant
1253 4136 1346 4185 He.
1367 4135 1437 4191 iii,
1459 4143 1508 4187 6.
1529 4142 1593 4186 19

535 4197 726 4256 Clinia,
749 4216 856 4265 quae
877 4201 992 4263 dixi,
1012 4200 1288 4249 nuntiastin’
1315 4201 1332 4248 ?
1383 4198 1482 4248 Ubi
1509 4202 1592 4249 de-

537 4278 760 4325 sponsam
777 4266 1004 4313 nuntiasti
1025 4267 1124 4314 filio
1157 4266 1278 4316 Hea.
1300 4283 1347 4323 v,
1364 4270 1412 4315 1.
1431 4270 1511 4315 11.
1532 4270 1592 4315 18

536 4326 632 4377 111⁸
649 4326 689 4377 si
701 4326 1009 4396 jamJaverit,
1027 4330 1149 4385 nihi
1165 4330 1334 4382 nuntia
1377 4329 1506 4382 Heu.
1527 4329 1592 4389 iv,

1525 439 1773 493 lnnssx

1686 599 1735 644 1.
1754 601 1783 645 6
1819 593 1934 652 Abi,
1962 595 2209 659 l’armeno,
2230 595 2351 644 intro
2374 613 2389 656 ;
2421 611 2477 645 ae
2498 609 2574 644 ma
2588 596 2743 644 venis-

1684 675 1754 718 se,
1776 660 1945 708 nuntia
1990 660 2084 712 He.
2106 661 2177 717 iii,
2201 665 2246 709 1.
2268 665 2332 710 84
2380 661 2423 708 Τ
2424 677 2474 719 ιι,
2494 661 2637 717 Geta,
2667 663 2743 708 abi

1718 739 1799 781 τω,
1823 725 1988 772 nuntia
2008 726 2129 772 hanc
2152 733 2391 773 venturam
2424 725 2514 776 Ph.
2538 742 2584 782 v,
2607 729 2656 774 2.
2682 731 2743 776 12

1736 797 1755 837 t
1774 789 2028 853 diligenter
2046 791 2233 838 nunties
2255 791 2375 853 patri
2415 789 2506 836 En.
2523 789 2581 844 ii,
2604 794 2654 838 8.
2676 795 2741 840 47

1682 853 1868 915 Timeo,
1908 869 1971 902 ne
2013 854 2143 900 aliud
2180 856 2384 912 credam,
2426 861 2567 916 atque
2608 854 2741 902 aliud

1680 919 1870 966 nunties
1904 919 1996 967 He.
2015 935 2063 975 ν,
2084 922 2133 966 4.
2155 923 2187 967 4
2218 919 2400 978 Timeo,
2422 917 2575 974 miser,
2596 932 2740 980 quam

1682 981 1760 1032 hic
1782 997 1909 1030 nunc
1928 981 2046 1030 mihi
2067 983 2254 1029 nuntiet
2288 997 2385 1030 rem
2434 983 2523 1030 Ph.
2543 983 2577 1037 i,
2600 987 2649 1030 8.
2670 987 2739 1032 20

1682 1045 1847 1110 anue
1870 1049 1959 1096 boe
1982 1054 2029 1094 te
2050 1047 2163 1094 mibi
2186 1048 2399 1095 nuntiare
2409 1045 2548 1108 jussit
2580 1045 2672 1092 He.
2688 1063 2739 1103 v,

1681 1116 1731 1161 4.
1754 1117 1783 1162 7
1830 1110 1941 1159 Una
1962 1111 2142 1158 illarum
2165 1111 2483 1174 praecucurrit,
2502 1111 2739 1167 nuntians,

1682 1189 1756 1223 me
1782 1177 1963 1224 venisse
1994 1176 2089 1223 He.
2113 1174 2183 1230 iii,
2206 1181 2254 1225 8.
2279 1180 2340 1224 11
2390 1175 2472 1222 Ad
2494 1191 2577 1221 vos
2599 1174 2737 1222 venio

1678 1241 1966 1299 nuntiatum,
1988 1247 2199 1304 paratum
2219 1243 2312 1288 ‘me
2352 1255 2454 1288 esse
2510 1240 2600 1288 Ph.
2622 1255 2669 1297 v,
2690 1243 2740 1289 7.

1746 1367 1974 1416 Nuntius.
2028 1367 2263 1416 Nuntium
2285 1373 2483 1430 apporto
2504 1367 2593 1414 tibi
2612 1367 2739 1417 Hea.

1678 1430 1748 1487 iii,
1774 1437 1820 1481 1.
1844 1437 1906 1482 18
1960 1433 2097 1480 Illam
2130 1432 2277 1480 simul·
2304 1448 2412 1480 cum
2448 1432 2617 1479 nuntio
2652 1433 2742 1480 tibi

1680 1496 1759 1544 hic
1797 1497 2044 1545 affuturam
2087 1498 2228 1544 hodie
2272 1497 2371 1544 scio
2425 1495 2549 1543 Hea.
2572 1496 2611 1551 i,
2630 1501 2681 1544 2.
2704 1502 2738 1546 2

1680 1560 1833 1624 Egon'
1857 1569 1904 1609 te
1926 1577 2009 1625 pro
2048 1563 2139 1609 hoe
2172 1561 2337 1608 nuntio
2372 1561 2486 1624 quid
2526 1561 2738 1608 donem?

1678 1626 1795 1689 quid
1816 1627 1835 1672 ?
1859 1627 2034 1677 neseio.
2068 1625 2241 1690 Neque
2255 1625 2303 1672 in
2322 1624 2509 1680 nuntio,
2523 1623 2610 1671 tibi
2624 1625 2736 1672 boni

1678 1690 1793 1754 quid
1830 1691 1907 1747 sit,
1942 1691 2041 1738 scio
2095 1689 2189 1738 He.
2211 1707 2258 1746 v,
2279 1694 2328 1738 4.
2352 1693 2401 1738 9.
2424 1693 2484 1738 11
2542 1687 2738 1748 Nescio,

1676 1756 1805 1818 quod
1830 1770 2048 1819 magnum
2071 1755 2162 1802 boc
2196 1753 2365 1802 nuntio
2402 1760 2603 1817 expecto
2640 1769 2739 1802 ma-

1680 1817 1777 1866 lum
1811 1819 1901 1867 Pb.
1924 1820 1959 1876 i,
1980 1825 2030 1868 Δ.
2057 1823 2119 1868 16
2361 1880 2374 1893 ·

1677 1882 2334 2012 ..ᾖῗρέἑὲμέἀέῗᾎῖἓῗέ
2340 1881 2566 1994 ’Ἑῖἰὲἒῗ
2558 1897 2673 1994 12:2¹:
2676 1897 2737 1993 {¹1⁴3

1678 2011 1742 2058 lie
1762 2021 1942 2059 mortua
1972 2021 2044 2058 est
2081 2026 2233 2073 nuper
2280 2010 2372 2058 Eu.
2394 2010 2431 2066 i,
2454 2015 2503 2060 2.
2526 2015 2585 2059 61
2638 2011 2736 2068 Qui

1676 2091 1827 2139 nuper
1847 2076 1963 2124 fecit
1983 2091 2113 2123 servo
2136 2075 2342 2123 currenti
2362 2074 2411 2121 in
2434 2075 2524 2150 via·
2544 2076 2737 2124 decesse

1676 2139 2737 2266 {gg-eilussfitlilaezhgrghsslesglffezutfirluof

1676 2267 1846 2316 Inveni
1884 2285 2034 2332 nuper
2068 2269 2305 2331 quandam
2354 2267 2477 2315 Hea.
2504 2268 2577 2325 iii,
2598 2273 2647 2318 8.
2668 2273 2733 2317 86

1676 2331 1936 2444 PostrRmo,
1960 2349 2112 2396 nuper
2130 2333 2251 2379 dixit
2272 2331 2393 2380 velle
2414 2347 2603 2380 uxorem
2640 2334 2732 2380 du-

1676 2411 1782 2444 cere
1865 2398 1914 2446 d.
1938 2397 1971 2454 i,
1993 2403 2042 2447 2.
2064 2402 2131 2447 70

1740 2459 1791 2507 N
1796 2462 1955 2524 uptiae.
2021 2461 2135 2509 Non
2156 2468 2267 2509 sunt
2286 2475 2409 2509 verae
2443 2459 2622 2524 nuptiae
2668 2461 2731 2510 A.

1674 2524 1708 2579 i.
1734 2529 1779 2573 1.
1802 2531 1867 2574 20
1923 2526 2051 2584 Quia
2070 2526 2183 2574 olim
2203 2527 2256 2573 in
2278 2527 2405 2574 huno
2424 2524 2603 2589 (diem)
2623 2533 2735 2573 sunt

1673 2591 1943 2638 constituta
1964 2592 2143 2653 nuptiae
2173 2590 2239 2639 A.
2265 2590 2299 2649 i,
2322 2596 2371 2639 6.
2394 2594 2457 2639 84
2507 2590 2607 2638 Aut
2644 2591 2734 2638 tibi

1674 2655 1855 2717 nuptiae
1876 2657 1951 2703 hae
1974 2663 2085 2703 sunt
2103 2656 2235 2703 eordi
2266 2655 2330 2703 A.
2353 2654 2404 2711 ii,
2429 2659 2475 2704 1.
2494 2659 2559 2703 28
2592 2654 2731 2717 Nup-

1674 2717 1753 2765 tiae
1776 2720 1888 2767 mihi
1924 2720 2003 2768 De
2024 2721 2273 2783 improviso
2296 2718 2475 2783 nuptiae
2526 2718 2590 2767 A.
2608 2720 2663 2781 ii,
2682 2724 2731 2769 2.

1676 2787 1757 2831 11.
1778 2788 1843 2833 28
1894 2784 2024 2832 Num
2044 2785 2113 2831 illi
2136 2784 2347 2832 molesta
2377 2784 2622 2847 quidpiam
2658 2786 2732 2831 hae

1674 2855 1786 2923 sunt
1826 2849 2007 2912 nuptiae
2028 2850 2046 2896 ?
2101 2848 2165 2896 A.
2188 2848 2241 2905 ii,
2261 2853 2311 2897 6.
2334 2852 2365 2898 7
2388 2847 2528 2925 ..ῌοο
2550 2848 2639 2895 nisi
2658 2849 2731 2904 fit,

1672 2913 2060 3040 331222322231
2078 2923 2264 3032 ἓξὲξ
2282 2911 2647 3032 ε’ἶὲέῗλῗέῑῗῖ.
2662 2911 2733 3026 ¹1³3

1674 3040 1789 3089 Non
1810 3042 1996 3091 fuerant
2014 3042 2195 3105 nuptiae
2232 3042 2400 3088 sutum
2449 3040 2512 3089 A.
2536 3041 2606 3097 iii,
2628 3046 2677 3090 4.
2700 3047 2733 3092 8

1674 3105 1766 3153 Hae
1788 3107 1968 3169 nuptia
1990 3122 2089 3153 non
2122 3106 2467 3169 apparabantur
2496 3105 2617 3153 mihi
2667 3106 2733 3155 A.

1669 3169 1739 3227 iv,
1763 3176 1811 3220 1.
1835 3176 1899 3221 82
1950 3169 2061 3227 Quo
2082 3170 2237 3217 minin
2257 3170 2330 3216 hm
2352 3168 2518 3217 fierent
2548 3170 2731 3231 nuptiae

1670 3232 1739 3282 A.
1756 3236 1825 3298 iv,
1842 3240 1891 3284 2.
1920 3239 1981 3284 17
2014 3233 2377 3309 Magisinstare,
2392 3241 2445 3280 ut
2459 3232 2605 3281 hodie
2616 3248 2733 3281 eon·

1670 3298 1932 3427 23:33²
1959 3298 2574 3426 &gussnffisspgss-Aff
2595 3296 2733 3423 ἱνῖἶῗ

1671 3430 1732 3477 17
1790 3427 1959 3476 Firmae
1992 3428 2067 3475 hae
2110 3443 2271 3476 vereor
2308 3437 2363 3475 ut
2398 3427 2495 3474 sint
2534 3429 2730 3489 nuptiae.

1672 3492 1801 3549 Quid
1826 3492 1985 3541 adhue
2004 3494 2179 3540 habent
2211 3491 2485 3538 infirmitatis
2504 3492 2687 3552 nuptiae
2706 3492 2726 3538 ἒ

1671 3556 1765 3604 He.
1788 3558 1823 3621 i,
1844 3562 1894 3606 2.
1913 3562 1996 3607 26.
2022 3561 2114 3605 101
2170 3556 2455 3618 Nuptiarum
2472 3554 2725 3603 solicitudo

1668 3619 1735 3669 A.
1756 3621 1791 3680 i,
1814 3628 1863 3671 6.
1886 3625 1951 3670 26
2004 3619 2289 3683 Nuptiarum
2310 3619 2457 3681 gratia
2479 3619 2582 3667 baeo
2618 3628 2729 3668 sunt

1668 3686 1782 3734 fieta
1834 3685 1896 3733 A.
1920 3702 1968 3745 v,
1993 3690 2041 3734 1.
2064 3688 2125 3734 17
2172 3684 2315 3747 Spem
2336 3682 2427 3730 isto
2448 3691 2593 3746 pacto
2630 3700 2727 3732 rur-

1668 3764 1769 3797 sum
1791 3749 2059 3813 nuptiarum
2078 3762 2263 3795 omnem
2284 3745 2426 3810 eripis
2458 3746 2582 3797 Hea.
2596 3748 2661 3805 iv,
2678 3754 2726 3799 8.

1667 3819 1731 3863 86
1786 3814 1881 3861 Hie
1901 3812 2079 3876 nuptiis
2099 3812 2255 3861 dietus
2274 3821 2347 3859 est
2372 3813 2478 3861 dies
2532 3812 2595 3861 A.
2617 3814 2654 3869 i,
2678 3818 2725 3863 1.

1666 3882 1731 3927 76
1780 3878 1956 3937 Credo,
1976 3878 2258 3939 impetrabo,
2280 3883 2337 3923 ut
2356 3876 2539 3941 aliquot
2561 3878 2723 3925 saltem

1665 3942 1847 4007 nuptiis
1888 3942 2059 4005 prodat
2091 3941 2195 3989 dies
2248 3940 2313 3989 A.
2334 3940 2390 3998 ii,
2415 3948 2460 3992 1.
2486 3947 2546 3991 18
2594 3942 2725 3989 Num

1667 4007 1887 4057 videntur
1906 4005 2156 4055 convenire
2184 4006 2289 4054 haee
2322 4006 2539 4069 nuptiis?
2586 4006 2649 4053 A.
2672 4006 2723 4064 ii,

1667 4074 1717 4121 2.
1740 4076 1807 4123 29
1854 4070 2149 4120 Meretrieios
2184 4086 2370 4145 amores·
2394 4069 2575 4145 nuptiis
2608 4085 2723 4147 con-

1668 4134 2027 4265 323⁸&stss·
2042 4140 2290 4248 Iam..
2306 4134 2562 4253 Νἰῗὲἱῗῗξ,
2575 4148 2724 4247 ῗῗξῗ

1668 4264 1747 4313 Ne
1768 4282 1907 4313 morai
1932 4263 2045 4313 meis
2068 4264 2247 4327 nuptiis
2264 4269 2451 4325 egomet
2470 4261 2587 4309 siem
2604 4261 2720 4312 Ad.

1670 4328 1737 4388 iv,
1758 4336 1809 4380 6.
1830 4335 1896 4381 78
1942 4329 2249 4380 Incommode
2268 4326 2381 4377 mihi
2400 4326 2580 4392 nuptiis
2610 4343 2721 4378 ese-
