3192 4975
1193 433 1270 484 ΙΝ
1320 435 1795 494 Tssnssu'rwu.

403 583 533 636 diam
598 581 696 636 Ad.
716 599 763 641 ν,
783 587 830 634 3.
851 587 902 634 8.
943 579 1219 646 Aliquando
1264 583 1454 632 tandem

403 651 498 699 huc
518 647 717 698 animum
739 656 794 696 ut
815 645 1046 710 adjungas
1086 655 1216 696 tuum
1271 645 1365 698 He.
1387 647 1454 710 iv,

407 719 457 764 4.
481 719 541 764 61
580 713 714 761 itane
735 712 926 762 tande-m
949 727 1134 760 uxorem
1156 712 1291 760 duxit
1311 711 1453 761 Ami-

402 781 518 843 pho,
549 777 727 842 injussu
753 777 892 827 meo?
927 775 1018 823 vix
1053 777 1241 824 tandem
1293 776 1382 824 Ph.
1403 777 1454 834 ii,

405 849 450 892 1.
478 849 521 892 l.
542 847 573 892 4
607 840 722 890 Ain'
743 841 931 893 tandem
951 841 970 887 ἓ
993 839 1175 890 carcer!
1201 839 1336 889 Itane
1349 849 1453 890 tan-

401 907 527 963 dem,
567 921 726 968 quaeso
746 905 762 952 ?
824 905 912 952 Ph.
937 903 988 960 ii,
1012 909 1058 953 8.
1077 910 1157 954 26.
1181 909 1246 954 66
1317 905 1453 954 Itane

405 973 595 1019 tandem
638 971 790 1018 facere
837 969 1054 1031 oportet?
1109 969 1199 1018 Ph.
1224 969 1300 1032 iii,
1318 975 1366 1020 2.
1386 974 1452 1020 42

395 1036 466 1084 At
500 1037 689 1084 tandem
727 1043 883 1081 tamen
921 1050 1013 1082 non
1043 1033 1218 1097 'capitis
1257 1033 1360 1098 ejus
1381 1051 1452 1082 res

398 1099 567 1164 agitur,
595 1101 675 1147 sed
701 1098 911 1161 pecuniae
945 1098 1035 1146 Ph.
1057 1098 1122 1154 iv,
1144 1103 1194 1148 3.
1215 1103 1276 1150 25
1303 1157 1308 1164 ¹
1333 1099 1451 1162 Spa-

399 1165 514 1212 tium
539 1165 728 1227 quidem
751 1163 940 1212 tandem
964 1163 1244 1226 apparandis
1275 1163 1452 1228 nuptiis

399 1229 585 1276 dabitur
617 1229 707 1276 Ph.
735 1229 798 1284 iv,
821 1235 869 1276 4.
886 1231 946 1278 21

443 1293 644 1356 Tango.
709 1291 916 1355 'Tetigin’
949 1290 1018 1339 tui
1049 1289 1300 1354 quicquam
1351 1289 1450 1342 Ad.

397 1355 450 1418 ii,
478 1362 524 1406 1.
545 1361 608 1407 24
643 1355 917 1420 Nunquam,
941 1357 1052 1403 dum
1077 1371 1166 1418 ego
1190 1357 1350 1414 adero,
1371 1357 1450 1408 hic

399 1427 446 1468 te
470 1427 631 1484 tanget
681 1421 777 1469 Ad.
801 1421 852 1479 ii,
877 1426 922 1472 1.
947 1424 976 1469 3
1026 1419 1155 1468 Abi:
1197 1428 1368 1484 tange:
1408 1423 1450 1472 si

397 1501 492 1531 non
513 1493 639 1536 totus
674 1485 829 1548 friget,
875 1489 946 1534 me
986 1485 1124 1533 enica
1170 1484 1259 1532 Ph.
1283 1501 1328 1542 v,
1350 1489 1396 1534 8.
1417 1492 1447 1536 5

399 1549 531 1606 Quid
565 1558 615 1597 tu
673 1549 758 1596 tibi
815 1550 880 1597 vis
903 1549 920 1596 ?
974 1566 1064 1612 ego
1120 1563 1214 1597 non
1265 1558 1448 1616 tangam

399 1615 578 1661 meam?
624 1613 746 1662 Tun'
785 1631 860 1662 me
898 1615 1161 1677 prohibeas,
1205 1630 1351 1662 meam
1389 1632 1450 1664 ne

396 1686 582 1742 tangam
602 1678 619 1726 ?
669 1679 760 1726 Eu.
783 1679 853 1738 iv,
871 1684 919 1729 7.
944 1683 1024 1728 28.
1046 1684 1110 1728 39
1160 1677 1330 1726 Cibum
1355 1696 1450 1728 una

395 1743 574 1806 capias,
597 1743 738 1800 adsis,
762 1750 944 1806 tangas,
964 1743 1114 1798 ludas,
1133 1751 1321 1806 propter
1341 1746 1448 1792 dor-

393 1809 512 1855 mias
577 1807 670 1856 Eu.
696 1807 746 1864 ii,
769 1812 815 1858 3.
843 1813 900 1858 81
959 1807 1032 1855 Tu
1071 1807 1202 1855 illam
1249 1811 1449 1872 tangas?

395 1871 602 1920 omnium
637 1871 728 1920 Eu.
752 1872 818 1933 iv,
841 1877 888 1922 7.
904 1875 967 1922 27
1019 1872 1128 1929 Quo
1155 1881 1291 1934 pacto
1315 1873 1446 1922 Rho·

395 1936 524 1984 dium
549 1937 780 1998 tetigerim
819 1937 870 1984 in
901 1937 1116 1986 convivio
1139 1939 1156 1984 ?
1191 1937 1282 1986 Eu.
1306 1939 1376 1995 iii,
1402 1944 1446 1988 1.

393 2005 458 2049 30
524 2001 651 2050 Mihi
691 2000 883 2050 amicam
919 2003 1132 2056 adduxti,
1178 2017 1315 2066 quam
1351 2019 1447 2052 non

392 2065 536 2113 liceat
557 2073 746 2130 tangere
790 2065 911 2114 Hea.
933 2066 999 2126 iv,
1021 2070 1068 2114 6.
1095 2071 1151 2114 15
1209 2067 1448 2130 Virginem

393 2130 586 2188 vitiasti,
623 2147 762 2194 quam
789 2139 834 2180 te
866 2129 946 2192 jus
967 2147 1062 2178 non
1086 2131 1237 2179 fuerat
1258 2139 1450 2196 tangere

392 2194 490 2242 Ad.
513 2195 578 2252 iv,
597 2201 645 2244 5.
671 2201 734 2244 52
787 2195 918 2254 Quid
955 2194 1110 2242 minus
1155 2195 1318 2246 utibile
1342 2197 1449 2256 fuit,

392 2275 532 2322 quam
553 2261 644 2308 hoc
687 2260 817 2308 ulcus
843 2260 1065 2324 tangere?
1115 2259 1204 2308 Ph.
1227 2259 1293 2322 iv,
1314 2266 1362 2312 4.
1388 2266 1449 2311 10

391 2323 444 2371 Si
475 2340 570 2371 non
611 2325 836 2387 tangendi
859 2341 916 2374 co
955 2325 1000 2371 ia
1022 2331 1114 2380 est,
1149 2326 1259 2383 eho,
1299 2342 1358 2374 ne
1382 2325 1450 2376 vi-

394 2388 538 2436 dendi
562 2389 754 2452 quidem
779 2389 895 2438 erit?
975 2406 1020 2440 u.
1042 2389 1106 2447 iv,
1131 2393 1179 2438 2.
1209 2394 1269 2438 lo

453 2453 712 2517 Tanquam.
775 2453 1022 2519 Tanquam
1061 2453 1449 2517 Philosophorum

389 2519 565 2565 habent
587 2518 852 2580 disciplinas
873 2535 931 2567 ex
952 2519 1069 2582 ipsis
1097 2519 1324 2566 vocabula
1355 2518 1447 2567 Eu.

389 2582 444 2639 ii,
465 2587 514 2631 2.
537 2588 600 2631 32
667 2582 923 2646 Inspicere,
960 2592 1184 2646 tanquam
1206 2583 1256 2630 in
1279 2599 1449 2643 specu·

392 2646 508 2706 lum,
529 2648 578 2693 in
602 2646 718 2693 vitas
741 2647 950 2693 omnium
966 2645 1134 2707 jubeo.
1200 2645 1445 2707 Tanquam

389 2710 440 2755 in
462 2710 721 2773 speculum,
743 2710 796 2757 in
830 2709 1031 2771 patinas,
1063 2708 1265 2764 Demea,
1299 2707 1447 2771 inspi-

393 2788 495 2885 ῧεῐε
511 2772 662 2885 {ibeo
696 2773 798 2883 Adi
827 2773 986 2885 iii13h33
1003 2774 1083 2885 δὲ.
1104 2777 1170 2885 ‘ig
1217 2767 1408 2821 Nostln’
1427 2770 1446 2819 ἓ

445 2853 488 2885 a.
553 2853 753 2899 anquam
799 2854 825 2883 e
938 2870 952 2885 .
971 2852 1010 2893 1,
1068 2871 1080 2885 .

455 2900 720 2949 Tantidem.
788 2901 866 2949 Ob
901 2901 1148 2949 malefacta
1181 2901 1282 2949 haec
1303 2900 1446 2949 tanti-

391 2967 499 3013 dem
523 2975 690 3015 emtam
716 2965 922 3034 postulat
942 2964 1032 3015 sibi
1053 2964 1223 3015 tradier
1256 2963 1358 3015 Ad.
1395 2964 1450 3031 ii,

457 3094 708 3152 Tantillus,
742 3111 788 3150 a,
827 3110 920 3142 um.
988 3094 1142 3151 Quem
1181 3109 1270 3159 ego
1305 3094 1448 3145 modo

391 3159 965 3275 puerqudtantillimg‘ain
997 3158 1212 3207 manibus
1268 3160 1449 3223 gestavi

395 3240 508 3272 mers
525 3262 535 3271 .
660 3258 672 3271 .
694 3241 742 3272 iv
821 3259 833 3271 .

455 3288 722 3353 Tantisper.
746 3258 761 3281 ⁹
802 3285 906 3352 Ego
945 3294 991 3336 te-
1026 3305 1181 3337 meum
1217 3304 1318 3337 esse
1349 3288 1446 3341 dici

394 3352 623 3417 tantisper
645 3354 770 3406 volo,
791 3354 922 3401 dum.
990 3352 1196 3401 Decrevi
1221 3352 1447 3416 tantIsper

391 3433 465 3527 ἔπιε
490 3418 642 3493 minus
661 3416 842 3529 inl-luiae
855 3434 963 3532 rucio
979 3416 1314 3531 ςὸιὶαῑοθὲεοῧε.
1332 3418 1445 3531 dmg

427 3499 499 3529 am
525 3500 662 3531 miser
759 3498 830 3531 ea.
857 3498 868 3528 ι
943 3516 956 3529 .
1057 3516 1072 3529 .
1277 3499 1354 3531 um
1392 3499 1411 3530 1

391 3548 608 3595 rescitum
640 3548 695 3596 iri
730 3518 898 3609 credit',
919 3547 1146 3611 tantisper
1178 3556 1314 3595 cave-t
1345 3546 1444 3598 Ad.

394 3610 408 3655 ἰ
451 3616 495 3659 l.
519 3617 581 3660 45

413 3645 428 3671 ’
453 3674 606 3723 Tanto
616 3674 890 3741 (Adverb.).
903 3676 1042 3725 Suam
1055 3683 1242 3739 gnatam
1260 3691 1356 3723 non
1367 3676 1448 3723 da·

394 3738 494 3785 bit:
521 3747 652 3788 tanto
677 3741 828 3789 hercle.
842 3743 991 3805 magis
1007 3740 1141 3789 dabit
1160 3739 1226 3790 A.
1240 3740 1308 3797 iv,
1323 3744 1443 3791 435

397 3802 630 3867 Perlonge
657 3812 753 3855 est:
778 3807 860 3853 sed
881 3814 1056 3869 quanto
1075 3806 1207 3853 ocius
1226 3820 1446 3881 propere-

393 3884 498 3915 mus
508 3868 600 3917 Eu.
613 3868 680 3922 iii.
695 3876 742 3919 5.
754 3875 813 3921 61
829 3871 974 3919 Perii!
991 3880 1168 3938 quanto
1182 3885 1334 3918 minus
1345 3869 1448 3931 spei

392 3942 481 3989 est,
503 3943 634 3981 tanto
647 3934 788 3999 magis
807 3950 912 3981 amo
928 3934 1018 3983 Eu.
1035 3952 1082 3995 v,
1097 3938 1145 3983 9.
1166 3938 1228 3985 23
1252 3934 1447 4001 Quanto

393 3998 573 4047 diutius
590 3999 739 4059 abest,
753 3998 900 4061 magis
917 3999 1055 4061 cupio
1072 4006 1218 4054 tant0,
1235 4007 1284 4047 et
1303 3998 1446 4061 magis

393 4063 608 4114 desidero
642 4062 765 4111 Hea.
802 4062 870 4119 iii,
908 4068 953 4112 1.
993 4067 1054 4115 16
1101 4062 1254 4111 Tanto
1292 4064 1446 4111 hercle

396 4127 559 4175 melior
591 4126 715 4175 Hea.
737 4125 808 4185 iii,
829 4132 878 4177 2.
902 4130 964 4177 38
997 4127 1150 4176 Tanto
1174 4128 1302 4175 ocius
1327 4134 1373 4175 te
1395 4134 1448 4178 ut

397 4200 581 4253 poscat,
598 4202 649 4240 et
671 4201 718 4241 tu
743 4193 810 4253 id,
834 4192 960 4257 quod
985 4193 1140 4255 cupis,
1161 4208 1303 4255 quam
1325 4192 1446 4241 ocis-

397 4269 527 4305 sume
551 4264 602 4305 ut
621 4260 705 4305 des
739 4256 863 4309 Hea.
883 4257 948 4314 iv,
966 4262 1014 4307 8.
1033 4260 1094 4313 27
1131 4256 1227 4313 Qui
1247 4256 1452 4319 mentiri,

392 4328 472 4367 aut
498 4319 654 4371 fallere
673 4322 867 4380 insuerit
895 4325 1104 4392 patrem:
1148 4329 1280 4377 tanto
1293 4321 1448 4387 ¹magis

2292 419 2587 494 cccxlvii

1523 582 1721 632 audebit
1738 589 1919 634 ceteros
1952 581 2055 634 Ad.
2074 583 2110 641 i,
2132 587 2182 634 1.
2198 587 2263 634 st
2314 583 2511 637 Nihilne
2530 587 2585 638 in

1527 657 1731 696 mentem
1746 647 1765 694 ?
1780 645 1883 697 aCt.
1916 645 2171 712 Nunquam
2192 649 2465 713 quicquam.
2495 651 2585 716 δι.

1525 711 1680 762 Tanto
1702 713 1899 776 nequior
1929 711 2029 760 Ad.
2052 713 2117 774 iv,
2137 717 2183 762 1.
2207 718 2269 764 12
2302 713 2427 777 Ergo
2450 713 2581 772 istinc

1526 792 1671 839 quum
1695 777 1761 826 ita
1782 777 1892 832 sint,
1917 785 2049 824 tanto
2088 777 2233 840 magis
2257 787 2303 826 te
2323 779 2579 843 advigilent

1525 857 1711 906 aequom
1741 849 1813 890 est
1845 842 1936 890 Ph.
1958 842 1995 898 i,
2017 847 2063 892 4.
2086 847 2153 890 26
2186 843 2299 900 Quo
2320 844 2466 907 magis
2487 860 2577 896 nn-

1525 906 1588 963 vi,
1614 914 1745 954 tanto
1766 907 1938 968 soepius
1974 907 2061 954 Ph.
2082 907 2136 963 ii,
2158 911 2207 956 2.
2232 911 2293 956 14
2430 959 2435 964 ,

1591 969 1874 1036 Tantopere.
1942 967 2022 1018 Ah
2042 969 2053 1017 !
2090 987 2151 1018 ne
2188 972 2301 1018 saevi
2341 978 2585 1036 tantopere

1523 1031 1587 1082 A.
1612 1052 1661 1096 v,
1681 1041 1731 1087 2.
1768 1040 1832 1086 27
1884 1034 1988 1098 Ego
2024 1036 2131 1092 hoc,
2166 1036 2281 1099 qnia
2316 1036 2497 1085 dudum
2534 1043 2587 1086 tu

1524 1106 1658 1146 tanto
1724 1117 1771 1148 re
1786 1099 2010 1160 jusseras,
2032 1117 2089 1148 eo
2112 1100 2232 1163 coepi
2267 1099 2391 1150 Hea.
2428 1101 2495 1158 iv,
2532 1107 2585 1154 6.

1523 1168 1588 1212 38
1698 1165 1830 1228 goin
1864 1166 1953 1212 hac
1974 1180 2023 1212 re
2044 1164 2163 1212 nihil
2186 1164 2381 1226 reperio,
2418 1180 2583 1229 quam·

1523 1230 1679 1277 obrem
1704 1229 1867 1280 lauder
1889 1236 2135 1294 tantopere
2168 1228 2266 1277 Ad.
2290 1230 2351 1286 iv,
2376 1233 2425 1280 3.
2448 1234 2473 1280 1
2524 1229 2583 1280 Si

1521 1309 1607 1340 vos
1630 1303 1873 1357 tantopere
1902 1294 2023 1342 istuc
2044 1293 2201 1350 voltis,
2224 1294 2308 1340 fiat
2338 1293 2437 1342 Ad.
2460 1310 2507 1351 v,
2530 1299 2576 1344 8.

1521 1361 1586 1406 22
1636 1359 1849 1408 Haecine
1872 1373 2013 1406 causa
2042 1375 2137 1422 ego
2172 1373 2296 1406 eram
2337 1366 2581 1420 tantopere

1521 1423 1729 1485 cupidus
1750 1423 1975 1471 redeundi
1997 1423 2221 1471 domum?
2257 1422 2352 1471 He.
2372 1423 2445 1480 iii,
2474 1427 2520 1474 1.
2542 1427 2575 1476 3

1523 1485 1655 1544 Quid
1690 1487 1769 1548 sit,
1801 1488 2101 1551 quamobrem
2137 1495 2383 1551 tantopere
2418 1503 2585 1538 omnes

1521 1566 1611 1600 nos
1647 1553 1799 1600 celare
1838 1551 2036 1600 volueris
2078 1560 2263 1614 partum
2294 1552 2391 1602 He.
2424 1551 2498 1608 iv,
2539 1557 2585 1606 1.

1523 1619 1582 1664 15
1621 1613 1799 1664 Omnes
1820 1617 2075 1680 posthabui
2100 1617 2213 1666 mihi
2230 1633 2319 1678 res,
2336 1625 2586 1680 postquam

1521 1687 1767 1744 tantopere
1802 1680 1853 1728 id
1876 1697 1961 1728 vos
1982 1682 2121 1738 velle,
2156 1681 2581 1730 animadverteram

1522 1745 1613 1792 Ph.
1636 1762 1683 1800 v,
1708 1750 1755 1795 7.
1780 1749 1842 1794 16

1582 1809 1789 1857 Tantum
1834 1807 2121 1871 (Adverb.).
2210 1809 2303 1858 Sed
2344 1808 2418 1856 hic
2453 1815 2585 1858 actor

1519 1881 1701 1921 tantum
1728 1875 1899 1936 poterit
1918 1890 1949 1922 a
1967 1872 2209 1932 facundia,
2246 1880 2474 1936 quantum
2497 1873 2579 1922 ille

1519 1937 1645 1986 Hea.
1672 1937 1801 1987 Ptol.
1831 1944 1890 1988 13

1583 2003 1951 2051 Tantummodo.
2014 2001 2123 2058 Ille,
2143 2001 2227 2066 qui
2248 2000 2375 2050 illam
2398 2001 2586 2056 amabat

1519 2067 1781 2128 fidicinam,
1834 2067 2176 2121 tantummodo,
2231 2066 2361 2122 satis,
2412 2066 2461 2112 in
2498 2065 2584 2122 uit,

1519 2132 1639 2182 scita
1680 2141 1768 2180 est.
1865 2131 2213 2180 Tantummodo
2257 2145 2359 2177 non
2398 2131 2463 2178 ad
2496 2137 2582 2179 at:

1519 2197 1604 2310 ξω
1624 2212 1715 2260 ego
1738 2197 1849 2244 hinc
1870 2177 2047 2256 abiero,
2081 2195 2157 2244 vei
2190 2195 2397 2244 occidito
2433 2195 2525 2244 Ph.
2547 2193 2585 2250 i,

1583 2325 1913 2374 Tantumdem.
1980 2324 2113 2383 Quid
2132 2324 2149 2370 ?
2184 2323 2330 2388 virgo,
2348 2320 2459 2384 cuja
2476 2328 2551 2370 est
2568 2321 2587 2370 ἓ

1520 2389 1611 2436 Ch.
1648 2389 1823 2438 Nescio
1848 2390 2019 2438 hercle.
2052 2388 2141 2437 Pa.
2175 2387 2319 2435 Unde
2339 2387 2449 2434 est?
2492 2386 2587 2437 Ch.

1520 2453 1835 2509 Tantumdem
1870 2452 1961 2503 Eu.
1998 2453 2049 2509 ii,
2073 2457 2122 2501 3.
2144 2456 2209 2503 29
2245 2451 2394 2509 Quid,
2416 2450 2459 2500 si
2480 2451 2585 2503 sim?

1521 2520 1810 2568 tantumdem
1834 2535 1974 2581 egero
2009 2517 2131 2566 Hea.
2152 2518 2219 2571 iv,
2245 2522 2293 2565 2.
2318 2521 2349 2565 9
2384 2514 2514 2565 Num
2532 2524 2585 2565 tu

1521 2582 1764 2643 intelligis,
1784 2582 1859 2629 hic
1873 2583 1989 2644 quid
2006 2582 2193 2628 narret?
2218 2580 2310 2628 Ph.
2333 2578 2463 2627 Num
2487 2588 2535 2627 tu
2557 2581 2576 2630 ἓ

1521 2643 1621 2691 An.
1655 2644 1807 2693 Nihil.
1840 2646 1933 2695 Ph.
1966 2644 2279 2693 Tantumdem
2298 2660 2387 2707 ego
2422 2644 2513 2691 Ph.
2536 2661 2587 2701 v,

1522 2714 1569 2757 6.
1591 2713 1625 2757 6
1676 2708 1836 2767 Quum
1858 2708 2105 2772 repudium
2129 2707 2286 2755 alterae
2309 2708 2587 2767 remiserim,

1521 2788 1631 2835 quae
1650 2772 1773 2820 dotis
1796 2772 2086 2819 tantumdem
2108 2772 2254 2819 dabat
2276 2772 2367 2819 Ph.
2385 2789 2433 2827 v,
2457 2775 2505 2820 7.
2522 2776 2588 2821 36

1584 2835 1783 2891 Tantus,
1828 2852 1874 2894 a,
1920 2852 2017 2885 um.
2085 2834 2261 2883 Nonne
2306 2843 2353 2883 te
2400 2836 2585 2884 miseret
2670 2858 2675 2863 ·

1523 2900 1651 2963 mei?
1688 2908 1869 2949 tantum
1908 2900 2113 2949 laborem
2138 2915 2305 2961 capere
2342 2901 2403 2949 ob
2446 2900 2586 2965 talem

1519 2964 1669 3013 filium
1690 2965 1708 3012 ?
1742 2964 1806 3013 A.
1847 2980 1894 3021 v,
1934 2968 1982 3016 2.
2021 2969 2085 3015 29
2133 2964 2390 3015 Flabellum
2426 2971 2606 3026 tenere„

1522 3036 1569 3077 te
1590 3028 1769 3077 asinum
1794 3036 1975 3077 tantum
2008 3028 2101 3077 Eu.
2126 3029 2195 3087 iii,
2220 3036 2265 3079 5.
2289 3035 2353 3079 50
2388 3028 2587 3079 Miseret

1521 3094 1592 3144 tui
1615 3110 1709 3152 me,
1749 3093 1831 3157 qui
1863 3094 1989 3141 bunc
2028 3101 2210 3143 tantum
2248 3092 2484 3141 hominem
2518 3092 2587 3143 fa·

1520 3158 1619 3209 tias
1637 3158 1881 3211 inimicum
1900 3158 1983 3206 tibi
2006 3157 2099 3206 Eu.
2114 3158 2179 3213 iv,
2200 3163 2247 3208 7.
2270 3162 2333 3207 32
2368 3158 2584 3217 Crucior,

1521 3222 1682 3271 bolum
1709 3232 1889 3271 tantum
1932 3222 2049 3271 mihi
2071 3230 2284 3284 ereptum
2310 3231 2404 3270 tam
2426 3223 2585 3269 subito

1520 3305 1548 3335 e
1571 3286 1787 3337 saucibus
1821 3286 1945 3335 Hea.
1967 3287 2035 3348 iv,
2058 3292 2107 3339 2.
2130 3292 2161 3337 6
2212 3286 2300 3335 Ille
2338 3286 2419 3334 ubi
2444 3287 2585 3345 miser

1518 3352 1764 3401 famelicus
1785 3353 1913 3401 videt
1952 3368 2029 3399 me
2056 3368 2157 3401 esse
2181 3351 2231 3397 in
2253 3358 2385 3401 tanto
2407 3352 2584 3409 honore

1521 3416 1613 3467 Eu.
1638 3418 1691 3473 ii,
1714 3422 1761 3469 2.
1799 3422 1863 3467 29
1915 3418 2107 3465 Sumtus
2138 3416 2269 3465 domi
2300 3422 2456 3463 tantos
2488 3430 2583 3479 ego

1521 3481 1649 3531 solus
1672 3482 1879 3532 faciam?
1912 3482 2039 3533 Hea.
2060 3482 2096 3535 i.
2120 3487 2166 3530 1.
2184 3486 2249 3533 ⁷9
2283 3481 2458 3529 Verum
2498 3480 2581 3536 ubi

1519 3547 1721 3605 videbit,
1735 3556 1890 3597 tantos
1904 3545 1993 3595 sibi
2005 3555 2184 3595 sumtus
2194 3545 2325 3593 domi
2345 3544 2583 3607 quotidia-

1520 3626 1607 3659 nos
1628 3612 1729 3661 fieri
1763 3612 1887 3663 Hea.
1923 3612 1987 3668 iv,
2010 3616 2059 3660 5.
2080 3616 2115 3659 6
2163 3608 2368 3659 Hoccin’
2390 3616 2462 3656 est
2480 3623 2581 3657 cre-

1520 3676 1686 3734 dibile,
1724 3686 1806 3725 aut
1848 3674 2162 3729 memorabile,
2200 3683 2330 3721 tanta
2363 3672 2585 3729 vecordia

1521 3740 1681 3789 innata
1720 3733 1938 3806 cuiquam
1974 3746 2029 3789 ut
2048 3739 2155 3801 siet,
2178 3739 2266 3787 ub?
2300 3738 2364 3787 Δ.
2388 3738 2451 3795 iv,
2474 3742 2523 3788 1.
2542 3742 2576 3791 2

1519 3802 1667 3853 Nulla
1688 3806 1801 3853 mihi
1824 3820 1895 3853 res
1918 3804 2113 3868 posthac
2138 3810 2292 3864 potest
2316 3801 2418 3865 jam
2436 3802 2580 3849 inter-

1517 3870 1677 3917 venite
1694 3876 1843 3926 tanta,
1862 3885 1969 3931 quae
1984 3868 2098 3917 mihi
2122 3868 2445 3931 aegritudinem
2466 3864 2583 3913 affe-

1519 3941 1590 3981 rat
1610 3952 1623 3980 2
1650 3943 1779 3981 tanta
1795 3936 1892 3982 haec
1916 3932 2080 3981 laetitia
2102 3932 2266 3980 oborta
2286 3940 2359 3979 est
2378 3930 2581 3988 Hemix,

1521 4002 1569 4047 3.
1587 4002 1634 4048 1.
1656 4002 1688 4049 2
1705 3998 1853 4047 Tanta
1874 4013 1999 4045 nunc
2014 3997 2218 4061 suspicio
2236 3998 2298 4044 de
2321 4011 2393 4045 me
2418 3994 2584 4043 incidit

1517 4062 1618 4111 Ad.
1634 4062 1700 4119 iv,
1718 4067 1766 4113 4.
1792 4070 1820 4113 5
1857 4062 1945 4111 Cui
1966 4070 2094 4119 tanta
2116 4071 2215 4113 erat
2237 4077 2325 4117 res,
2348 4069 2404 4109 et·
2418 4072 2581 4122 supea-

1519 4126 1656 4177 erat?
1692 4120 1783 4175 Ph.
1806 4126 1839 4188 i,
1862 4132 1913 4177 2.
1940 4131 2000 4177 19
2052 4126 2161 4175 Ah!
2201 4133 2439 4175 tantamne
2478 4138 2577 4187 reqr

1521 4201 1616 4239 tam
1656 4193 1947 4255 negligenter
1984 4190 2154 4253 agere?
2187 4192 2249 4238 A.
2275 4190 2309 4247 i,
2330 4196 2379 4239 5.
2406 4193 2467 4239 18
2499 4187 2579 4249 Aa

1519 4274 1613 4321 ego
1650 4258 1945 4313 occasione-m
1985 4256 2100 4303 mihi
2138 4262 2437 4313 ostentatam,
2475 4260 2581 4303 tan·

1521 4331 1638 4381 tam,
1658 4330 1755 4371 tam
1780 4322 1981 4381 brevem,
2005 4328 2101 4369 tam
2118 4326 2349 4384 optatam,
2371 4327 2464 4369 tam
2502 4319 2577 4376 inf
