3192 4975
536 426 741 496 xxxii

539 610 570 643 a
632 600 699 641 rte
720 589 879 638 fallere
898 589 1097 652 incipias
1116 588 1273 637 dolis?
1306 589 1367 637 A.
1384 588 1452 646 iii,
1468 594 1516 639 2.
1532 595 1595 640 is

594 674 655 705 on
696 663 747 702 tu
780 655 905 702 istuc
933 653 1051 701 mihi
1093 654 1276 702 dictura
1308 661 1467 717 aperte
1492 653 1595 702 es?

540 722 635 778 Eu.
652 737 701 776 v,
726 724 771 769 1.
793 723 824 768 8
857 716 1055 780 Aperte,
1074 719 1143 765 ita
1164 725 1219 764 ut
1237 733 1307 766 res
1319 733 1419 765 sese
1437 720 1595 773 habet,

540 791 725 834 narrato
756 781 878 830 Hea.
898 782 966 840 iv,
987 786 1035 830 3.
1058 785 1121 830 24
1170 781 1333 846 Atque
1366 783 1524 839 etiam,
1556 783 1597 830 si

541 857 629 906 est,
661 853 810 912 pater,
846 845 1097 892 dicendum
1128 846 1277 908 magis
1308 854 1465 908 aperte
1498 846 1597 897 Ad.

492 933 499 940 ·
540 914 609 970 iv,
631 919 679 962 5.
702 915 767 960 30
800 909 869 956 Ut
882 917 1041 972 aperte
1058 910 1144 957 tibi
1160 926 1286 958 nuuc
1305 911 1486 958 fabuler
1504 911 1595 958 Ph.

540 977 609 1031 iv,
632 981 679 1025 3.
702 979 767 1024 49
795 973 912 1021 Tam
934 982 1093 1036 aperte
1114 973 1308 1022 irridens
1353 975 1444 1022 Ph.
1478 990 1525 1031 ν,
1548 979 1597 1024 7.

550 1131 555 1136 -
608 1101 825 1167 Apiscor.
887 1101 1097 1149 Deorum
1128 1101 1269 1148 vitam
1304 1099 1405 1165 apti
1440 1117 1597 1150 snmus

544 1168 669 1216 Hea.
693 1167 756 1223 iv,
780 1171 831 1216 3.
854 1169 914 1214 1⁵
1352 1190 1359 1196 -

496 1243 503 1256 ’
606 1229 798 1294 Apollo.
861 1228 911 1276 N
914 1245 974 1276 on
996 1229 1231 1292 Apollinis
1253 1230 1400 1294 magis
1422 1245 1601 1294 verum,

542 1304 685 1358 atque
706 1295 795 1342 hoc
812 1306 1083 1357 responsum
1106 1304 1179 1340 est
1205 1293 1269 1343 Ἀ.
1292 1296 1357 1350 iv,
1379 1300 1427 1343 2.
1452 1299 1523 1342 15·

552 1396 559 1400 .
609 1360 852 1422 Appareo.
918 1355 1134 1421 Apparet
1149 1374 1330 1406 servum
1352 1361 1477 1405 hune
1499 1373 1601 1406 esse

544 1423 725 1471 domini
746 1423 962 1486 pauperis
994 1421 1087 1468 Eu.
1108 1422 1175 1476 iii,
1196 1427 1246 1470 2.
1272 1427 1333 1470 38
1390 1422 1479 1469 Ille
1516 1422 1600 1469 bo·

544 1503 635 1534 nus
662 1487 988 1549 vir-nusquam
1006 1493 1222 1548 apparet
1252 1485 1343 1534 Eu.
1384 1486 1444 1542 iv,
1468 1490 1515 1533 3.
1539 1490 1602 1534 18

496 1566 509 1573 ”
544 1551 645 1598 Res
665 1558 861 1613 apparet
890 1551 987 1597 Ad.
1009 1567 1057 1606 v,
1079 1555 1127 1598 9.
1148 1555 1179 1598 7
1232 1549 1325 1598 Fac
1360 1550 1441 1607 sis,
1475 1552 1604 1598 nunc

544 1616 772 1678 promissa
790 1620 1046 1677 appareant
1078 1613 1165 1660 Eu.
1185 1615 1242 1670 ii,
1263 1619 1310 1663 3.
1330 1619 1395 1663 19

610 1679 824 1740 Apparo.
890 1678 1048 1726 Video
1090 1677 1205 1725 alios
1237 1677 1476 1733 festinare,
1510 1693 1604 1726 coe-
1634 1699 1642 1702 ·

544 1758 655 1789 nam
672 1756 893 1803 apparare
924 1742 1047 1789 Hea.
1070 1741 1103 1798 i,
1122 1746 1168 1791 l.
1185 1746 1248 1791 74
1284 1740 1527 1804 Apparare
1544 1743 1606 1788 de

546 1807 627 1854 die
644 1806 911 1856 convivium
948 1807 1037 1852 Ad.
1054 1822 1101 1861 v,
1117 1810 1167 1855 9.
1190 1811 1221 1854 8
1253 1805 1312 1851 In
1333 1807 1606 1868 apparando

547 1877 829 1921 consumunt
858 1871 983 1917 diem
1016 1870 1113 1917 Ad.
1150 1887 1196 1925 v,
1232 1873 1279 1918 7.
1306 1873 1338 1917 2
1392 1869 1604 1932 Spatium

548 1933 829 1996 apparandis
850 1934 1028 1996 nuptiis
1049 1933 1237 1980 dabitur
1267 1932 1354 1981 Ph.
1383 1936 1447 1988 iv,
1470 1937 1520 1981 4.·
1539 1939 1600 1982 21

548 1998 679 2046 Dum
700 2005 965 2060 apparatur,·
986 1997 1115 2059 virgo
1136 1997 1189 2043 iu
1224 1997 1437 2048 conclavi
1474 1998 1610 2044 sedet

547 2062 640 2109 Eu.
663 2061 731 2118 iii,
756 2069 805 2110 5.
829 2066 891 2110 35
944 2061 1032 2108 Hae
1066 2061 1245 2122 nuptiae
1278 2077 1375 2107 non
1408 2076 1608 2123 appara-

549 2127 716 2174 bantur
732 2126 845 2172 mihi
878 2125 941 2173 A.
959 2126 1022 2180 iv,
1040 2129 1083 2174 1.
1098 2129 1161 2174 32
1195 2124 1368 2171 Omnia
1384 2133 1610 2188 apparata

542 2190 647 2252 jam
668 2190 923 2238 suntintus
946 2191 1015 2236 Ἀ.
1036 2206 1083 2244 v,
1108 2193 1156 2237 2.
1174 2194 1205 2236 6
1239 2189 1445 2236 Domum
1465 2191 1608 2236 modo

508 2271 511 2274 ’
548 2254 649 2308 ibo,
686 2261 737 2300 ut
774 2260 1055 2316 apparentur
1085 2251 1147 2301 A.
1182 2251 1251 2306 iii,
1288 2258 1337 2301 4.
1364 2258 1423 2301 15
1473 2253 1610 2299 Post·

551 2332 691 2380 quarn
714 2316 844 2363 videt
858 2317 1046 2378 nuptias
1064 2316 1194 2362 domi
1210 2317 1423 2379 apparari
1453 2315 1517 2362 A.
1532 2316 1606 2372 iii,

551 2386 601 2430 2.
622 2385 686 2428 34
719 2379 924 2442 Nuptias
945 2381 1071 2443 quod
1094 2379 1211 2426 mihi
1231 2380 1443 2442 apparari
1464 2381 1610 2428 sensit

552 2444 617 2494 A.
636 2445 701 2501 iv,
724 2447 771 2492 2.
794 2448 825 2494 7

496 2532 517 2539 -·
559 2534 569 2547 -
616 2507 843 2571 Appello,
866 2523 961 2555 are.
1025 2506 1283 2569 Demipho,
1318 2515 1365 2556 te
1385 2506 1573 2571 appello
1592 2527 1607 2558 ε

552 2589 661 2621 nam
682 2588 757 2619 me
778 2588 887 2619 curn
907 2573 997 2619 hoc
1020 2572 1239 2619 distaedet
1274 2572 1405 2635 l‘oqui
1437 2574 1529 2623 Ph.
1558 2589 1608 2629 v,

511 2646 517 2654 '
552 2642 603 2685 8.
626 2641 691 2687 22
723 2636 847 2683 Nam
870 2650 963 2697 quo
999 2652 1079 2683 ore
1108 2636 1357 2698 appellabo
1392 2638 1610 2699 patrem?

554 2700 678 2751 Hea.
704 2700 766 2756 iv,
790 2704 837 2748 3.
859 2705 924 2749 22
958 2700 1117 2757 Quum
1139 2716 1195 2747 ex
1218 2707 1265 2747 te
1287 2708 1411 2749 esset
1426 2700 1610 2763 aliquis,

550 2765 633 2829 qui
650 2772 695 2811 te
717 2763 976 2827 appellaret
996 2772 1172 2826 patrem
1194 2764 1289 2811 He.
1309 2765 1374 2820 iv,
1390 2768 1437 2813 4.
1452 2770 1515 2814 30
1534 2765 1612 2813 Ne

553 2845 628 2877 me
648 2830 767 2876 istoc
790 2829 983 2891 posthae
1008 2828 1197 2876 nomine
1220 2829 1491 2892 appellassis
1522 2829 1613 2877 Ph.

493 2938 497 2943 .
551 2910 599 2951 v,
625 2898 672 2942 lo
696 2898 756 2941 1⁵
812 2917 817 2921 “

614 2955 842 3019 Appello‚
865 2972 956 3005 ere.
1028 2956 1197 3012 Poeta,
1228 2971 1373 3019 quum
1407 2956 1611 3003 animum

554 3022 614 3068 ad
637 3021 932 3069 scribendum
953 3021 1141 3087 appulit
1174 3021 1236 3069 A.
1267 3020 1390 3068 Prol.
1413 3026 1439 3071 1
1492 3020 1611 3068 Ani-

552 3100 680 3132 murn
702 3086 763 3132 ad
780 3100 967 3132 uxorem
988 3086 1176 3148 appulit
1206 3084 1269 3133 A.
1292 3084 1347 3141 ii,
1369 3090 1415 3133 6.
1440 3090 1497 3135 15

619 3146 847 3212 Applico.
912 3149 1135 3196 Animum
1156 3155 1379 3209 aegrotum
1396 3149 1455 3195 ad
1479 3149 1612 3195 dete-

552 3211 717 3259 riorem
742 3219 917 3273 partem
938 3213 1147 3273 applicat
1178 3210 1243 3259 A.
1266 3212 1300 3265 i.
1318 3216 1365 3259 2.
1382 3215 1445 3259 22
1475 3211 1613 3259 Forte

553 3275 761 3385 {pss-m?
777 3276 980 3384 {fug-¹¹¹
1001 3273 1537 3385 aidcmyddiipatlessl
1560 3291 1612 3323 se

570 3384 575 3389 ,
602 3368 616 3383 .
638 3354 686 3391 v,
742 3368 756 3382 .
776 3345 791 3363 ⁶
926 3351 940 3381 ι
961 3352 1011 3384 se
1117 3353 1199 3384 vos
1215 3352 1243 3383 a
1327 3354 1437 3386 lcan
1540 3353 1613 3386 ea.

554 3399 608 3455 ii,
636 3404 685 3449 4.
711 3403 769 3447 13
822 3399 1043 3455 Dictitat,
1081 3353 1370 3463 repemgpad
1406 3403 1612 3450 studium

552 3464 679 3511 hunc
690 3478 739 3510 se
750 3463 1008 3526 applicasse
1020 3465 1246 3512 musicum
1259 3465 1382 3513 Hea.
1399 3466 1524 3513 Prol.
1546 3470 1612 3516 23

616 3526 845 3591 Appono.
909 3527 1033 3575 Puer
1054 3529 1207 3576 hercle
1222 3537 1294 3577 est
1305 3530 1487 3587 mulier,
1509 3532 1612 3577 tun’

555 3591 815 3655 apposuisti
836 3594 961 3639 hunc
981 3593 999 3639 ἓ
1030 3591 1095 3641 A.
1117 3592 1182 3647 iv,
1204 3598 1251 3642 4.
1270 3598 1299 3642 3
1334 3593 1499 3654 Cedo3
1528 3609 1612 3641 eu-

548 3656 653 3719 jum
677 3669 869 3719 puerum
892 3656 967 3703 hic
986 3657 1281 3719 apposuisti?
1316 3656 1381 3705 A.
1403 3658 1469 3715 iv,
1484 3662 1533 3706 4.
1547 3662 1611 3708 24

552 3720 686 3768 Ante
706 3729 909 3768 nostram
940 3718 1135 3782 januam
1166 3736 1353 3784 appone
1385 3720 1446 3769 A.
1472 3722 1536 3777 iv,
1560 3727 1610 3772 3.

555 3790 619 3834 10
653 3783 723 3831 At
742 3785 857 3832 istos
875 3793 1043 3833 rastros
1062 3786 1243 3833 interea
1264 3800 1451 3847 appone
1484 3784 1608 3835 Hea.

552 3847 588 3903 i,
612 3853 659 3897 1.
680 3852 743 3897 3⁷
777 3850 829 3897 Si
863 3850 983 3897 forte
1016 3864 1136 3912 opus
1174 3849 1233 3897 sit
1264 3848 1611 3912 jusjurandum,

554 3926 653 3959 non
675 3914 949 3975 apposuisse
980 3912 1045 3960 A.
1080 3914 1143 3968 iv,
1168 3918 1216 3963 3.
1238 3916 1301 3962 14
1354 3911 1491 3961 Prior
1526 3914 1611 3961 de-

554 3977 777 4023 cumbas:
802 3992 937 4025 coena
957 3977 1101 4024 dubia
1120 3977 1405 4039 apponitur?
1438 3978 1529 4027 Ph.
1555 3977 1611 4035 ii,

556 4042 607 4148 ⁴24.
626 4044 692 4111 28
747 4040 991 4090 Postulare
1030 4042 1084 4090 id
1122 4042 1280 4105 gratiae
1312 4041 1401 4088 sibi
1434 4044 1614 4105 apponi

606 4136 621 4150 .
642 4103 694 4157 li,
721 4107 765 4150 l.
786 4109 847 4153 31

574 4227 603 4239 ..
622 4163 856 4226 Apporto.
910 4169 1144 4217 Nuntium
1161 4176 1358 4232 apporto
1382 4169 1468 4216 tibi
1489 4170 1612 4217 Hea.

556 4228 625 4282 iu,
653 4234 697 4277 1.
722 4233 781 4277 18
816 4230 1033 4295 Apporto
1050 4249 1236 4285 novam.
1256 4232 1611 4297 Epidicazome-

557 4307 654 4341 non
674 4307 813 4357 quarn
834 4306 1005 4345 vocam
1025 4298 1316 4348 Comoediam
1338 4296 1495 4346 Graeci
1516 4300 1607 4348 Pir.

1492 437 1753 486 ..mmm

1672 589 1796 638 Prol.
1817 592 1881 638 25
1929 585 2168 644 Quidnam
2203 588 2458 650 apportas?
2508 587 2573 638 A.
2610 603 2657 645 v,
2678 591 2728 638 2.

1676 659 1733 703 17
1768 653 1863 700 Hei
1885 649 2058 708 vereor,
2081 668 2140 699 ne
2161 653 2276 715 quid
2301 650 2485 698 Andria
2513 661 2734 715 apportet

1670 718 1782 765 mali
1819 717 1875 766 A.
1897 717 1934 770 i.
1958 721 2002 764 1.
2024 721 2089 765 46
2123 717 2265 763 Haud
2299 715 2401 769 scit,
2433 717 2625 778 paulum
2661 716 2732 762 lu·

1671 782 1755 838 cri,
1777 789 2004 844 quantum
2027 781 2070 826 ei
2093 781 2252 826 damni
2269 787 2484 842 apportet
2516 780 2639 827 Hea.
2663 780 2730 840 iv,

1670 850 1716 894 4.
1740 850 1802 894 25
1839 845 1968 902 Quin
1989 859 2099 890 usus
2121 859 2303 907 semper
2315 844 2492 908 aliquid
2510 853 2732 907 apportet

1669 909 1782 956 novi
1812 910 1909 958 Ad.
1930 927 1976 965 v,
1998 914 2046 958 4.
2069 913 2100 956 2
2521 920 2525 930 ·

1683 998 1690 1002 ·
1737 972 1979 1036 Apposeo.
2044 970 2162 1018 Haec
2189 971 2364 1018 talenta
2398 971 2522 1019 dotis
2555 985 2728 1034 appos-

1671 1045 1788 1084 cunt
1806 1038 1902 1084 duo
1935 1036 2057 1084 Hea.
2079 1035 2146 1092 iv,
2170 1040 2218 1084 7.
2243 1040 2307 1084 10

1737 1100 2078 1164 Apprehendo.
2143 1099 2280 1147 Pone
2296 1098 2610 1164 apprehendit
2625 1097 2728 1162 pal-

1673 1165 1740 1213 lio
1774 1166 1864 1213 Ph.
1887 1183 1934 1221 v,
1956 1170 2005 1214 6.
2021 1169 2084 1212 23

1687 1254 1692 1260 ·
1737 1228 1983 1292 Apprime.
2049 1227 2174 1275 Nam
2214 1227 2265 1276 id
2299 1228 2488 1277 arbitror
2523 1224 2732 1290 apprime

1673 1293 1724 1340 in
1741 1294 1838 1341 vita
1851 1309 1953 1341 esse
1967 1292 2082 1340 utile
2115 1291 2177 1339 A.
2199 1293 2234 1348 i,
2253 1297 2296 1342 1.
2315 1297 2377 1341 34
2412 1293 2530 1348 Scis,
2546 1293 2730 1340 fratrem

1675 1356 2734 1484 3³3¹³E30m2¹²33ffiss222⁰ffl25⁸23ae{²332ss

1675 1487 2007 1548 obsequentem
2041 1485 2134 1532 He.
2156 1485 2208 1546 ii,
2228 1490 2276 1534 2.
2301 1491 2330 1534 5

1688 1581 1695 1588 ·
1742 1549 1986 1612 Approbo.
2055 1550 2106 1597 Si
2126 1565 2223 1596 nou
2245 1551 2294 1596 id
2315 1549 2438 1596 fama
2468 1546 2735 1610 approbat?

1676 1613 1767 1662 Ph.
1791 1613 1858 1669 iv,
1879 1619 1930 1663 5.
1954 1617 2018 1662 12
2665 1631 2674 1636 “

1691 1710 1696 1716 -
1742 1676 2040 1740 Appropero.
2107 1677 2366 1740 Postquam
2399 1681 2510 1722 ante
2563 1675 2741 1723 ostium

1680 1759 1754 1790 me
1776 1742 1956 1788 audivit
1975 1749 2110 1796 stare,
2128 1748 2410 1804 approperat
2442 1738 2504 1786 A.
2520 1739 2590 1800 iii,
2605 1745 2654 1788 1.
2678 1743 2737 1787 17

1744 1807 1908 1868 Apud.
1973 1805 2042 1852 Ut
2062 1821 2243 1868 semper
2264 1804 2352 1851 tibi
2371 1804 2498 1866 apud
2524 1820 2596 1850 me
2610 1803 2740 1866 justa

1679 1869 1820 1917 fuerit
1835 1869 2027 1916 servitus
2063 1871 2122 1919 A.
2143 1869 2177 1922 i,
2204 1874 2247 1916 1.
2271 1873 2304 1918 9
2335 1867 2519 1915 Navem
2541 1867 2580 1914 is
2599 1868 2738 1930 fregit

1681 1935 1807 1996 apud
1830 1931 2046 1980 Andrum
2065 1932 2267 1980 insulam
2303 1931 2366 1978 A.
2387 1933 2421 1986 i,
2439 1937 2488 1980 3.
2512 1935 2570 1980 17
2606 1931 2734 1978 Prae-

1681 1998 1852 2045 teriens
1869 1998 2008 2043 modo
2031 1997 2142 2043 mihi
2167 1998 2294 2058 apud
2317 1997 2468 2042 forum
2491 1995 2642 2058 inquit
2673 1996 2738 2045 A.

1680 2062 1716 2120 i,
1738 2067 1787 2110 6.
1816 2065 1876 2111 19
1909 2060 2057 2123 Apud
2079 2061 2227 2106 forum
2249 2062 2392 2107 modo
2415 2076 2443 2108 e
2479 2059 2618 2106 Davo
2655 2075 2739 2106 au-

1682 2126 1779 2172 divi
1813 2125 1876 2174 A.
1895 2124 1949 2181 ii,
1971 2130 2016 2173 1.
2041 2129 2073 2178 2
2111 2124 2255 2171 Proin
2280 2133 2330 2170 tu
2352 2124 2443 2179 fac,
2465 2125 2592 2186 apud
2616 2133 2664 2171 te
2684 2131 2740 2170 ut

1682 2190 1774 2236 sies
1806 2188 1868 2235 A.
1888 2189 1940 2248 ii,
1963 2193 2011 2237 4.
2033 2195 2062 2236 5
2105 2189 2237 2244 Quid
2259 2189 2405 2236 turbae
2427 2195 2498 2235 est
2517 2190 2643 2250 apud
2667 2189 2738 2234 fo-

1681 2253 1810 2301 rum!
1845 2251 1909 2301 A.
1932 2253 1998 2307 iv,
2017 2257 2110 2302 4.6
2134 2252 2438 2300 Atticusolim
2454 2253 2559 2299 navi
2575 2253 2740 2308 fracta,

1683 2318 1808 2378 apud
1849 2316 2066 2363 Andrum
2102 2317 2282 2380 ejectus
2323 2324 2394 2364 est
2437 2315 2500 2367 A.
2537 2333 2582 2370 v,
2605 2321 2656 2364 4.
2675 2320 2740 2364 20

1682 2381 1776 2427 Vix
1797 2395 1898 2427 sum
1921 2383 2048 2442 apud
2069 2397 2144 2429 me
2176 2382 2238 2430 A.
2260 2399 2306 2437 v,
2328 2386 2376 2430 4.
2399 2385 2462 2429 34
2505 2380 2608 2427 Aut
2627 2380 2742 2443 quia

1683 2459 1784 2492 sum
1807 2445 1932 2507 apud
1957 2453 2003 2493 te
2027 2445 2198 2507 primus
2231 2445 2320 2493 Eu.
2340 2445 2380 2507 i,
2401 2449 2449 2495 2.
2473 2449 2538 2493 10
2591 2445 2650 2492 Se
2686 2444 2744 2493 iri

1685 2511 1984 2571 praepositum
1997 2510 2080 2557 tibi
2096 2511 2220 2572 apud
2237 2526 2310 2557 me
2322 2510 2414 2559 Eu.
2439 2510 2474 2570 i,
2487 2514 2534 2558 2.
2545 2514 2611 2559 60
2632 2510 2743 2557 Sine

1682 2573 1816 2621 illurn
1841 2574 2013 2635 priores
2034 2584 2185 2637 partes
2205 2576 2330 2637 apud
2353 2590 2428 2621 me
2447 2574 2616 2622 habere
2648 2573 2740 2621 Eu.

1682 2638 1719 2694 i,
1743 2642 1790 2687 2.
1809 2644 1872 2687 72
1906 2638 2032 2685 Olim
2071 2638 2148 2685 isti
2185 2639 2276 2686 fuit
2309 2638 2741 2701 generi-quondam

1685 2710 1888 2763 quaestus
1909 2704 2034 2765 apud
2058 2702 2244 2749 Seclum
2267 2705 2392 2765 prius
2425 2702 2514 2749 En.
2537 2702 2589 2757 ii,
2611 2706 2660 2751 2.
2680 2707 2740 2752 15

1683 2764 1753 2813 At
1774 2773 1826 2813 tu
1845 2767 1974 2829 apud
1995 2783 2080 2814 nos
2103 2766 2177 2815 hie
2199 2782 2336 2814 mane
2368 2766 2457 2813 Eu.
2490 2764 2563 2820 iii,
2595 2770 2644 2813 3.
2677 2770 2742 2814 28

1683 2829 1836 2876 Immo
1857 2832 1985 2893 apud
2018 2830 2231 2877 libertum
2254 2830 2450 2877 Discum
2483 2829 2576 2876 Eu.
2601 2830 2669 2883 iii,
2691 2837 2744 2878 ⁵.

1685 2899 1750 2943 60
1783 2894 1880 2943 Ubi
1901 2910 1958 2941 ea
1980 2895 2082 2942 est?
2113 2894 2204 2943 Th.
2227 2894 2372 2941 Domi
2394 2895 2520 2957 apud
2543 2910 2621 2940 me
2651 2892 2744 2941 Eu.

1683 2958 1753 3019 ἰν,
1773 2964 1820 3007 6.
1845 2964 1878 3005 9
1911 2958 2054 3022 Apud
2075 2957 2404 3021 Antiphonem
2417 2966 2742 3020 uterque,ma-

1687 3024 1757 3069 te'r
1775 3031 1824 3069 et
1848 3030 1976 3084 pater
2024 3022 2116 3069 Eu.
2149 3038 2196 3079 v,
2218 3027 2268 3071 2.
2295 3028 2321 3070 1
2357 3022 2424 3070 Ut
2460 3023 2662 3069 haeream
2691 3022 2743 3070 in

1686 3094 1818 3148 parte
1839 3088 1996 3149 aliqua
2019 3088 2206 3134 tandem
2227 3073 2362 3149 apud·
2385 3086 2612 3133 Thaidem
2652 3086 2746 3137 Eu.

1685 3165 1730 3204 v,
1754 3155 1801 3196 9.
1823 3155 1886 3198 25
1920 3151 1971 3197 Si
1992 3151 2287 3199 commodum
2306 3157 2393 3205 est,
2429 3150 2564 3211 apud‘
2579 3164 2656 3196 me
2678 3150 2744 3197 sis

1687 3212 1792 3259 volo
1842 3214 1964 3261 Hea.
2002 3216 2036 3271 i,
2071 3218 2114 3263 1.
2140 3219 2232 3264 110
2284 3214 2571 3263 Jarndudum
2611 3214 2743 3260 domi

1685 3284 1854 3339 praesto
1877 3279 2004 3341 apud
2023 3295 2096 3325 me
2109 3294 2209 3327 esse
2221 3279 2354 3325 aiunt
2385 3276 2506 3325 Hea.
2528 3278 2563 3333 i,
2584 3282 2628 3325 1.
2647 3282 2743 3326 120

1683 3339 1830 3404 Apud
1851 3357 1936 3389 nos
1958 3350 2031 3390 est
2061 3342 2182 3392 Hea.
2206 3342 2240 3395 i,
2257 3347 2304 3392 2.
2326 3346 2357 3391 8
2387 3342 2493 3388 Tua
2512 3342 2640 3404 apud
2658 3356 2743 3403 pa-

1685 3412 1798 3452 trem
1821 3407 1972 3453 amica
1989 3415 2142 3455 tecum
2164 3408 2265 3454 sine
2286 3412 2413 3453 metu
2435 3413 2490 3452 ut
2511 3406 2586 3461 sit,
2604 3406 2744 3467 copia

1685 3477 1757 3515 est
1804 3470 1928 3517 Hea.
1959 3471 2011 3527 ii,
2033 3475 2081 3520 3.
2115 3476 2177 3521 87
2234 3471 2508 3533 Eademque
2539 3476 2590 3515 ut
2620 3476 2744 3515 esset

1685 3534 1812 3595 apud
1835 3541 1882 3581 te
1904 3550 2042 3598 quam
2065 3534 2324 3597 gratissima
2357 3534 2477 3583 Hea.
2499 3533 2554 3593 ii,
2575 3537 2623 3581 3.
2646 3537 2740 3581 127

1683 3597 1792 3646 Jam
1827 3614 1954 3645 nunc
1987 3601 2089 3647 haee
2108 3615 2204 3647 non
2227 3607 2298 3647 est
2319 3606 2416 3647 tua.
2450 3598 2565 3646 Clit.
2595 3596 2706 3645 Scio
2727 3612 2745 3657 3

1684 3662 1813 3723 apud
1843 3670 2018 3725 patrem
2054 3663 2176 3711 Hea.
2203 3663 2284 3718 iii,
2317 3668 2364 3712 3.
2390 3667 2484 3711 136
2535 3661 2743 3709 Ubinam

1684 3733 1771 3781 est,
1799 3726 1996 3789 quaeso?
2031 3727 2124 3776 Ch.
2160 3725 2310 3789 Apud
2349 3742 2424 3774 me
2459 3726 2587 3773 domi
2620 3724 2745 3774 Hea.

1681 3788 1753 3845 iii,
1775 3794 1821 3837 1.
1842 3794 1902 3837 21
1939 3790 2048 3845 Quo
2070 3806 2286 3838 maxume
2315 3792 2443 3855 apud
2481 3799 2528 3837 te
2561 3805 2612 3837 se
2647 3789 2744 3836 val·

1683 3868 1760 3899 ere
1813 3853 1986 3901 sentiet
2034 3853 2156 3904 Hea.
2213 3855 2286 3911 iii,
2316 3861 2362 3903 1.
2397 3860 2464 3903 79
2517 3852 2587 3900 At
2627 3852 2743 3899 mihi

1683 3916 1799 3964 fides
1821 3918 1946 3979 apud
1965 3918 2089 3965 hunc
2106 3926 2179 3966 est
2211 3918 2332 3969 Hea.
2353 3919 2429 3973 iii,
2445 3922 2492 3967 3.
2511 3923 2573 3966 10
2595 3917 2739 3980 Apud

1681 3995 1822 4090 guam
1843 3996 2118 4093 εκρτοιὲιεὲἷῖ
2134 3983 2292 4029 omnia
2313 3998 2417 4094 nli-eg
2439 3983 2743 4093 ΐοιέιὲἰῑειῖἓυ-

1717 4058 1990 4093 eamtau
2105 4062 2438 4095 iumnoie
2539 4060 2740 4093 ris:

1684 4111 1810 4169 apud
1833 4062 1977 4157 aliui’n
1997 4111 2143 4172 ipsius
2155 4063 2270 4159 factli
2285 4113 2434 4175 pudet
2465 4064 2614 4161 Heag.n
2611 4111 2680 4165 iii,
2695 4113 2742 4156 ³.

1685 4176 1765 4223 14.
1791 4178 1850 4222 15
1886 4172 2033 4237 Apud
2055 4191 2164 4223 eum
2204 4175 2338 4223 miles
2371 4175 2607 4239 Dionysia
2643 4172 2742 4233 agi-

1685 4244 1754 4283 tat
1786 4238 1907 4286 Hea.
1931 4239 1994 4295 iv,
2011 4244 2060 4289 4.
2081 4244 2140 4289 11
2186 4238 2312 4286 Scin'
2335 4240 2414 4286 ubi
2435 4255 2560 4287 nunc
2578 4240 2639 4286 sit
2655 4236 2740 4284 tibi

1685 4309 1767 4349 tua
1791 4302 2024 4351 Bacchis?
2064 4304 2140 4352 cl.
2175 4303 2320 4367 Apud
2355 4319 2457 4355 nos.
2489 4304 2574 4368 Sy.
2610 4302 2740 4349 Non.
