3192 4975
599 441 851 512 ccxxvi

603 615 670 668 ibi
693 609 1005 674 obstupefecit
1022 608 1173 672 pudor
1207 609 1296 660 Ph.
1317 607 1370 665 ii,
1391 615 1438 658 l.
1459 613 1521 660 54

669 681 983 740 Obstupesco.
1048 672 1284 739 Obstupui
1340 674 1404 724 A.
1437 675 1470 730 i,
1503 681 1552 723 5.
1587 679 1649 724 21

607 744 810 794 Animus
862 739 1026 788 timore
1080 739 1320 804 obstupuit
1367 739 1653 804 (obstipuit)

600 809 697 856 Ad.
717 808 780 860 iv,
806 811 854 855 4.
876 809 906 853 3
1211 859 1216 862 ,

669 872 863 919 Obsum.
927 863 1126 915 Profuit.
1183 865 1269 916 Lu.
1313 865 1464 914 Immo
1501 865 1655 914 obfuit

601 933 696 985 He.
719 935 793 994 iii,
813 940 862 983 5.
883 935 944 982 13
978 931 1172 986 Melius,
1189 930 1326 994 pejus
1345 949 1360 991 ;
1383 933 1544 996 prosit,
1567 932 1653 978 ob·

601 1001 664 1048 sit
695 999 818 1047 Hea.
837 997 904 1054 iv,
928 999 976 1046 1.
999 1001 1064 1045 30
1118 995 1188 1044 Ut
1228 1003 1472 1043 consumet
1507 1011 1653 1051 nunc,

601 1079 710 1113 cum
731 1061 848 1110 nihil
873 1061 1029 1108 obsint
1049 1059 1150 1106 doli
1180 1058 1242 1109 A.
1263 1061 1297 1116 i,
1321 1065 1367 1108 1.
1390 1063 1483 1109 133
1531 1060 1653 1118 Quae

598 1127 691 1176 ista
725 1134 798 1174 est
835 1125 1057 1190 pravitas,
1092 1124 1220 1186 quod
1243 1124 1435 1189 peccavi
1455 1140 1563 1188 ego,
1600 1124 1652 1171 id

601 1195 766 1240 obesse
782 1191 893 1238 huic
912 1190 929 1236 ?
961 1187 1084 1236 Heu.
1107 1205 1152 1243 v,
1175 1192 1223 1236 2.
1244 1193 1306 1237 21

667 1255 971 1318 Obtempero.
1025 1250 1262 1315 Mibijam
1285 1253 1456 1308 minus,
1475 1250 1653 1298 miuus-

609 1337 704 1386 que
746 1321 1039 1380 obtemperat
1091 1316 1210 1365 Hes.
1242 1316 1314 1374 iii,
1346 1321 1396 1366 8.
1429 1320 1492 1365 33
1546 1315 1655 1364 Neo

602 1392 789 1450 gnatus,
810 1397 964 1447 neque
982 1381 1059 1429 hic
1081 1381 1453 1445 mihiquicquarn
1473 1379 1653 1429 obtem·

599 1454 770 1515 perant
801 1447 893 1494 He.
915 1445 987 1501 iii,
1013 1451 1060 1494 5.
1081 1449 1145 1494 62
1197 1443 1310 1502 Ubi,
1332 1445 1373 1492 si
1427 1445 1510 1493 uid
1533 1445 1655 1492 bene

600 1512 871 1578 praecipias,
892 1525 1030 1557 nemo
1053 1509 1378 1571 obtemperet?
1446 1508 1496 1559 d.
1518 1508 1590 1571 iii,
1607 1513 1655 1557 3.

604 1583 670 1628 80
701 1577 775 1624 Tu
797 1575 929 1624 Deos
943 1587 1235 1638 comprecare
1256 1589 1269 1626 ς
1296 1572 1383 1620 tibi
1405 1589 1503 1631 eos,
1524 1580 1653 1620 certo

604 1643 721 1697 scio,
737 1641 1133 1704 obtemperaturos
1151 1637 1297 1701 magis
1332 1637 1423 1686 Ad.
1439 1637 1504 1694 iv,
1524 1643 1573 1686 5.
1587 1641 1651 1688 71

669 1705 908 1762 Obtestor.
975 1703 1067 1750 Per
1101 1700 1244 1764 hujus
1272 1701 1568 1750 solitudinem
1606 1707 1653 1749 te

605 1771 828 1825 obtestor,
850 1784 911 1816 nc
943 1767 1005 1815 A.
1027 1768 1061 1823 i,
1082 1772 1132 1815 5.
1152 1770 1218 1815 56

670 1833 890 1881 Obticeo.
973 1831 1120 1894 Virgo
1173 1829 1433 1878 lacrumans
1479 1828 1655 1877 obticet

603 1897 694 1946 Eu.
717 1915 765 1953 v,
788 1901 836 1945 1.
858 1901 888 1945 4
932 1895 1061 1953 Quid
1085 1893 1318 1942 obticuisti
1338 1895 1355 1941 ?
1389 1893 1512 1940 Heu.
1533 1909 1578 1948 v,
1605 1898 1651 1941 l.

603 1965 667 2012 65
704 1961 864 2010 Hem!
898 1960 1016 2024 quid
1036 1973 1163 2011 nunc
1185 1957 1456 2007 emicuisti.¹>
1491 1957 1582 2010 Ph.
1607 1974 1653 2013 v,

673 2089 897 2138 Ob'tineo.
962 2087 1256 2143 Pot,'crito,
1294 2085 1535 2149 antiquum
1570 2087 1653 2133 ob-

605 2155 730 2202 tines
762 2154 824 2202 A.
845 2154 909 2211 iv,
933 2158 980 2202 5.
1001 2156 1068 2202 22
1102 2150 1361 2218 Antiquam
1384 2152 1505 2198 adeo
1525 2159 1654 2198 tuam

603 2225 898 2266 venustatem
919 2217 1122 2292 obtines..
1185 2214 1372 2270 Morem
1393 2215 1655 2277 antiquom,

602 2281 1209 2392 {2530332512'3332223
1230 2277 1466 2404 ..Hni'qizss
1477 2283 1655 2391 ἒιῗιὲἷὲ

607 2410 820 2457 Gloriam
859 2415 909 2456 tu
942 2408 1076 2454 istam
1117 2405 1280 2454 obtine
1315 2405 1408 2454 Ad.
1433 2423 1478 2463 v,
1501 2413 1546 2455 3.
1568 2410 1651 2457 26.

674 2535 909 2601 obtingit.
974 2534 1101 2593 Quia
1129 2540 1304 2598 ‘praeter
1323 2548 1474 2597 spem,
1512 2542 1655 2599 atque

607 2600 882 2649 incredibile
903 2601 994 2648 boc
1015 2598 1130 2646 mihi
1161 2598 1330 2661 obtigit
1364 2598 1453 2645 Ph.
1478 2599 1530 2657 ii,
1555 2607 1601 2651 1.
1622 2604 1656 2649 9

603 2664 776 2729 Itaque
797 2664 1043 2727 obtingant
1063 2680 1119 2711 ex
1143 2672 1206 2719 te,
1228 2677 1333 2725 quae
1355 2670 1546 2727 exopto,
1568 2664 1655 2711 mi·

603 2730 672 2785 bi,
710 2738 766 2777 ut
805 2729 898 2777 He.
930 2729 995 2790 iv,
1015 2732 1063 2777 2.
1085 2733 1115 2777 3
1170 2727 1356 2782 Nescis,
1385 2726 1499 2789 quid
1539 2728 1656 2775 mihi

607 2793 845 2855 obtigerit.
877 2794 974 2842 Da.
991 2792 1130 2841 Certe
1148 2812 1160 2838 ε
1194 2792 1276 2841 scd
1298 2790 1414 2854 quid
1436 2792 1548 2839 mihi
1569 2794 1657 2841 ob·

605 2858 783 2921 tigerit,
805 2859 903 2906 scio
937 2856 1002 2905 A.
1026 2873 1071 2912 v,
1093 2862 1142 2905 6.
1161 2861 1192 2905 2
1247 2855 1375 2913 Quid
1405 2864 1547 2917 gnato
1569 2859 1656 2905 ob-

603 2921 776 2986 tigerit,
814 2938 889 2970 me
927 2921 1138 2982 absente,
1172 2918 1429 2968 audistin'?
1475 2920 1566 2969 Ph.
1587 2922 1655 2979 iv,

605 2991 655 3035 1.
682 2991 736 3035 u
779 2986 888 3034 Hoc
909 2984 1152 3041 confiteor,
1167 2984 1274 3048 jure
1295 2983 1412 3029 mihi
1430 2984 1655 3049 obtigisse

603 3049 668 3099 A.
690 3050 760 3105 iii,
778 3056 826 3099 5.
849 3054 882 3099 2
932 3048 1064 3097 Istuc
1097 3050 1181 3095 tibi
1218 3064 1276 3096 ex
1310 3049 1540 3097 sententia
1573 3056 1656 3098 tna

605 3114 830 3177 obtigisse
884 3112 1015 3160 laetor
1066 3112 1189 3161 Heu.
1221 3113 1285 3169 iv,
1318 3115 1367 3160 3.
1398 3117 1428 3159 5
1497 3113 1655 3162 Loetus

605 3193 725 3236 sum,
757 3178 884 3226 fratri
923 3178 1166 3241 obtigisse,
1196 3177 1322 3241 quod
1359 3177 1456 3225 volt
1492 3178 1584 3226 Ph.
1604 3195 1653 3237 v,

673 3305 906 3355 Obtrudo.
961 3302 1215 3368 Nunquam
1238 3320 1378 3354 ausus
1398 3322 1498 3354 sum
1519 3320 1652 3354 recu-

606 3384 707 3417 sare
727 3384 848 3427 eam,
905 3384 1008 3416 uam
1032 3370 1145 3416 mibi
1165 3370 1374 3417 obtrudit
1394 3378 1525 3433 pater
1555 3370 1653 3423 Hc.

602 3430 670 3488 iii,
695 3438 743 3482 1.
761 3437 825 3482 lo
990 3433 1210 3497 quonium
1251 3433 1428 3482 nemini
1465 3436 1653 3483 obtrudi

602 3504 777 3559 potest,
795 3497 888 3545 itur
909 3498 966 3545 ad
990 3512 1064 3546 me
1097 3497 1159 3545 A.
1178 3499 1214 3558 i,
1237 3503 1287 3547 5.
1309 3503 1368 3547 15

669 3560 914 3617 Obtundo.
955 3562 1212 3619 obtundis,
1235 3563 1416 3610 tametsi
1438 3563 1651 3627 intelligo

601 3621 668 3671 A.
690 3626 742 3682 ii,
764 3631 813 3676 2.
838 3631 897 3674 11
954 3625 1210 3675 Obtundis.
1256 3626 1351 3674 An.
1383 3626 1526 3675 Haud
1548 3627 1651 3676 lon·-

603 3704 714 3751 gum
757 3698 830 3738 est
868 3690 936 3746 id,
980 3692 1106 3754 quod
1149 3698 1250 3738 orat
1301 3692 1390 3740 Ph.
1423 3691 1496 3753 iii,
1517 3697 1564 3741 2.
1586 3697 1652 3741 30

601 3753 714 3803 Ah!
750 3754 992 3802 ausculta:
1025 3770 1087 3802 ne
1119 3770 1194 3802 me
1226 3756 1459 3803 obtundas
1481 3757 1541 3803 de
1563 3758 1653 3805 huc

599 3831 652 3863 re
671 3820 844 3883 'saepius
876 3819 970 3867 Ad.
987 3818 1024 3882 i,
1044 3824 1094 3869 2.
1112 3823 1176 3868 33
1210 3819 1416 3883 Quoquo
1437 3834 1559 3875 eam,
1576 3836 1652 3867 ro·

603 3881 800 3943 gitundo
844 3884 1094 3947 obtundat,
1135 3890 1302 3932 enecet
1347 3882 1438 3931 Eu.
1460 3883 1533 3943 iii,
1552 3891 1601 3933 5.
1620 3890 1653 3934 6

601 3945 740 3995 Ohe!
771 3946 872 4011 jam
894 3948 1057 3997 desine
1085 3945 1236 4011 Deos,
1258 3962 1390 4005 uxor,
1413 3948 1652 4011 gratulan-

601 4010 666 4057 do
689 4014 946 4060 obtundere
977 4012 1101 4061 Hes.
1123 4028 1172 4074 γ,
1196 4016 1242 4071 l.
1265 4015 1299 4060 6

668 4074 900 4125 Obturbo.
963 4076 1100 4125 Itane
1140 4090 1248 4142 vero
1291 4076 1542 4139 obturbat?
1584 4075 1649 4125 A.

599 4150 632 4181 V
671 4143 719 4187 4.
739 4146 802 4189 23

632 4171 648 4194 ’
667 4201 882 4251 Obviam.
947 4204 1004 4251 In
1026 4204 1130 4267 ipso
1161 4211 1369 4273 tempore
1392 4219 1552 4251 eccum
1573 4204 1650 4269 ip-

603 4268 910 4315 sum‘obviam
949 4268 1005 4318 A.
1023 4269 1094 4330 iii,
1106 4272 1154 4317 2.
1177 4272 1240 4317 52
1273 4268 1552 4333 Opportune
1572 4270 1650 4317 hic

601 4325 657 4373 fit
678 4328 789 4376 mihi
811 4332 992 4379 obviarn
1014 4331 1080 4381 A.
1097 4332 1167 4390 iii,
1187 4337 1236 4383 4.
1262 4337 1319 4385 11
1357 4332 1651 4381 Concurrunt

1591 457 1833 510 mnnx

1724 609 1788 656 mi
1812 607 1992 655 obviam
2016 603 2306 670 cupedin'arii
2338 606 2429 656 Eu.
2452 607 2505 667 ii,
2522 609 2656 662 2⁵25
2708 603 2777 672 ff,

1724 675 1835 720 dum
1876 687 2043 736 sequor
2062 673 2203 727 banc,
2242 672 2296 719 fit
2318 673 2428 720 mihi
2464 674 2649 724 obviam
2683 677 2775 726 Eu.
2839 701 2845 708 ·

1722 738 1775 794 ii,
1795 741 1843 784 3.
1868 739 1932 784 36
1965 735 2121 784 Notus
2141 737 2256 783 mihi
2274 736 2465 800 quidem
2486 740 2671 788 obviam
2696 753 2772 790 ve·-

1724 803 1797 848 uit
1819 799 1907 849 Eu.
1931 817 1977 856 v,
1998 805 2048 849 2.
2064 806 2095 850 4
2130 799 2227 848 Abi
2249 802 2360 848 dum
2382 809 2433 849 tu
2455 802 2549 851 illis
2570 805 2774 862 obviam,

1724 863 2315 994 imiimirahiiiffiiffi
2338 866 2494 978 ἓξὲξ...
2506 867 2777 996 Ηξυῗέἲέ·

1724 1002 1817 1040 tarn
1835 993 2058 1041 familiam
2081 993 2195 1042 mibi
2216 995 2319 1041 duri
2340 995 2541 1058 obviarn,
2559 1003 2628 1044 ut.
2667 997 2773 1061 Op-

1726 1057 1838 1119 pido
1861 1066 2122 1120 opportune
2144 1065 2191 1106 te
2213 1058 2421 1106 obtulisti
2452 1060 2771 1111 mihi-obviam

1722 1120 1821 1169 Ad.
1845 1122 1917 1182 iii,
1938 1127 1988 1171 2.
2010 1127 2090 1172 13.
2108 1127 2174 1172 24
2219 1122 2293 1170 Tu
2315 1124 2469 1186 pueris
2490 1139 2619 1172 curre
2640 1125 2775 1174 obvi.-

1725 1201 1800 1232 ειη
1833 1185 1927 1233 He.
1950 1186 2017 1242 iii,
2039 1191 2088 1235 2.
2110 1192 2174 1236 24
2227 1185 2297 1234 At
2316 1199 2405 1254 ego
2422 1189 2773 1237 'obviamconn-

1725 1250 1808 1296 bar
1850 1251 1955 1311 tibi,
1998 1249 2135 1298 Dave
2180 1249 2269 1300 Ph.
2302 1251 2340 1307 i,
2372 1257 2422 1301 2.
2444 1257 2489 1301 2·
2530 1254 2643 1316 Ipse
2684 1261 2777 1311 est,

1726 1329 1864 1376 quem
1902 1315 2031 1362 volui
2072 1314 2257 1363 obviarn
2305 1316 2393 1363 Ph.
2418 1316 2453 1374 i,
2474 1321 2523 1366 4.
2548 1322 2613 1367 19
2668 1317 2774 1365 Mei

1725 1377 1874 1428 fratris
1898 1380 2037 1432 video
2070 1379 2217 1430 filium
2237 1379 2352 1426 mihi
2370 1380 2437 1428 ire
2458 1381 2645 1428 obviam
2679 1380 2773 1433 Pb.

1726 1443 1775 1498 ii,
1790 1448 1820 1490 ’1
1834 1479 1846 1491 .
1868 1447 1932 1492 23
1972 1443 2040 1491 Ut
2062 1443 2156 1491 abii
2178 1443 2261 1490 abs
2280 1450 2345 1505 te,
2368 1443 2423 1490 fit
2440 1444 2561 1492 forte
2582 1445 2773 1494 obviam

1727 1506 1839 1562 mihi
1861 1507 2080 1556 Phormio
2112 1507 2202 1554 Ph.
2224 1507 2292 1569 iv,
2314 1513 2361 1556 3.
2387 1513 2449 1557 12
2543 1525 2549 1532 ·

1791 1572 2007 1620 Occasio.
2073 1571 2368 1620 Concurrunt
2392 1571 2551 1620 multe
2585 1572 2774 1636 opinio-

1724 1650 1825 1690 nes,
1844 1645 1851 1650 '
1872 1634 2020 1691 locus,
2054 1637 2258 1692 occasio,
2294 1644 2425 1692 oetas,
2470 1646 2617 1685 mater
2648 1637 2773 1690 Heu.

1724 1698 1777 1757 ii,
1811 1703 1859 1748 2.
1883 1705 1913 1750 4
1966 1701 2154 1749 Summa
2206 1700 2432 1749 eludendi
2474 1702 2661 1750 occasio
2704 1709 2775 1754 cst

1725 1763 1840 1812 mihi
1872 1781 2001 1815 nunc
2032 1780 2166 1813 senes
2198 1765 2290 1812 Pb.
2314 1780 2359 1822 v,
2379 1768 2429 1813 6.
2451 1770 2513 1815 45
2549 1765 2645 1828 'An
2683 1782 2771 1830 ego

1724 1828 2033 1886 occasionem,
2075 1836 2270 1892 tantam,
2310 1835 2405 1876 tam
2435 1830 2642 1893 brevem,
2680 1838 2774 1890 tarn

1726 1898 1951 1954 optatam,
1998 1903 2091 1942 tarn
2131 1894 2434 1958 insperatam,
2475 1894 2772 1952 amitterem?

1725 1955 1817 2003 Eu.
1841 1957 1909 2017 iii,
1930 1964 1978 2005 5.
2001 1963 2069 2007 56

1790 2020 1990 2070 Occido.
2057 2021 2289 2084 Ctesipho
2317 2037 2391 2070 rue
2427 2023 2599 2088 pugnis
2636 2023 2773 2070 mise-

1724 2101 1844 2142 rum,
1883 2093 1933 2132 et
1968 2087 2103 2136 istam
2127 2086 2390 2147 Psaltriam,
2420 2103 2570 2151 usque
2599 2086 2776 2135 occidit

1725 2149 1823 2198 Ad.
1855 2149 1923 2209 iv,
1946 2154 1997 2199 2.
2020 2156 2085 2201 20
2142 2149 2383 2198 Occidunt
2432 2167 2508 2198 me
2563 2151 2773 2215 quidem,

1727 2215 1840 2260 dum
1874 2213 1973 2262 Ad.
1997 2231 2044 2272 v,
2057 2219 2107 2264 7.
2132 2218 2159 2263 1
2193 2215 2289 2264 Hei
2304 2215 2418 2262 mibi
2438 2216 2449 2262 !
2472 2215 2687 2265 occidisti
2699 2231 2775 2265 me

1728 2278 1823 2326 tuis
1842 2272 2041 2328 fall'aciis
2072 2279 2162 2328 Ph.
2180 2279 2248 2336 iv,
2270 2281 2324 2327 3.“
2340 2283 2405 2329 67
2452 2279 2503 2328 Si
2524 2281 2773 2344 quicquam

1727 2341 1938 2391 invenies
1960 2359 2035 2391 me
2056 2343 2319 2401 mentitum,
2338 2343 2543 2392 occidito
2575 2343 2635 2392 A.
2656 2361 2705 2400 v,
2722 2349 2777 2394 2.

1727 2411 1793 2455 22
1843 2408 1895 2455 Si
1915 2407 2052 2456 aliam
2075 2408 2304 2456 admisero
2325 2421 2549 2472 unquam,
2572 2408 2779 2457 occidito

1727 2469 1821 2518 Eu.
1841 2488 1886 2527 v,
1910 2476 1957 2521 2.
1982 2475 2041 2521 14
2098 2471 2195 2520 Ubi
2231 2488 2321 2537 ego
2356 2473 2465 2523 binc
2486 2473 2660 2531 abiero,
2696 2473 2773 2523 vel

1727 2536 1935 2583 occidito
1968 2536 2058 2584 Ph.
2080 2536 2115 2593 i,
2134 2541 2184 2585 2.
2204 2540 2271 2586 93

1794 2598 1995 2649 Occido.
2063 2600 2261 2649 Occidi!
2306 2600 2374 2649 A.
2404 2600 2475 2657 iii,
2504 2604 2555 2650 4.
2588 2606 2669 2653 13.
2690 2606 2775 2652 26.

1730 2662 1821 2711 Eu.
1842 2664 1895 2719 ii,
1917 2668 1966 2714 3.
1993 2670 2038 2715 1.
2090 2665 2156 2726 iv,
2174 2670 2224 2715 4.
2246 2670 2328 2715 34.
2382 2670 2598 2719 noan.
2648 2666 2773 2715 Heu.

1728 2742 1776 2785 v,
1799 2732 1844 2779 1.
1867 2733 1947 2778 35.
2001 2728 2099 2778 Ad.
2131 2730 2188 2787 ii,
2208 2734 2258 2779 4.
2278 2735 2325 2780 1.
2380 2730 2475 2778 He.
2494 2730 2579 2793 iv,
2604 2734 2656 2781 4.
2689 2736 2771 2791 16.

1729 2792 1822 2840 Ph.
1856 2793 1891 2849 i,
1913 2798 1963 2842 4.
1984 2798 2067 2843 21.
2120 2794 2185 2856 iv,
2205 2798 2254 2843 8.
2278 2799 2343 2843 36
2394 2794 2553 2843 Hem!
2608 2796 2773 2855 miser-a

1729 2856 1881 2904 occidi
1916 2856 2007 2910 Eu.
2026 2873 2076 2915 ν,
2099 2863 2146 2907 1.
2171 2863 2230 2907 11
2750 2864 2759 2873 ’

1795 2921 2013 2985 Occipio.
2079 2921 2175 2971 Ubi
2204 2922 2388 2987 pultare
2422 2924 2563 2971 hasce
2598 2920 2773 2989 (fores)

1730 2986 1916 3049 occipio
1938 2987 2075 3034 miser
2104 2986 2205 3034 Ad.
2227 2988 2292 3046 iv,
2311 2991 2361 3035 4.
2382 2992 2447 3036 24
2497 2987 2594 3037 Ubi
2614 2989 2661 3035 in
2684 3004 2775 3053 gy-

1727 3064 1937 3098 naeceum
1956 3051 2021 3099 ire
2043 3051 2228 3115 occipio
2262 3052 2351 3099 Ph.
2372 3068 2419 3108 v,
2440 3056 2491 3101 θ.
2512 3056 2580 3101 22
2624 3052 2775 3101 Acce-

1727 3114 1802 3177 pit
1822 3113 2158 3171 conditionem,
2178 3114 2290 3162 dein
2327 3122 2557 3178 quaestum
2597 3116 2776 3180 occipit
2862 3162 2865 3167 .

1726 3176 1789 3225 A.
1808 3179 1841 3234 i,
1868 3183 1912 3227 1.
1934 3183 1999 3227 52
2051 3178 2126 3225 Ibi
2150 3177 2231 3226 illa
2266 3192 2371 3227 curn
2408 3178 2497 3227 illo
2512 3191 2773 3228 sermonem

1726 3242 1909 3304 occipit
1934 3242 2028 3289 Eu.
2045 3242 2113 3302 iv,
2134 3247 2180 3291 1.
2202 3248 2234 3292 8
2268 3242 2417 3306 Ques,
2433 3242 2636 3291 malum!
2672 3257 2771 3292 am·

1726 3305 1868 3371 bages
1888 3306 2001 3353 mihi
2038 3322 2221 3356 narrare
2260 3307 2469 3371 occipit?
2504 3308 2628 3357 Heu.
2648 3308 2701 3366 ii,
2722 3312 2773 3357 3.

1725 3374 1791 3419 78
1855 3370 1975 3419 Cum
1998 3379 2149 3435 pater,
2171 3388 2361 3421 uxorem
2382 3379 2439 3420 ut
2458 3372 2625 3437 ducat,
2642 3386 2772 3421 orare
2832 3430 2847 3441 .

1726 3434 1903 3498 occipit
1932 3434 2027 3483 He.
2050 3437 2083 3494 i,
2104 3440 2154 3486 2.
2170 3442 2233 3487 41
2289 3436 2493 3484 Minime
2512 3437 2667 3493 miror,
2686 3436 2773 3501 qui

1723 3496 1925 3548 insanire
1962 3501 2207 3563 occipiunt
2242 3517 2299 3550 ex
2318 3499 2493 3563 injuria
2521 3497 2620 3547 Ad.
2643 3500 2694 3555 ii,
2720 3507 2771 3552 1.

1723 3566 1788 3612 43
1842 3563 1996 3611 Modo
2036 3565 2237 3622 dolores,
2274 3580 2379 3612 mea
2416 3570 2486 3620 tu,
2522 3563 2772 3626 occipiunt

1724 3626 1976 3689 primulum
2007 3628 2107 3676 Ad.
2130 3627 2200 3685 iii,
2222 3634 2269 3679 1.
2290 3632 2323 3677 2
2376 3626 2427 3674 Si
2450 3627 2565 3691 quid
2584 3643 2771 3678 narrare

1724 3692 1891 3753 occepi
1922 3692 1983 3740 A.
2002 3692 2072 3750 iii,
2094 3697 2143 3741 2.
2166 3696 2231 3742 24
2279 3691 2463 3755 Occepi
2481 3708 2667 3741 mecum
2687 3708 2769 3742 co-

1724 3756 1873 3819 gitare
1903 3755 1994 3803 Eu.
2016 3756 2080 3813 iv,
2097 3759 2147 3805 2.
2167 3760 2200 3805 8
2230 3754 2403 3804 Amare
2424 3757 2613 3821 occepit
2633 3758 2770 3805 alium

1722 3818 1820 3868 Ad.
1840 3820 1911 3876 iii,
1944 3825 1993 3869 2.
2026 3824 2091 3869 29
2144 3820 2333 3872 Interea
2372 3820 2530 3885 miles,
2602 3823 2651 3869 ui
2690 3834 2769 3869 mc

1724 3897 1877 3932 amare
1911 3892 2159 3947 occeperat
2204 3884 2297 3933 Eu.
2317 3884 2357 3944 i,
2374 3890 2424 3935 2.
2444 3890 2510 3936 45
2613 3886 2771 3935 nando

1722 3964 1828 3995 eum
1870 3955 2099 4011 quaestum
2142 3950 2382 4014 occeperis
2426 3949 2526 3999 Ad.
2557 3950 2613 4007 ii,
2635 3954 2685 4000 1.
2705 3953 2770 3999 52

1724 4012 1822 4070 Qui
1844 4013 1885 4060 si
1906 4013 2157 4077 occeperit,
2182 4013 2343 4061 ludum
2358 4014 2617 4078 jocumque
2639 4015 2770 4063 dices

1722 4076 1865 4125 fuisse
1886 4077 2017 4124 ilium
2042 4076 2237 4125 alterum
2268 4078 2358 4126 Eu.
2379 4078 2430 4135 ii,
2452 4082 2500 4126 3.
2522 4082 2553 4126 8
2586 4077 2769 4141 Magis-

1722 4147 1869 4189 tratus
1888 4156 1995 4189 cum
2032 4142 2097 4190 ibi
2119 4142 2337 4203 adesset,
2358 4140 2653 4205 (comoedia)
2685 4156 2767 4189 oc-

1721 4213 1863 4269 cepta
1882 4213 1954 4254 est
1974 4206 2050 4270 agi
2082 4206 2173 4253 Eu.
2194 4206 2319 4255 Prol.
2338 4210 2404 4255 22
2448 4206 2556 4262 Qua
2576 4205 2665 4253 hoc
2688 4220 2771 4253 oc·

1722 4278 1913 4333 ceptum
1932 4278 2007 4319 est
2026 4286 2183 4332 causa,
2206 4271 2391 4333 loquere
2413 4268 2537 4316 Heu.
2556 4270 2660 4330 iv,l
2672 4302 2685 4316 .
2703 4274 2773 4319 36

1790 4334 2024 4385 Occludo.
2064 4334 2285 4397 Dumque
2298 4331 2403 4399 ejus
2419 4333 2565 4383 libido
2582 4334 2771 4405 occlusa¹
