3192 4975
1188 465 1264 512 m
1311 451 1788 516 wunnn‘frunr.

375 657 399 674 ⁴,
433 611 683 672 Verborum·
722 611 798 658 Ex·
815 618 892 660 ar·
913 611 1024 659 hinc
1041 620 1176 660 'sume
1198 611 1420 660 verbenas

370 679 460 726 tibi
492 677 554 726 A.
575 679 640 735 iv,
662 681 710 726 3.
733 681 792 732 11
817 715 822 720 .

373 785 380 803 ;
437 744 658 800 Verbera.
719 740 828 789 Tibi
869 747 1006 788 erunt
1047 747 1210 802 paratu
1250 743 1419 790 verbu:

365 808 484 866 huic
525 806 704 860 homini
739 806 929 853 verbera
982 803 1106 853 Heu.
1147 805 1200 862 ii,
1239 811 1286 855 3.
1327 811 1418 856 115

365 870 652 920 Verberibus
688 881 858 918 casum
896 878 962 926 te,
1001 867 1156 926 Dave,
1186 871 1239 919 iu
1269 871 1422 934 pistri-

370 950 482 982 num
505 935 675 982 dedam
699 949 845 996 usque
866 935 928 981 ad
949 949 1111 981 necem
1143 933 1208 983 A.
1231 935 1264 990 i,
1287 940 1334 984 2.
1357 938 1423 986 28

436 999 646 1048 Verbere
667 999 864 1062 (verbs).
930 997 1088 1046 Domo
1109 1015 1186 1047 me
1215 1000 1390 1061 eripuit
1410 1016 1422 1046 ε

369 1063 627 1112 verberavit
679 1059 774 1110 Ad.
799 1063 847 1117 ii,
873 1069 915 1112 1.
937 1067 1000 1112 44
1055 1061 1166 1110 Non
1201 1063 1423 1127 puduisse

369 1128 606 1186 verberare
641 1127 878 1174 homiuem
912 1128 1110 1176 senem?
1164 1126 1262 1174 Ad.
1285 1127 1348 1189 iv,
1370 1133 1419 1177 2.

369 1195 435 1242 23
483 1191 588 1254 Ego
611 1191 896 1253 vapulando,
919 1193 998 1240 ille
1019 1193 1325 1248 verberando,
1345 1209 1421 1241 us-

367 1271 464 1318 que
487 1257 624 1302 ambo
645 1255 814 1303 defessi
837 1271 993 1305 sumus
1034 1255 1128 1304 Ad.
1153 1256 1203 1317 ii,
1225 1261 1272 1305 2.
1294 1263 1324 1305 5

437 1320 646 1367 Verbero
667 1319 966 1384 (substant.)
1030 1319 1165 1366 Eho!
1216 1324 1422 1378 verbero.

369 1381 498 1431 uliud
523 1384 634 1432 mihi
655 1386 927 1447 respondes,
949 1399 1004 1432 ac
1027 1399 1138 1446 rogo
1175 1384 1266 1432 Ph.
1289 1384 1354 1444 iv,
1374 1392 1424 1436 4.

369 1452 402 1496 3
461 1447 519 1496 Id
551 1448 742 1512 quidem
775 1449 863 1496 tibi
877 1448 978 1511 jam
1001 1447 1101 1504 fiet,
1122 1449 1213 1496 nisi
1233 1451 1424 1514 resistis,

371 1513 595 1560 verbero!
631 1513 721 1562 Ph.
744 1518 856 1569 ηδ.
885 1519 945 1562 10

436 1576 660 1625 Verbum.
725 1577 899 1624 Verum
940 1576 1059 1624 illud
1103 1578 1290 1626 verbum
1335 1586 1424 1641 est,

371 1641 511 1705 volgo
532 1641 662 1704 quod
682 1642 777 1690 dici
797 1642 917 1690 solet
973 1641 1036 1690 A.
1070 1640 1123 1695 ii.
1145 1649 1192 1692 5.
1213 1647 1272 1692 15
1329 1643 1424 1690 Eo·

371 1705 483 1753 dem
513 1705 594 1754 die
630 1705 750 1753 istuc
771 1707 959 1754 verbum
982 1721 1087 1754 vere
1107 1705 1160 1752 in
1187 1715 1233 1754 te
1255 1707 1426 1754 accidit

369 1767 438 1817 A.
461 1787 506 1825 v,
529 1773 581 1818 3.
604 1773 666 1819 14
721 1769 926 1818 Verbum
961 1769 1118 1818 hercle
1153 1773 1245 1819 hoc
1270 1787 1425 1818 verum

367 1841 446 1882 est
479 1833 570 1882 Eu.
589 1833 658 1889 iv,
679 1841 727 1883 5.
748 1839 782 1884 6
828 1834 982 1882 Vetus
1003 1835 1194 1882 verbum
1214 1837 1304 1884 hoc
1321 1835 1426 1898 qui·

371 1897 482 1946 dem
503 1905 575 1948 est
626 1898 722 1949 Ad.
757 1916 802 1954 v,
837 1903 886 1947 3.
922 1903 982 1949 17
1037 1899 1250 1948 Fortasse
1280 1915 1423 1948 unum

367 1961 565 2026 aliquod
588 1963 774 2010 verbum
795 1963 920 2011 inter
937 1977 1016 2011 eas
1037 1964 1148 2010 iram
1173 1967 1294 2012 banc
1311 1981 1425 2014 con-

371 2025 536 2076 civerit
585 2027 680 2077 He.
701 2027 775 2084 iii,
799 2033 846 2077 1.
870 2032 934 2077 33
983 2028 1110 2085 Quid
1145 2029 1265 2076 istuc
1299 2030 1426 2076 verbi

371 2092 482 2140 est?
537 2092 628 2141 Ph.
652 2091 710 2153 ii,
730 2099 780 2142 2.
803 2097 866 2142 29
915 2092 1168 2156 Nunquam
1207 2093 1424 2156 cuiquam

371 2163 580 2204 nostrum
591 2156 778 2205 verbum
797 2157 909 2206 fecit
939 2158 1004 2205 A.
1021 2157 1053 2214 i,
1073 2162 1120 2205 2.
1139 2162 1168 2207 7
1202 2157 1424 2206 Miseram

371 2221 481 2268 me!
517 2219 650 2284 quod
682 2223 868 2270 verbum
903 2222 1080 2270 audio?
1115 2221 1316 2270 Ceusen’
1353 2222 1425 2274 ui-

371 2283 471 2332 lum
493 2301 566 2332 me
589 2286 776 2332 verbum
799 2285 1004 2349 potuisse
1029 2286 1158 2348 prolo
1195 2285 1274 2333 ui?
1307 2285 1424 2334 Ver-

373 2349 486 2408 bum
508 2365 652 2396 unum
685 2365 800 2397 cave
830 2351 891 2397 de
929 2349 1108 2413 nuptiis
1212 2385 1224 2399 .
1248 2351 1282 2404 i.
1304 2356 1351 2398 5.
1375 2356 1424 2400 5.

372 2417 454 2462 21.
487 2419 550 2463 65
607 2414 775 2469 Crede,
815 2430 1052 2477 nunquam
1093 2414 1234 2462 hodie
1271 2421 1424 2462 tecum

369 2485 762 2527 commutaturum
801 2490 976 2541 patrem
1013 2494 1156 2525 unum
1187 2494 1292 2526 esse
1326 2494 1425 2525 ver-

359 2542 483 2603 ‚bum
534 2543 597 2590 A.
621 2543 670 2599 ii,
691 2547 740 2591 4.
763 2548 795 2589 8
843 2542 1044 2589 Verbum
1067 2542 1114 2587 si·
1131 2542 1248 2589 mihi
1262 2558 1424 2597 unum,

374 2613 686 2717 ῩῖἷὛἛ.
721 2606 939 2713 ῗτῖἵὲ.ἶ,ῗ
953 2607 1279 2713 .ἷέῗιῗιέ.ἶὲἑῗ·
1292 2620 1427 2711 3⁸3⁰

376 2736 426 2781 2.
462 2736 524 2780 19
579 2732 797 2779 Ceterum
829 2731 892 2775 de
933 2728 1197 2775 exclusione
1239 2730 1428 2775 verbum

372 2794 574 2845 nullum.
613 2794 801 2841 Utinam
824 2793 941 2841 istuc
965 2793 1152 2839 verbum
1173 2807 1230 2838 ex
1253 2793 1426 2847 animo,

377 2875 434 2908 ac
467 2875 574 2907 vere
606 2858 784 2906 diceres
839 2856 928 2905 Eu.
962 2856 995 2912 i,
1029 2860 1078 2905 2.
1113 2859 1159 2903 8.
1181 2860 1242 2905 95
1299 2856 1428 2906 Cave

377 2925 592 2987 posthac,
615 2923 653 2969 si
675 2938 750 2971 me
781 2936 926 2977 amas,
962 2935 1164 2983 unquam
1188 2920 1306 2968 istuc
1329 2932 1428 2969 ver·-

379 2990 491 3036 bum
513 3004 571 3035 ex
593 2996 640 3035 te
669 2986 880 3034 aud-iam.
936 2984 1094 3031 Pudet
1127 2984 1301 3041 dicere,
1341 2987 1428 3033 hac

413 3060 624 3109 raesente,
637 3052 824 3099 verbum
847 3058 982 3111 turpe
1013 3048 1135 3097 Heu.
1155 3064 1202 3109 v,
1222 3054 1270 3098 4.
1292 3055 1341 3100 8.
1367 3054 1428 3099 19

425 3118 586 3165 erbum
609 3118 668 3163 de
692 3116 829 3163 verbo
852 3128 1116 3177 expressum
1131 3114 1297 3161 extulit
1330 3112 1427 3162 Ad.

379 3182 508 3231 Prol.
533 3187 591 3231 11
647 3180 752 3229 Jam
787 3180 826 3227 si
859 3180 1046 3226 verbum
1070 3193 1211 3224 unum
1234 3178 1428 3240 posthac

373 3244 480 3296 Ad.
505 3247 537 3308 i,
560 3251 608 3295 2.
629 3252 690 3295 55
745 3244 982 3292 Postremo
1019 3258 1114 3291 non
1136 3258 1290 3291 meum
1311 3243 1428 3290 illud

381 3312 570 3359 verbum
590 3310 713 3358 facio
761 3310 856 3356 Ad.
881 3324 926 3364 v,
944 3314 990 3355 8.
1014 3311 1080 3357 29
1121 3306 1270 3355 Hem!
1308 3306 1428 3356 istuc

377 3390 513 3423 serva
533 3392 546 3423 z
579 3383 628 3421 et
669 3374 856 3421 verbum
879 3374 1034 3426 verb0,
1057 3372 1257 3448 perpuri
1280 3380 1334 3419 ut
1355 3388 1424 3419 re-

381 3441 614 3561 32⁰2&
625 3437 1401 3565 qii'sssssit'iossssr?32⁰3?ss
1409 3464 1429 3547 ζ

383 3569 463 3615 ubi
493 3576 593 3617 tute
626 3568 813 3616 verbum
851 3580 944 3613 non
976 3565 1290 3627 respondeas?
1341 3564 1431 3613 Ph.

381 3630 434 3688 ii,
463 3637 504 3681 1.
528 3636 591 3681 50
645 3630 772 3688 Quin
809 3638 860 3677 tu
899 3646 992 3677 uno
1026 3630 1166 3677 verbo
1197 3628 1294 3686 dic,
1315 3629 1432 3691 quid

383 3703 474 3756 est,
493 3696 620 3759 quod
639 3712 718 3747 me
739 3695 854 3742 velis
886 3693 951 3744 A.
973 3695 1010 3750 i,
1036 3698 1080 3741 1.
1108 3698 1168 3743 18
1201 3694 1434 3755 Labascit,

383 3758 536 3808 victus
555 3774 647 3806 uno
663 3761 834 3807 verbo:
881 3773 1018 3823 quam
1037 3757 1162 3807 cito!
1214 3758 1304 3806 Eu.
1328 3758 1360 3815 i,
1383 3763 1431 3807 2.

385 3827 451 3873 98
506 3822 659 3871 Hem!
693 3824 812 3871 istoc
847 3826 984 3870 verbo
1017 3824 1196 3874 animus
1227 3822 1340 3869 mihi
1362 3839 1434 3871 re·

386 3888 478 3935 diit
529 3887 626 3937 He.
649 3888 717 3944 iii,
737 3892 786 3936 2.
813 3891 872 3935 12
928 3887 1004 3941 Id,
1039 3886 1078 3933 si
1116 3894 1265 3949 potes,
1293 3888 1432 3935 verbo

383 3952 554 4015 expedi
610 3952 700 3999 Ph.
719 3951 754 4007 i,
777 3955 824 3999 4.
853 3956 918 4003 20
972 3950 1143 4000 Omnia
1175 3953 1275 3999 haec
1307 3967 1433 4001 nuuc

385 4017 525 4066 verba
545 4018 638 4064 huc
657 4016 856 4063 redeunt
873 4016 1076 4077 denique
1129 4015 1217 4062 Eu.
1239 4015 1273 4072 i,
1297 4020 1344 4065 2.
1367 4020 1432 4065 78

388 4080 458 4131 At
476 4080 556 4129 at!
589 4081 700 4127 data
722 4078 874 4127 hercle
897 4081 1034 4127 verba
1055 4079 1168 4129 mihi
1188 4087 1296 4127 suut
1340 4080 1431 4129 Eu.

381 4144 452 4200 iv,
475 4152 525 4195 5.
551 4150 576 4193 1
629 4144 792 4207 Usque
821 4143 940 4191 adeo
960 4142 1088 4191 illius
1107 4144 1224 4195 ferre
1277 4159 1432 4193 ossum

389 4209 636 4271 magnifica
657 4210 814 4264 verba,
835 4209 974 4257 verba
993 4209 1106 4254 dum
1129 4206 1222 4259 siut
1295 4225 1344 4259 u.
1368 4210 1432 4265 iv,

384 4277 440 4323 Β.
461 4276 508 4325 3.
529 4277 560 4321 4
605 4273 714 4322 Tibi
745 4279 882 4325 erunt
914 4279 1074 4337 paratu
1105 4274 1274 4321 verba:
1324 4274 1432 4323 huic

387 4336 570 4391 homiui
605 4340 793 4391 verbera
845 4336 970 4391 Heu.
999 4336 1058 4395 ii.
1087 4340 1138 4389 3.
1173 4341 1264 4389 115
1321 4338 1432 4399 Quo

2190 442 2199 456 “
2272 453 2549 518 ccclxiii

1494 613 1635 661 verbu
1654 613 1837 662 facilius
1858 614 2028 661 deutur
2050 612 2165 660 mihi
2198 613 2319 662 Heu.
2342 633 2390 671 v,
2415 622 2461 665 1.
2484 623 2548 667 41·

1495 677 1653 726 Verba
1676 679 1837 726 isthaec
1860 686 1971 725 sunt
2021 678 2109 726 Ph.
2130 678 2201 734 iii,
2222 685 2271 728 2.
2296 684 2359 728 32
2392 681 2549 729 Verba

1493 743 1617 790 fiunt
1638 749 1817 790 mortuo
1852 743 1941 792 Ph.
1966 759 2011 797 ν,
2033 747 2082 792 8.
2104 747 2169 791 26
2202 741 2458 802 Exclamat,
2479 747 2552 793 fa-

1495 807 1653 854 bulum
1676 807 1876 862 dedisse,
1896 817 1945 854 et
1965 807 2082 854 nihil
2102 808 2287 855 dedisse
2307 810 2548 858 verborum
2570 815 2575 822 '

1497 878 1654 919 tumen
1688 871 1779 922 Eu.
1806 871 1931 919 Prol.
1953 875 2017 920 24
2050 871 2157 919 Hoc
2174 887 2293 934 age:
2330 873 2439 920 sutis
2446 874 2549 936 jam

1497 937 1739 983 verborum
1760 943 1833 984 est
1878 935 1968 984 Ph.
1991 935 2042 990 ii,
2065 940 2113 984 3.
2136 940 2201 984 89
2235 935 2549 999 Ego-curabo,

1495 1014 1558 1047 ne
1593 1000 1709 1064 quid
1746 1001 1985 1048 verborum
2026 1000 2165 1048 duint
2217 1000 2307 1048 Ph.
2340 1002 2404 1056 ἰν,
2437 1009 2485 1050 5.
2518 1009 2547 1051 1

1495 1064 1636 1112 Bona
1658 1067 1793 1112 verba
1815 1069 1974 1128 quaeso
2007 1063 2072 1112 A.
2087 1065 2123 1122 i,
2140 1069 2188 1114 2.
2205 1068 2269 1112 33
2304 1065 2395 1114 cui
2414 1067 2552 1114 verba

1495 1129 1607 1176 dare
1628 1129 1816 1177 difficile
1836 1138 1907 1176 est
1954 1129 2014 1177 A.
2030 1129 2068 1184 i,
2090 1134 2139 1178 3.
2162 1134 2193 1178 6
2240 1128 2290 1176 Si
2310 1130 2423 1192 quid
2448 1147 2549 1178 nar-

1495 1207 1592 1240 rare
1612 1194 1793 1255 occepi,
1810 1193 2036 1242 continuo
2058 1193 2166 1240 dari·
2179 1193 2264 1241 tibi
2284 1195 2423 1242 verba
2440 1209 2551 1243 cen-

1495 1273 1569 1304 ses
1621 1256 1683 1305 A.
1704 1259 1772 1314 iii,
1804 1263 1853 1307 2.
1886 1261 1948 1308 25
2002 1257 2125 1306 Tute
2164 1259 2283 1306 adeo
2311 1257 2411 1320 jam
2449 1259 2552 1322 ejus

1496 1322 1636 1369 verba
1657 1323 1819 1370 audies
1872 1320 1939 1369 A.
1980 1321 2050 1379 iii,
2082 1327 2130 1371 3.
2152 1327 2213 1373 47
2270 1322 2392 1371 Haec
2414 1325 2552 1371 verba
2580 1377 2588 1386 ,

1498 1381 1592 1434 und
1614 1387 1845 1436 mehercle
1866 1387 1982 1434 falsa
2018 1386 2273 1450 lacrymula
2295 1388 2553 1451 restinguet

1497 1449 1589 1500 Eu.
1628 1451 1663 1507 i,
1695 1454 1743 1498 1.
1774 1455 1839 1500 22
1892 1451 2022 1509 Quid
2062 1451 2209 1498 multa
2234 1452 2407 1498 verba?
2461 1453 2551 1500 Eu.

1497 1515 1567 1571 iii,
1614 1519 1659 1562 5.
1704 1513 1769 1566 20
1844 1513 2101 1579 Dispudet,
2156 1515 2223 1563 sic
2283 1516 2400 1563 mihi
2442 1516 2555 1564 data

1498 1595 1601 1627 esse
1639 1581 1779 1627 verba
1832 1579 1921 1629 Eu.
1963 1597 2009 1636 v,
2045 1585 2089 1629 1.
2126 1584 2185 1628 17
2240 1577 2369 1627 Dum
2394 1582 2553 1628 studes

1497 1644 1609 1691 dare
1642 1643 1783 1691 verba
1816 1644 1950 1691 nobis
2004 1643 2095 1694 Eu.
2131 1661 2175 1699 v,
2208 1651 2255 1692 5.
2278 1648 2310 1692 8
2364 1644 2555 1694 Inversa

1501 1709 1655 1768 verba,
1678 1723 1859 1756 eversas
1890 1708 2093 1756 cervices
2126 1715 2229 1756 tuas
2283 1709 2405 1758 Heu.
2428 1709 2480 1766 ii,
2504 1715 2551 1759 3.

1503 1775 1592 1820 131
1648 1771 1852 1836 Cognita
1882 1781 1969 1829 est,
2004 1781 2227 1836 quantum
2250 1773 2391 1820 audio
2412 1773 2552 1836 hujus

1499 1837 1640 1884 verba
1670 1836 1793 1884 Hes.
1812 1838 1879 1893 iv,
1902 1841 1949 1886 3.
1972 1841 2003 1885 4
2052 1836 2229 1900 Aliquo
2252 1846 2391 1900 pacto
2415 1840 2555 1885 verbu

1501 1915 1574 1948 me
1595 1901 1668 1948 his
1690 1901 1901 1948 daturam
1922 1917 2039 1958 esse,
2061 1909 2111 1950 et
2142 1910 2382 1949 venturam
2432 1902 2553 1950 Heu.

1499 1965 1565 2025 iv,
1585 1969 1741 2014 4.·13·
1780 1965 2019 2016 Continuo
2050 1965 2273 2029 injecisse
2306 1968 2441 2013 verba
2466 1967 2555 2013 tibi

1499 2028 1789 2077 Dromonem
1846 2029 1967 2078 Hes.
2008 2047 2055 2085 v,
2093 2037 2139 2080 1.
2181 2034 2243 2080 19
2306 2031 2429 2078 Satis
2471 2031 2553 2077 diu

1499 2093 1674 2140 dedisti
1697 2095 1834 2141 verba
1886 2096 1981 2142 Ad.
2012 2095 2076 2150 iv,
2097 2101 2145 2142 4.
2169 2100 2226 2142 11
2284 2094 2423 2141 ohe!
2452 2093 2555 2156 jam

1499 2166 1551 2205 tu
1575 2159 1714 2206 verbe
1734 2159 1895 2206 fundis
1916 2161 1993 2208 hic
2015 2159 2281 2220 sapientia?
2315 2159 2411 2205 Ad.
2436 2175 2480 2218 v,
2508 2163 2553 2207 1.

1499 2226 1530 2272 7
1565 2221 1715 2285 Cujus
1738 2231 1789 2269 tu
1807 2223 1948 2270 fidem
1964 2223 2014 2269 in
2034 2223 2235 2285 pecunia
2250 2223 2554 2285 perspexeris,

1499 2301 1657 2334 verere
1678 2287 1817 2334 verba
1836 2287 1881 2334 ei
1900 2287 2121 2336 credere?
2156 2286 2247 2334 Ph.
2268 2287 2303 2344 i,
2324 2291 2372 2336 2.
2392 2289 2451 2336 11
2488 2285 2558 2334 Ut

1499 2359 1572 2398 est
1589 2350 1691 2407 ille,
1716 2352 1865 2399 bouus
1888 2351 1972 2408 vir,
1988 2352 2076 2398 tria
2091 2367 2186 2398 non
2210 2350 2556 2400 commutabitis

1500 2415 1639 2462 verba
1658 2415 1799 2462 hodie
1819 2416 1941 2462 inter
1954 2429 2035 2460 vos
2068 2415 2243 2473 Pmiv,
2260 2419 2307 2463 3.
2326 2418 2390 2465 34
2424 2415 2557 2472 Quid

1502 2475 1650 2525 verbis
1684 2494 1802 2541 opus
1836 2479 1942 2526 est?
1995 2479 2057 2527 A.
2084 2479 2117 2533 i,
2142 2482 2191 2526 1.
2212 2482 2293 2529 72.
2316 2481 2411 2529 138
2464 2479 2557 2530 Eu.

1499 2541 1563 2597 iv,
1585 2545 1635 2589 2.
1658 2546 1705 2590 4.
1743 2543 1832 2589 Ph.
1856 2544 1890 2595 i,
1912 2548 1961 2589 2.
1984 2547 2065 2590 25.
2090 2548 2153 2589 50
2185 2541 2277 2600 Tu,
2300 2552 2353 2588 ut
2373 2545 2555 2591 subser-

1500 2603 1599 2648 vias
1622 2603 1840 2658 orationi,
1865 2612 2101 2666 utcunque
2137 2620 2257 2666 opus
2293 2605 2355 2651 sit
2386 2608 2555 2667 verbis,

1501 2664 1610 2714 vide
1659 2664 1724 2712 A.
1747 2666 1809 2721 iv,
1832 2670 1881 2713 3.
1914 2670 1976 2715 21
2034 2666 2148 2723 Oro,
2188 2677 2239 2714 ut
2278 2670 2556 2719 beneficium

1502 2728 1653 2775 verbis
1686 2729 1856 2777 initum
1894 2731 2093 2791 dudum,
2124 2746 2251 2779 nunc
2272 2747 2320 2779 re
2342 2748 2556 2797 compro..

1502 2793 1584 2841 bes
1633 2791 1693 2840 A.
1720 2810 1762 2848 v,
1788 2798 1833 2841 l.
1859 2800 1887 2841 5
1942 2794 2105 2842 Tristis
2118 2796 2343 2854 ‚severitas
2363 2797 2484 2845 inest
2505 2801 2555 2847 in

1505 2856 1651 2910 voltu,
1674 2864 1815 2920 atque
1844 2858 1894 2904 iu
1925 2859 2074 2905 verbis
2094 2860 2212 2907 fides
2264 2860 2328 2909 A.
2353 2877 2397 2917 v,
2418 2866 2467 2911 2.
2492 2868 2555 2913 16

1501 2920 1681 2969 Munus
1704 2929 1909 2969 nostrum
1932 2931 2094 2971 ornato
2116 2924 2265 2971 verbis
2317 2924 2407 2973 Eu.
2431 2927 2484 2983 ii,
2509 2933 2555 2976 1.

1503 2990 1534 3033 8
1567 2985 1748 3033 Labore
1762 2986 1915 3033 alieno
1934 3002 2146 3051 magnum
2168 2997 2343 3051 partam
2362 2990 2553 3053 gloriam

1501 3049 1653 3097 verbis
1676 3066 1801 3113 saepe
1822 3050 1873 3097 in
1898 3067 1945 3099 se
1968 3058 2250 3100 transmovet
2300 3054 2391 3101 Eu.
2414 3055 2483 3111 iii,
2508 3061 2553 3105 1.

1507 3118 1567 3163 10
1622 3114 1799 3165 Hic-de
1820 3116 1986 3162 nostris
2008 3117 2155 3164 verbis
2176 3125 2296 3165 errat
2316 3119 2554 3175 videlicet,

1502 3192 1609 3241 quae
1625 3180 1700 3227 hie
1714 3194 1870 3226 sumus
1886 3180 2031 3228 locuti
2064 3180 2255 3238 Hemii,
2274 3187 2322 3231 3.
2338 3186 2404 3233 22
2441 3183 2554 3232 Nou

1499 3243 1713 3291 simulare
1758 3250 1949 3291 mortem
1992 3246 2157 3303 verbis,
2198 3262 2246 3293 re
2284 3247 2393 3310 ipsa
2423 3254 2576 3311 spem*

1501 3308 1610 3355 vitae
1632 3309 1743 3355 dare
1776 3308 1898 3357 Heu.
1922 3309 1985 3365 iv,
2012 3314 2057 3357 1.
2078 3314 2143 3359 23
2185 3310 2356 3373 Neque
2380 3320 2432 3359 tu
2456 3328 2553 3359 ver-

1505 3372 1574 3419 bis
1597 3372 1747 3419 solves
1770 3388 1993 3436 unquam,
2024 3376 2151 3437 quod
2184 3375 2295 3422 mihi
2331 3391 2377 3423 re
2412 3377 2553 3425 male-'-

1501 3437 1667 3486 feceris
1716 3437 1812 3485 Ad.
1836 3438 1887 3493 ii,
1912 3442 1957 3485 1.
1986 3443 2045 3486 10
2094 3434 2208 3486 No'n
2228 3440 2383 3487 hercle
2406 3442 2554 3489 verbis

1504 3500 1601 3551 dici
1636 3508 1791 3563 potest
1822 3510 2023 3563 tantum,
2046 3518 2185 3566 quarn
2240 3504 2332 3550 He.
2354 3504 2425 3561 iii,
2448 3510 2497 3555 4.
2521 3510 2553 3555 2

1505 3565 1651 3613 Curre
1682 3566 1743 3611 ad
1776 3566 2061 3615 Bacchidem
2084 3568 2203 3614 hanc
2225 3568 2423 3615 vicinam
2444 3574 2553 3616 nosss

1503 3636 1621 3677 tram
1642 3647 1655 3677 ε
1692 3630 1783 3679 huc
1804 3646 1951 3679 evoca
1970 3632 2118 3679 verbis
2143 3631 2257 3679 meis
2306 3632 2398 3683 He.
2418 3633 2485 3688 iv,
2505 3640 2555 3684 4.

1505 3697 1572 3744 98
1624 3693 1903 3743 Confutavit
1936 3696 2082 3742 verbis
2114 3696 2364 3746 admodum
2384 3700 2554 3745 iratum

1506 3772 1663 3805 senem
1686 3758 1774 3807 Ph.
1798 3759 1870 3819 iii,
1887 3764 1933 3807 1.
1958 3764 2016 3807 13
2052 3760 2301 3823 Postquam
2322 3762 2551 3809 hominem

1507 3823 1578 3869 his
1602 3823 1753 3871 verbis
1772 3824 1925 3870 sentio
1946 3823 2162 3871 mollirier
2194 3824 2281 3871 Ph.
2297 3825 2362 3880 iv,
2378 3830 2425 3873 3.
2442 3830 2505 3874 27

1573 3886 1739 3935 Vere..
1778 3886 1959 3936 Eodem
1997 3888 2075 3935 die
2098 3889 2217 3935 istuc
2238 3890 2555 3939 verbum-vere

1505 3950 1556 3999 in
1577 3958 1626 3998 te
1647 3952 1821 3999 accidit
1868 3953 1929 3999 A.
1954 3968 2000 4009 v,
2022 3957 2069 4002 3.
2094 3956 2154 4017 14
2211 3952 2401 4001 Utinam
2430 3953 2556 4003 ‘istuc

1507 4017 1697 4064 verbum
1718 4032 1773 4063 ex
1796 4017 1973 4075 animo,
1996 4031 2051 4063 ac
2075 4032 2179 4064 vere
2198 4018 2375 4065 diceres
2405 4017 2494 4068 Eu.
2517 4020 2555 4081 i,

1507 4085 1557 4129 2.
1575 4084 1639 4131 95
1691 4078 1891 4143 Hocque
1930 4081 2000 4134 fit,
2031 4081 2111 4129 ubi
2144 4097 2238 4127 non
2261 4096 2367 4129 vere
2390 4082 2557 4130 vivitur

1505 4142 1631 4193 Hes:
1650 4144 1683 4201 i,
1710 4150 1752 4193 1.
1780 4149 1872 4195 102
1911 4145 2129 4192 Profecto
2152 4146 2241 4194 hoc
2262 4162 2367 4193 vere
2388 4146 2555 4195 dicunt

1507 4207 1608 4258 Ad.
1630 4210 1664 4270 i,
1686 4213 1731 4257 1.
1755 4214 1786 4257 3
1824 4209 1965 4257 Peter
1982 4225 2083 4257 esse
2104 4210 2231 4257 disce
2252 4210 2311 4257 ab
2332 4211 2449 4267 aliis,
2469 4214 2554 4275 qui

1505 4289 1613 4321 vere
1634 4274 1788 4321 sciunt
1839 4272 1936 4323 Ad.
1958 4274 1990 4329 i,
2012 4278 2060 4322 2.
2082 4277 2143 4321 45
2200 4274 2317 4323 Haec
2348 4276 2390 4324 si
2427 4276 2556 4324 voles

1504 4339 1556 4390 iu
1597 4340 1763 4391 auimo
1788 4352 1894 4387 vere
1929 4338 2135 4403 cogitare
2198 4339 2295 4405 Ad.
2329 4355 2375 4399 v,
2406 4344 2455 4392 3.
2488 4351 2555 4398 32
