3192 4975
572 440 737 504 xcvi
794 523 809 528 ..

572 599 673 650 illie
705 599 799 649 Ριι.
820 598 855 655 i,
873 602 927 646 2.
941 601 1021 647 40.
1038 601 1099 646 41
1146 597 1285 646 Cedo
1306 599 1437 655 dum,
1458 613 1517 646 en
1541 613 1629 646 un·-

570 679 715 728 quam
738 662 946 712 audisti?
979 662 1068 711 Ph.
1090 661 1143 720 ii,
1166 667 1215 713 2.
1238 667 1297 712 15
1354 663 1630 712 Mansurus-

568 745 667 792 que
687 736 901 790 patruum
926 733 1059 788 pater
1094 732 1184 783 est,
1218 729 1333 775 dum
1365 728 1458 774 huc
1488 729 1630 774 adve-

573 793 676 840 niat
709 792 798 838 Ριι.
818 791 956 851 ιίἰ,1.
984 795 1045 839 16
1078 789 1190 838 Νοιι
1206 793 1357 853 pudet
1373 792 1622 839 vanitatis.
1613 793 1630 823 ²

572 857 673 905 Do.
696 855 916 910 Minime,
937 855 1059 901 dum
1068 855 1136 901 ob
1160 871 1256 902 rem
1290 856 1379 903 Ριι.
1401 855 1474 910 ιιι,
1494 861 1546 906 2.
1564 860 1626 905 41

568 920 690 969 Τιιιιι
714 919 854 982 igitur
886 889 997 966 dum
1033 919 1161 976 licet,
1193 920 1402 984 dumque
1444 921 1629 977 adsum,

572 984 819 1058 loquimini
855 983 944 1031 Ph.
966 983 1037 1044 iii,
1062 987 1197 1032 3.16
1237 983 1332 1031 Vix
1355 985 1469 1032 dum
1492 985 1629 1032 dimi-

567 1049 703 1096 dium
724 1047 961 1102 dixeram,
1002 1047 1294 1096 intellexerat
1327 1049 1423 1096 Ph:
1440 1049 1503 1104 iv,
1524 1053 1574 1097 2.
1596 1053 1628 1096 4

570 1105 872 1175 Assequere,
899 1127 953 1160 ac
990 1112 1157 1166 retine,
1170 1112 1303 1159 dum
1336 1113 1429 1160 huc
1471 1127 1630 1160 servos

562 1191 721 1224 evoco
754 1177 845 1224 Ριι.
866 1193 911 1231 v,
934 1179 987 1224 7.·
1006 1180 1071 1224 89
1114 1176 1236 1223 Inde
1258 1176 1401 1222 filiam
1423 1177 1630 1238 suscepit

564 1239 1629 1368 {maza⁶25¹5303013232‘-511221’„⁸;.312

857 1340 871 1362 9
1118 1339 1132 1360 9
1440 1340 1455 1362 5

565 1371 632 1480 εἷι
646 1383 802 1417 aurem
826 1369 1083 1432 obganniat
1111 1368 1201 1418 Ph.
1228 1386 1275 1427 v,
1288 1373 1337 1420 8.
1356 1374 1417 1419 41
1455 1369 1627 1432 passim

568 1449 603 1480 ‘a
621 1433 691 1482 ibi

566 1499 581 1510 ⁵
635 1497 767 1552 Duo,
790 1512 850 1552 ω,
872 1511 919 1543 ο.
984 1494 1189 1543 Uxorem
1211 1496 1347 1544 duxit
1368 1514 1379 1543 :
1418 1497 1518 1544 nati
1542 1497 1626 1544 filii

564 1561 668 1608 duo
702 1560 801 1610 Ad.
824 1561 859 1616 i,
883 1566 929 1610 1.
950 1565 1014 1610 22
1050 1560 1163 1607 Duo
1180 1562 1429 1609 cumidem
1445 1561 1629 1609 faciunt

570 1623 669 1673 Ad.
691 1640 740 1682 v,
758 1628 807 1675 3.
831 1629 893 1674 37
933 1625 1012 1672 Αιι
1035 1625 1161 1688 quia,
1184 1640 1301 1688 quos
1334 1625 1509 1681 fallam,
1539 1642 1626 1689 pro

569 1704 667 1736 nno
688 1690 785 1736 duo
806 1696 917 1736 sunt
940 1689 1054 1736 mihi
1081 1689 1219 1736 dati?
1271 1689 1361 1737 Ph.
1401 1690 1465 1744 iv,
1488 1693 1536 1738 2
1560 1695 1624 1739 12

567 1751 641 1800 Tu
663 1753 771 1800 illos
802 1754 921 1801 duos
954 1753 1065 1800 olim
1105 1770 1190 1817 pro
1226 1769 1275 1800 re
1308 1754 1507 1802 tollebas
1544 1762 1628 1802 tua

562 1815 667 1864 Ad.
688 1833 737 1873 v,
753 1821 797 1866 3.
816 1822 879 1866 23
913 1816 1038 1868 Nam
1057 1819 1191 1864 aiunt
1208 1825 1361 1866 tecum
1382 1825 1490 1880 post
1504 1819 1626 1865 duo-

564 1881 657 1928 bus
681 1882 997 1929 concubuisse
1017 1897 1120 1928 eam
1141 1883 1379 1929 mensibus
1425 1882 1519 1932 He.
1552 1882 1624 1940 iii,

568 1949 617 1994 3.
638 1949 703 1993 33
736 1944 916 1992 Harum
938 1946 1134 1992 duarum
1156 1946 1478 1993 conditionum
1498 1962 1626 1995 nunc

567 2015 717 2056 utram
738 2009 891 2067 malis,
912 2007 1023 2056 vide
1056 2009 1180 2056 Hea.
1203 2011 1260 2064 ii.·
1280 2015 1327 2060 3.
1350 2015 1412 2058 85
1460 2011 1622 2066 Quid!

563 2073 748 2120 duasne
770 2075 809 2120 is
826 2089 989 2121 uxores
1009 2074 1186 2122 habet?
1219 2075 1309 2122 Ph.
1332 2090 1379 2136 v,
1405 2080 1449 2122 1.
1471 2079 1534 2124 27
1572 2075 1626 2122 Si

566 2137 717 2184 habet
752 2137 1141 2193 unam'amicam,
1183 2145 1233 2184 tu
1269 2154 1435 2186 uxores
1466 2138 1624 2187 duas?

568 2200 662 2251 Ph.
698 2217 749 2258 v,
770 2207 820 2252 8.
840 2207 903 2251 52
948 2203 1093 2250 Porro
1136 2203 1239 2250 haec
1282 2203 1459 2250 talenta
1498 2205 1626 2251 dotis

564 2266 1175 2392 ῗᾷἳὲξῖἒᾞίέῗξέξῗ
1178 2265 1515 2378 'eI;.¹‘21.0¹1³0¹¹.‘1
1548 2274 1624 2378 ἒὲ-

564 2393 626 2438 tis
659 2392 781 2440 Hea.
804 2409 850 2450 v,
879 2398 925 2442 1.
946 2396 1008 2442 67
1148 2429 1154 2436 ·
1368 2415 1375 2422 ·

632 2455 843 2519 Duplex.
908 2456 1103 2519 Duplex
1127 2471 1233 2520 quae
1254 2471 1311 2505 ex
1348 2462 1622 2519 argumento

559 2520 693 2569 facta
714 2528 787 2568 est
806 2521 1027 2584 simplici'
1041 2521 1165 2569 Hea.
1190 2522 1318 2572 Prol.
1338 2526 1369 2570 6
1402 2522 1626 2570 Commo-

560 2585 674 2633 dius
694 2600 797 2634 esse
818 2585 1004 2649 opinor,
1024 2586 1209 2648 duplici
1232 2602 1328 2688 spe
1362 2586 1485 2634 utier
1531 2586 1622 2636 Ph.

558 2648 629 2706 iv,
652 2654 779 2699 2.13
1007 2666 1016 2674 ’
1368 2672 1377 2687 ²

630 2712 839 2763 Duriter.
903 2712 1111 2762 Primum
1135 2716 1238 2761 haec
1260 2712 1433 2776 pudice
1454 2715 1618 2774 vitam,

560 2791 795 2840 paree,ac
815 2778 999 2825 duriter·
1004 2780 1175 2841 agebat
1204 2777 1267 2825 A.
1284 2778 1317 2833 i,
1340 2782 1384 2825 1.
1399 2784 1460 2828 47
1498 2751 1620 2828 Ruri

562 2856 700 2903 agere
722 2842 897 2890 vitam}
920 2858 1103 2905 semper
1123 2858 1279 2902 parce,
1302 2858 1368 2891 ac·
1378 2844 1554 2891 duriter
1568 2858 1620 2891 se

560 2906 755 2954 habere
766 2907 863 2955 Ad.
884 2907 923 2963 i,
948 2913 995 2956 1.
1013 2912 1077 2956 20
1111 2906 1303 2955 Factum
1328 2922 1357 2954 a
1378 2908 1511 2957 vobis
1528 2910 1620 2955 'du-

562 2970 674 3017 riter
706 2969 803 3020 Ad.
828 2970 893 3028 iv,
918 2977 964 3019 5.
986 2976 1085 3021 28
1204 2993 1220 3003 ·

576 3048 581 3054 ·
630 3034 877 3081 Duritia.-
895 3034 1015 3082 Tum
1041 3036 1131 3083 hoc
1152 3034 1303 3092 timet,
1336 3051 1397 3082 ne
1426 3041 1510 3083 tua
1530 3037 1622 3083 du-

560 3097 672 3147 ritia
688 3100 882 3163 antiqua
900 3098 983 3148 illa
1014 3100 1157 3147 etiam
1183 3100 1383 3149 adaucta
1404 3100 1466 3147 sit
1497 3100 1621 3149 Hea.

562 3162 797 3277 1ιί’.ΟιιιιΞΪ5
841 3226 974 3283 Νοιι,
998 3184 1173 3285 hercle,
1204 3195 1282 3273 hic
1300 3188 1507 3289 quidem
1529 3229 1618 3276 du-

560 3306 663 3338 rare
684 3290 949 3353 quisquam,
980 3290 1021 3337 si
1043 3291 1111 3339 sic
1131 3290 1203 3347 fit,
1225 3296 1383 3353 potest
1423 3290 1524 3339 Ad.
1554 3292 1618 3351 iv,

628 3416 808 3474 Durus,
829 3433 875 3475 a,
898 3434 991 3464 um.
1055 3416 1215 3465 Satis
1194 3434 1313 3481 Jam,
1347 3419 1459 3466 satis
1488 3428 1624 3480 pater

560 3481 706 3529 durus
724 3482 797 3528 fui
829 3482 953 3531 Hea.
987 3482 1055 3539 iii,
1080 3488 1128 3532 1.
1152 3486 1215 3530 30
1268 3482 1481 3531 Nimium
1514 3484 1622 3547 ipse

560 3553 635 3593 eet
651 3546 815 3603 durus,
846 3554 1014 3610 praeter
1048 3562 1328 3622 aequumque
1362 3555 1411 3595 et
1442 3549 1619 3597 bonum

560 3609 659 3661 Ad.
681 3612 726 3666 i,
742 3616 787 3660 1.
806 3616 872 3659 39
918 3612 1061 3669 Quod
1092 3611 1227 3659 illum
1258 3612 1497 3660 insimulat
1530 3615 1623 3661 du-

560 3690 681 3734 rum,
701 3676 749 3723 id
774 3683 959 3724 nonest
995 3676 1118 3723 Hea.
1138 3676 1175 3733 i,
1196 3681 1245 3725 2.
1269 3682 1332 3726 30
1377 3677 1533 3733 Quam
1559 3678 1620 3725 ti-

561 3740 662 3787 mui
684 3740 822 3797 male,
846 3756 905 3787 ne
925 3756 1051 3787 nunc
1074 3741 1230 3788 animo
1252 3741 1323 3789 ita
1340 3757 1465 3789 esses
1482 3742 1619 3799 duro,

558 3810 617 3851 ut
634 3804 748 3852 olim
781 3805 902 3853 Hea.
924 3804 990 3862 iv,
1013 3810 1059 3853 1.
1081 3810 1145 3854 52
1198 3805 1386 3853 Adeon'
1428 3806 1619 3867 ingenio

556 3884 665 3917 esse
686 3869 803 3917 duro
825 3876 873 3917 te
895 3878 1039 3934 atque
1063 3870 1355 3924 inexorabili,
1390 3876 1471 3918 ιιι.
1462 3870 1478 3903 2
1528 3870 1619 3918 Ph.

558 3932 633 3989 iii,
655 3938 703 3983 2.
727 3938 791 3982 12
826 3934 989 3982 Vitam
1002 3934 1184 3991 duram,
1203 3949 1343 3996 quam
1358 3934 1454 3981 vixi
1469 3948 1617 3997 usque

556 3997 739 4058 adhuc,
759 3996 896 4046 mitto
928 3998 1025 4047 Ad.
1046 4015 1093 4055 v,
1115 4003 1163 4048 4·
1187 4004 1216 4047 5
1252 3997 1297 4045 O
1320 3997 1472 4045 Geta!
1508 4014 1592 4061 pro

558 4060 763 4109 vinciam
784 4063 952 4126 cepisti
970 4063 1135 4111 duram
1167 4062 1257 4110 Ph.
1278 4062 1313 4117 i,
1335 4068 1383 4111 2.
1405 4066 1469 4111 23
1508 4062 1616 4109 Du-

556 4138 634 4169 ras
654 4125 804 4173 fratris
830 4134 984 4191 partes
1005 4124 1235 4201 praedicas
1280 4125 1373 4175 Eu.
1403 4126 1456 4182 ii,
1477 4130 1527 4175 3.
1550 4132 1616 4177 62

558 4185 632 4233 ’Πι
652 4197 830 4250 patrem
852 4198 986 4239 tuum
1008 4190 1105 4239 vidi
1136 4206 1237 4239 esse
1271 4191 1501 4255 habitum,
1530 4191 1616 4239 diu

558 4250 723 4308 etiarn,
744 4253 883 4302 duras
915 4254 1141 4352 (postes)-
1152 4254 1286 4303 dabit
1330 4253 1453 4303 Hea.
1484 4225 1543 4314 ii,
1566 4260 1614 4306 4.

558 4318 627 4364 22
664 4312 735 4362 Os
756 4317 953 4365 durum.
1006 4320 1098 4369 Eu.
1128 4335 1193 4378 w,
1212 4324 1261 4369 7.
1284 4323 1349 4368 36
1397 4318 1616 4368 Etiamne

560 4378 925 4445 ιᾱΙοιοοὲςιιὲ
954 4382 1048 4431 Ph.
1066 4382 1196 4433 Illud
1214 4384 1379 4433 durum
1430 4385 1521 4437 Ph.
1558 4383 1614 4445 ii,

1556 451 1800 500 INDEX
1885 475 1888 478 ⁴
1939 455 1950 472 ²

1709 604 1755 649 1.
1781 603 1812 648 8
1847 594 1970 654 Scio,
1997 597 2080 645 tibi
2117 614 2217 646 esse
2251 601 2341 649 hoc
2377 599 2560 663 gravius
2591 597 2760 661 multo,

1701 679 1762 712 ac
1784 663 1945 711 durius
1977 663 2100 711 Hea.
2124 665 2168 721 v',
2191 669 2240 713 2.
2261 667 2295 714 4

2201 855 2340 903 E.¹

1769 981 1826 1031 E.
1843 981 1996 1040 Fecis,
2015 998 2186 1030 eservo
2207 990 2264 1030 ιιι
2285 997 2409 1030 esses
2418 983 2617 1034 libertus
2641 985 2757 1033 mihi

1702 1047 1768 1104 A,
1790 1048 1823 1105 i,
1848 1051 1895 1097 1:
1920 1052 1982 1096 10
2011 1047 2242 1094 ·Gravida
2261 1064 2289 1094 e
2313 1048 2562 1110 Pamphilo
2586 1056 2657 1095 est
2689 1049 2756 1098 A.

1701 1112 1738 1168 i,
1761 1116 1808 1160 3.
1833 1117 1889 1160 11
1947 1112 2158 1159 Laborat
2187 1127 2214 1158 e
2257 1111 2419 1174 dolore
2472 1111 2602 1167 A..i,
2621 1118 2668 1160 5.
2690 1117 2758 1162 33

1704 1147 1852 1239 Apud
1875 1177 2025 1223 forum
2049 1177 2191 1222 modo
2213 1193 2240 1223 e
2258 1175 2398 1223 Davo
2419 1175 2581 1224 audivi
2614 1175 2678 1226 A.
2703 1178 2758 1234 ii,

1705 1246 1752 1290 1.
1777 1245 1807 1288 2
1859 1239 2063 1288 Credon'
2093 1241 2177 1287 tibi
2218 1241 2326 1296 hoc,
2364 1257 2490 1288 nunc
2526 1241 2760 1303 peperisse

1703 1305 1823 1352 hanc
1846 1321 1873 1352 e
1897 1304 2144 1368 Pamphilo
2165 1305 2182 1352 ἓ
2217 1303 2280 1352 A.
2301 1305 2372 1360 iii,
2394 1309 2444 1354 2.
2473 1309 2530 1352 17
2566 1305 2687 1352 Haec
2709 1322 2760 1356 sc

1699 1385 1730 1416 e
1752 1370 2000 1431 Pamphilo
2024 1369 2258 1431 gravidam
2282 1369 2394 1415 dixit
2439 1384 2556 1422 esse,
2591 1369 2656 1416 A.
2688 1370 2758 1428 iii,

1701 1437 1752 1482 2.
1775 1438 1840 1482 32
1893 1433 2130 1494 Mercator
2150 1435 2239 1480 hoc
2262 1433 2484 1488 addebat,
2513 1447 2544 1478 e
2574 1435 2758 1496 praedo-

1701 1496 1859 1559 nibus,
1895 1499 2022 1546 unde
2043 1504 2234 1554 emerat,
2272 1501 2337 1544 se*
2356 1497 2559 1552 audisse,
2581 1497 2762 1571 abrep-

1695 1569 1796 1616 tam
1820 1577 1846 1608 e
1869 1561 2015 1609 Sunio
2049 1561 2140 1610 Eu.
2163 1563 2200 1618 i,
2221 1565 2270 1610 2.
2292 1565 2372 1610 34.
2391 1564 2452 1609 35
2497 1560 2595 1636 Qui
2627 1561 2759 1610 illam

1701 1641 1729 1673 e
1771 1633 2040 1690 conspectu·
2067 1627 2203 1674 amisi
2235 1641 2340 1673 meo
2389 1624 2480 1672 Eu.
2500 1624 2556 1680 ιι,
2581 1629 2629 1672 3.
2649 1629 2684 1674 2
2715 1625 2760 1674 Ε

1699 1691 1886 1736 flamma
1929 1697 2088 1752 petere
2120 1697 2167 1737 te
2207 1691 2361 1737 cibum
2394 1705 2531 1750 posse
2565 1689 2762 1738 arbitror

1701 1753 1794 1802 Ειι.
1813 1755 1888 1816 iii,
1911 1759 1959 1803 2.
1981 1759 2046 1803 38
2079 1755 2166 1801 Est
2185 1769 2211 1800 e
2232 1754 2460 1802 Corintho
2477 1753 2555 1802 hic
2577 1754 2760 1802 advena

1701 1833 1818 1865 anus
1841 1809 2128 1894 paupercula
2160 1819 2282 1866 Hea.
2307 1818 2340 1879 i,
2363 1823 2408 1866 1.
2431 1822 2495 1868 44
2543 1817 2758 1865 Adveni-

1699 1891 1874 1938 entem,
1897 1899 1924 1930 e
1946 1884 2056 1930 navi
2077 1879 2415 1946 egredientem,
2440 1883 2554 1930 ilico
2585 1883 2760 1930 abduxi

1698 1948 1759 1992 ad
1785 1962 1968 1994 coenam
1999 1947 2120 1994 Hea.
2143 1947 2180 2001 i,
2199 1952 2248 1996 2.
2272 1950 2304 1994 8
2353 1946 2527 1994 Bolum
2574 1953 2756 1996 tantum

1697 2010 1817 2059 ιιιιιιι
1838 2019 2050 2074 ereptum
2073 2019 2168 2058 tam
2186 2011 2344 2057 subito
2361 2011 2614 2058 efaucibus
2631 2011 2756 2062 Hea.

1699 2073 1772 2134 ιν,
1791 2081 1840 2124 2.
1864 2080 1897 2123 6
1927 2075 1990 2123 .Ε
2011 2091 2060 2122 re
2083 2083 2194 2122 nata
2216 2074 2380 2122 melius
2401 2075 2500 2122 fieri
2521 2075 2668 2123 haud·
2665 2091 2755 2138 --ρο

1700 2139 1793 2186 ιιιιι
1822 2139 1918 2187 Ad.
1945 2139 2020 2196 ιιι,
2041 2144 2086 2187 1.
2109 2144 2140 2188 8
2177 2138 2350 2196 Velim,
2385 2147 2438 2186 ut
2475 2139 2634 2187 triduo
2667 2142 2758 2188 hoc

1701 2211 1930 2266 perpetuo
1953 2218 2160 2264 prorsum
2199 2219 2227 2250 e
2265 2203 2388 2252 lecto
2421 2211 2624 2266 nequeat
2655 2219 2754 2252 sur-

1700 2283 1808 2328 gere
1838 2267 1937 2315 Ad.
1959 2268 2027 2323 iv,
2052 2271 2095 2315 1
2118 2271 2152 2316 4
2203 2267 2383 2330 Fugere
2426 2283 2454 2314 e
2497 2277 2756 2328 conspectu

1699 2330 1842 2379 ilico:
1864 2331 2025 2378 videre
2046 2330 2173 2378 nolle
2205 2285 2306 2380 He.
2321 2332 2357 2389 i,
2379 2336 2426 2380 2.
2451 2336 2545 2381 107
2593 2332 2757 2380 Eme·

1699 2395 1780 2440 dio
1804 2411 1986 2459 aequom
2010 2396 2234 2444 excedere
2255 2403 2328 2442 est
2374 2395 2470 2442 He.
2509 2396 2574 2452 iv,
2607 2401 2656 2446 3.
2693 2401 2755 2450 14

1700 2453 1927 2515 Unctum,
1951 2465 2092 2522 atque
2115 2460 2294 2508 lautum
2315 2458 2542 2509 ebalneis
2591 2460 2680 2510 Ph.
2703 2461 2757 2520 ii,

1698 2527 1746 2571 2.
1769 2524 1841 2573 25
1867 2524 1966 2581 Qui
1988 2531 2034 2571 te
2071 2525 2132 2571 ad
2163 2525 2405 2587 scopulum
2444 2542 2471 2572 e
2504 2526 2758 2589 tranquillo

1698 2587 1868 2635 inferat
1901 2590 1993 2637 Ph.
2016 2589 2082 2645 iv,
2106 2594 2152 2638 4.
2175 2594 2207 2638 9
2241 2589 2578 2643 Cumemedio
2595 2605 2759 2637 exces-

1699 2652 1760 2697 sit
1792 2652 1882 2699 Ph.
1906 2669 1954 2709 v,
1973 2656 2022 2702 7.
2044 2657 2108 2702 74
2143 2654 2351 2701 Mortem
2371 2652 2518 2701 οιιιιι·
2549 2654 2755 2702 emedio

1697 2716 1816 2763 abiit
1844 2716 2070 2773 P11.v,8.
2094 2722 2157 2766 30

1761 2780 1932 2831 Ebibo.
2000 2781 2132 2857 Quid
2171 2781 2456 2829 comedent?
2501 2781 2617 2845 quid
2649 2784 2752 2831 ebi-

1697 2844 1846 2891 bent?
1881 2844 2000 2891 Hea.
2022 2846 2076 2902 ii,
2100 2850 2149 2894 3.
2176 2850 2237 2894 14

1763 2908 1948 2969 Ebrius,
1967 2925 2012 2965 a,
2035 2926 2132 2959 um.
2199 2910 2319 2958 Cum
2343 2918 2394 2957 tu
2417 2916 2587 2967 satura,
2609 2886 2753 2972 atque

1609 2999 1615 3009 ·
1697 2973 1826 3019 ebria
1847 2974 1954 3030 eris,
1975 2990 2093 3037 puer
2111 2981 2167 3021 ut
2186 2980 2312 3022 satur
2349 2974 2428 3038 sit,
2464 2975 2607 3023 facito
2655 2975 2750 3029 He,

1695 3052 1744 3094 v,
1768 3042 1816 3087 2.
1835 3042 1864 3087 3

1757 3100 1968 3151 Ecastor.

1694 3172 1852 3213 natus
1868 3166 2118 3227 Pamphilo
2151 3166 2212 3212 A.
2230 3166 2300 3221 iii,
2323 3170 2370 3214 2.
2391 3171 2424 3214 6
2458 3167 2604 3227 Spero
2621 3182 2752 3215 ecas-

1694 3236 1767 3275 tor
1818 3229 1912 3277 He.
1971 3230 2036 3285 iv,
2069 3234 2116 3277 3.
2139 3235 2167 3278 5
2225 3230 2312 3276 Est
2351 3245 2560 3291 magna,
2622 3246 2754 3278 ecas-

1693 3300 1787 3355 tor,
1824 3295 1976 3357 gratia
2011 3294 2072 3341 de
2108 3294 2223 3341 istac
2257 3309 2324 3350 re,
2359 3310 2520 3357 quam
2537 3294 2627 3341 tibi
2667 3296 2753 3343 ha·

1693 3358 2163 3485 3333&me
2186 3358 2523 3486 ssffaesgegffi.
2549 3366 2753 3471 {21²⁸ssss

1695 3486 1783 3616 {22⁵0
1805 3488 2237 3615 32323520235
2253 3487 2542 3614 ..gazzi
2563 3486 2753 3614 {2450}

1693 3623 1744 3662 et
1763 3630 1870 3679 quae
1891 3616 2040 3673 voles,
2061 3616 2340 3679 faciamque,
2377 3624 2426 3663 et
2453 3616 2609 3663 dicam
2660 3616 2754 3665 Ph.

1693 3684 1900 3791 v'sscgcl.
1965 3743 2092 3791 Ecce
2113 3751 2270 3791 autem
2287 3744 2484 3791 alterum
2517 3743 2609 3791 Eu.
2629 3742 2682 3802 ii,
2701 3748 2751 3793 3.

1691 3813 1724 3857 6
1764 3808 1889 3855 Ecce
1913 3815 2070 3855 autem
2093 3808 2233 3857 video
2255 3824 2358 3856 rure
2378 3810 2652 3856 redeuntem
2675 3824 2750 3855 se-

1691 3888 1800 3919 nem
1833 3871 1927 3920 Eu.
1948 3887 1996 3929 v,
2019 3878 2065 3920 5.
2087 3878 2150 3921 25
2186 3872 2316 3921 Ecce
2347 3880 2504 3920 autem
2534 3874 2596 3919 de
2629 3872 2751 3919 inte-

1692 3936 1802 3999 gro!
1835 3934 1935 3985 Ad.
1956 3936 1993 3997 i,
2015 3940 2062 3985 2.
2085 3940 2148 3985 73
2197 3937 2323 3985 Ecce
2345 3935 2530 3985 autem!
2563 3936 2663 3984 Ad.
2682 3936 2750 3998 iv,

1691 4006 1738 4050 7.
1758 4004 1791 4049 4
1839 4000 1966 4049 Ecce
1987 4007 2142 4049 autem
2164 4002 2244 4049 hic
2266 4002 2400 4049 adest
2421 4016 2562 4049 senex
2587 4006 2749 4047 noster

1689 4064 1788 4115 Ad.
1809 4080 1859 4122 V,
1880 4070 1926 4114 l.
1947 4071 1976 4114 5
2025 4065 2153 4113 Ecce
2169 4082 2267 4126 me,
2289 4066 2372 4129 qui
2393 4066 2441 4113 id
2464 4064 2630 4113 faciam
2661 4078 2748 4109 vo·-

1690 4130 1763 4177 bis
1794 4127 1892 4179 Ad.
1911 4146 1958 4185 v,
1981 4133 2030 4180 9.
2055 4134 2120 4179 38
2169 4131 2294 4179 Ecce
2317 4128 2500 4178 autem!
2534 4136 2588 4176 tu
2625 4142 2748 4192 quo

1690 4209 1782 4257 que
1800 4201 2013 4257 proterve
2033 4186 2284 4243 iracundus
2307 4210 2357 4242 es
2398 4195 2492 4243 He.
2513 4193 2584 4254 iii,
2605 4198 2654 4242 5.
2678 4196 2744 4241 53

1691 4258 1997 4373 Εοὲῖὲῗὲῗω
2011 4259 2205 4375 §.¹222
2209 4257 2498 4381 οωᾶἑῖαΡῗέ
2529 4256 2745 4373 ῗὲἒᾰᾶἒ

1691 4384 1781 4441 Ph
1802 4385 1928 4453 ii,2.
1949 4392 1980 4436 5

2034 3102 2128 3149 Per
2147 3109 2328 3149 ecastor
2349 3102 2492 3149 scitus
2527 3118 2644 3164 puer
2682 3108 2754 3151 eit
2821 3100 2828 3104 ⁸
