3192 4975
1179 449 1256 498 m
1307 443 1789 500 wennumum.

377 608 484 655 8.-«1
529 599 634 652 Nec
655 601 736 665 poi
768 615 842 650 me
875 601 1071 649 multum
1099 601 1239 650 fallit.
1306 602 1428 666 Ego,

377 669 479 734 pol,
499 683 688 732 quoque
709 667 848 714 etiam
872 666 1038 714 timida
1077 681 1199 716 sum..
1258 666 1430 732 Neque

377 733 458 797 pol
499 740 552 780 tu
596 728 757 780 eadem
801 732 920 779 istac
961 739 1100 779 retate
1121 757 1130 766 -
1153 731 1246 780 He·
1286 744 1336 787 ν,
1382 738 1428 782 l.

355 801 494 850 ’2.“7.
517 801 580 846 2⁰
627 793 752 858 Nec,
782 795 880 860 pol,
913 795 1018 843 istoe
1045 803 1262 843 metuunt
1281 795 1430 846 Deos.

377 862 480 910 Eo:
514 861 600 909 etsi
633 860 756 916 scios
781 860 882 924 pol,
901 860 980 908 -iis
1011 859 1118 908 fore·
1137 873 1290 909 meum
1318 876 1430 910 con·

377 933 587 990 spectum
608 925 808 972 invisum
841 923 935 973 He.
961 941 1006 981 v,
1019 929 1068 974 2.
1085 931 1135 974 6.
1153 930 1217 975 22
1250 923 1338 973 Pol
1355 939 1430 973 me

376 987 581 1039 detinuit
601 990 787 1037 niorbus
819 989 911 1038 ΡΙ).
947 989 1014 1046 iv,
1041 994 1087 1039 1.
1110 995 1141 1038 8
1173 989 1316 1038 -Istoc
1350 989 1430 1052 pol

375 1069 466 1102 nos
487 1062 534 1101 te
555 1053 636 1102 hic
647 1053 860 1102 invenire
881 1053 1058 1102 miserae
1079 1063 1318 1118 nunquam
1340 1071 1430 1118 po-

376 1119 550 1167 tuimus
584 1118 677 1166 Ph.
711 1135 758 1174 v,
783 1122 830 1167 1.
849 1122 916 1168 20
977 1117 1184 1167 Factum·
1203 1119 1344 1167 volo:
1381 1125 1432 1166 at

367 1184 457 1247 pol
501 1183 656 1231 miuus
697 1197 821 1246 queo
847 1207 852 1214 ·
875 1182 960 1230 viri
991 1184 1148 1246 culpa.
1214 1183 1294 1232 Sic
1348 1185 1428 1246 pol

375 1246 788 1296 commodius-esse
817 1248 866 1294 in
897 1263 1059 1296 ornnes
1091 1248 1285 1296 arbitror
1335 1249 1426 1298 Pha

375 1326 424 1370 v,
447 1316 567 1362 3.··4.
590 1315 649 1360 31
686 1311 799 1359 Non
815 1310 898 1375 pol
922 1321 1092 1361 temere
1113 1321 1203 1374 est,
1223 1315 1350 1378 quod
1377 1319 1428 1360 tu

377 1387 472 1424 tam
495 1377 646 1424 times.
713 1375 801 1424 Pol
825 1377 1036 1425 meritum
1052 1384 1126 1424 est
1142 1386 1293 1425 tuum.
1341 1372 1430 1426 Me

377 1443 436 1489 ad
459 1454 638 1490 coenam
651 1455 783 1490 vocs.
816 1439 944 1490 Nau.
963 1440 1054 1490 Pol
1072 1457 1181 1490 vero
1197 1458 1316 1492 voco
1337 1442 1428 1491 ΡΙ).

377 1521 426 1562 v,
447 1509 496 1554 8.
519 1511 572 1555 9.
593 1510 674 1555 62.
697 1511 760 1554 65

377 1585 386 1604 ¹
433 1570 627 1618 Pollen.
698 1569 858 1634 Atque
881 1569 961 1625 ibi,
983 1569 1156 1618 favilloe
1178 1571 1340 1634 plena,
1356 1571 1429 1618 su·

377 1635 461 1698 mi,
485 1650 540 1682 ae
561 1633 769 1698 pollinis,
785 1635 1032 1700 coquendo
1052 1635 1114 1683 sit
1131 1635 1242 1684 faxo
1264 1635 1360 1684 Ad.
1381 1650 1429 1693 v,

381 1789 400 1800 ι
419 1791 426 1798 =
443 1763 691 1812 Polliceor.
757 1763 881 1811 Nam
925 1762 1163 1826 pollicitus
1195 1779 1296 1813 snm
1330 1779 1430 1812 sus·-

379 1837 622 1892 cepturum
661 1827 726 1875 A.
755 1829 810 1884 ii,
833 1831 882 1876 3.
903 1827 967 1877 27
1015 1827 1271 1890 Negabon'
1311 1829 1430 1876 velle

379 1899 471 1947 me,
507 1893 647 1940 modo
691 1894 772 1956 qui
805 1909 907 1940 sum
941 1893 1192 1954 pollicitus,
1225 1893 1431 1943 ducere?

378 1956 443 2004 A.
465 1957 533 2013 iii,
555 1964 602 2006 5.
621 1961 655 2006 7
690 1957 934 2006 Pollicitus
951 1973 1052 2004 sum
1071 1974 1084 2004 ε
1111 1965 1161 2006 et
1181 1973 1360 2006 servare
1381 1957 1432 2005 in

377 2037 438 2067 eo
457 2031 636 2070 certum
657 2032 727 2070 est
749 2022 888 2069 fidem
923 2021 1017 2069 He.
1047 2021 1119 2078 iii,
1143 2027 1190 2071 8.
1207 2027 1276 2072 42
1327 2021 1431 2071 Do·-

377 2083 468 2133 riec
489 2086 578 2133 tibi
597 2085 666 2146 id,
684 2088 810 2150 quod
833 2085 1070 2148 pollicitus
1089 2103 1210 2150 sir-tn,
1231 2087 1432 2136 effecero

381 2149 472 2199 Ph.
495 2150 561 2208 iv,
581 2153 628 2198 l.
649 2154 713 2201 24
761 2151 898 2205 Turn,
930 2152 1056 2214 quod
1087 2151 1158 2198 illi
1191 2159 1432 2214 argentum

377 2225 440 2326 {Is
465 2214 926 2328 pmffdgtgmg'geaffem
959 2216 1050 2264 hac
1091 2215 1321 2326 ipveniagn
1355 2217 1434 2264 via

425 2294 503 2327 ea.
547 2294 602 2335 u,
658 2311 671 2327 .
843 2295 918 2326 am
962 2293 1012 2326 ar
1041 2295 1100 2326 en
1123 2295 1202 2326 um
1235 2296 1264 2327 a
1329 2296 1431 2328 eam

379 2343 580 2402 deferes,
601 2346 728 2406 quod
752 2343 796 2392 ei
818 2343 922 2407 (es)
947 2296 1183 2406 pofiicitus
1219 2345 1340 2396 Hea.
1365 2345 1430 2402 iv,

377 2411 428 2456 θ.
455 2411 518 2456 19
549 2408 724 2464 Quaeso
747 2408 948 2472 aedepol,
969 2408 1082 2456 mihi
1103 2411 1230 2473 quod
1255 2425 1305 2456 es
1326 2409 1430 2472 pol-

378 2471 510 2521 licita
530 2479 646 2530 tute,
664 2481 718 2521 ut
733 2488 884 2521 serves
917 2473 1011 2521 He.
1032 2490 1080 2529 v,
1097 2477 1145 2523 2.
1168 2477 1234 2523 20
1267 2473 1326 2521 Id
1345 2474 1432 2522 mi·-

377 2536 432 2584 hi
449 2538 598 2585 multo
620 2540 868 2586 maximum
892 2546 980 2595 est,
1003 2540 1132 2601 quod
1154 2538 1265 2585 mihi
1294 2540 1430 2601 polli-

379 2601 502 2648 citus
545 2610 618 2650 est
656 2611 840 2664 gnatus.
905 2602 1031 2649 Nam
1087 2612 1254 2665 gnatus
1300 2606 1429 2665 quod

372 2666 616 2729 -poliicitus
638 2676 727 2721 est,
749 2668 874 2712 haud
897 2665 1092 2712 dubium
1113 2674 1185 2713 est
1221 2666 1354 2727 mihi,
1393 2668 1432 2714 si

381 2729 517 2785 nolit,
541 2730 654 2793 quin
688 2729 750 2776 A.
777 2730 852 2785 iii,
871 2734 919 2779 2.
943 2733 1024 2777 47.
1047 2734 1112 2777 60
1143 2729 1323 2777 Decem
1347 2730 1434 2777 mi-

381 2808 483 2851 nas,
517 2808 633 2855 quas
653 2794 766 2839 mihi
788 2794 898 2840 dare
931 2793 1167 2855 pollicitus
1192 2802 1266 2840 est
1309 2792 1431 2842 Hea.

379 2858 449 2914 iv.
467 2861 516 2907 4.
539 2862 571 2906 2
621 2857 840 2906 Pollicita
861 2864 934 2905 est
955 2874 1028 2913 ea,
1045 2872 1097 2905 se
1115 2870 1434 2906 concessuram

383 2936 441 2969 ex
463 2922 642 2969 aedibus
675 2922 768 2969 He.
799 2922 866 2977 iv,
888 2926 938 2971 4.
963 2926 1024 2970 57
1069 2920 1256 2969 Interea
1276 2923 1434 2979 amici,

383 2986 516 3049 quod
545 2986 750 3048 polliciti
780 2993 906 3042 sunt,
938 2986 1120 3033 dabunt
1167 2986 1258 3034 ΡΙ).
1302 2987 1364 3043 ἰν,
1385 2990 1434 3035 4.

384 3054 448 3099 23
463 3048 644 3113 Atque
663 3051 782 3099 istuc
797 3050 1126 3113 jusjurandum
1145 3050 1274 3098 idem
1294 3052 1434 3115 polli-

381 3128 514 3161 eeare
533 3114 626 3161 illis
659 3114 752 3163 He.
773 3130 822 3178 v,
848 3119 894 3165 1.
919 3120 984 3165 28
1026 3115 1172 3163 Aliud
1195 3115 1235 3162 si
1255 3116 1434 3171 scirem,

384 3179 588 3227 sancti-us
610 3194 750 3244 quam
759 3178 1109 3243 jusjurandum,
1127 3179 1176 3227 id
1193 3180 1438 3245 pollicerer

382 3244 470 3291 tibi
503 3243 600 3292 He.
620 3261 664 3300 v,
691 3249 736 3294 1.
758 3249 823 3294 24
855 3245 958 3295 Scis
979 3253 1026 3293 te
1047 3246 1162 3293 mihi
1183 3261 1310 3310 saepe
1331 3246 1434 3309 pol-

383 3307 563 3356 licitum
584 3324 686 3357 esse
717 3309 810 3357 Eu.
831 3308 886 3370 ii,
907 3312 954 3358 8.
975 3314 1038 3359 lo
1069 3311 1163 3358 Sed
1183 3319 1294 3374 post
1327 3326 1436 3359 uam

385 3386 545 3419 amans
565 3374 778 3428 accessit,
803 3374 1000 3436 pretium
1021 3374 1250 3438 pollicens
1291 3394 1298 3401 ·
1348 3410 1362 3424 .
1397 3376 1434 3431 i.

387 3441 433 3487 1.
454 3441 520 3486 40
570 3437 620 3485 Is
662 3452 819 3485 senem
854 3454 936 3501 per
963 3438 1184 3501 epistolas
1225 3438 1434 3503 pellexit,

385 3500 528 3549 modo
549 3517 646 3550 non
665 3510 849 3551 montes
869 3504 971 3551 auri
992 3503 1218 3567 pollicens
1270 3502 1360 3552 Ph.
1399 3504 1435 3562 i,

451 3628 754 3682 Pollicitatio.
810 3632 942 3690 Quin
975 3640 1026 3681 tu
1059 3633 1170 3682 hinc
1203 3632 1436 3697 pollicitar-

391 3690 542 3805 ϋοῖξε
563 3698 723 3746 aufert
745 3704 794 3745 et
815 3699 940 3763 quod
961 3698 1069 3756 fers,
1089 3698 1210 3747 cedo
1259 3698 1349 3746 Ph.
1389 3714 1437 3757 v,

456 3820 714 3871 Pollicitor.
745 3824 1032 3875 Solicitando
1053 3836 1104 3877 et
1129 3826 1440 3891 pollicitando

389 3900 550 3933 eorum
571 3887 750 3935 animos
771 3890 950 3939 lactas?
984 3892 1046 3939 A.
1069 3909 1116 3949 v,
1133 3896 1182 3942 4.
1203 3897 1236 3941 9
1269 3892 1374 3957 Ego
1393 3900 1440 3939 te

389 3952 652 4017 complures
691 3954 936 4001 advorsum
989 3954 1229 4019 ingenium
1283 3972 1439 4004 meum

390 4030 572 4065 meuses
614 4017 718 4073 tuli,
750 4018 1106 4081 pollicitantem,
1137 4019 1256 4068 nihil
1289 4020 1440 4069 feren-

393 4086 504 4137 tem3
525 4082 730 4130 flentem·
748 4082 838 4132 ΡΙ).
861 4083 934 4143 iii,
954 4088 1001 4132 2.
1025 4088 1089 4133 36

458 4144 654 4211 Pompa.
717 4147 1070 4195 Transeundum
1100 4164 1230 4198 nunc
1262 4148 1348 4196 tibi
1379 4150 1440 4196 ad

395 4206 726 4259 Menedemum
763 4220 853 4269 est,
883 4220 934 4261 et
965 4219 1045 4260 tua
1068 4228 1238 4279 pompa
1259 4229 1318 4261 eo
1348 4222 1438 4261 tra-

395 4272 610 4323 ducenda
632 4284 704 4325 est
734 4276 855 4325 Heu.
875 4277 942 4336 iv,
963 4280 1011 4327 4.
1035 4281 1098 4327 17
1253 4281 1258 4286 “

459 4336 608 4391 Pone.
641 4340 902 4409 (Adverb.)
957 4342 1082 4391 Puer
1101 4343 1162 4391 ad
1186 4358 1260 4392 me
1279 4358 1438 4393 accur-

2418 442 2569 506 cclv*

1500 604 1559 650 rit
1580 603 1721 652 Mida
1744 623 1755 650 ε
1794 613 1917 666 pone
1938 603 2250 668 apprehendit
2282 604 2427 667 pallio
2450 591 2565 657 fre.

1500 668 1691 728 supinat
1712 681 1723 715 ε
1747 668 1945 732 respicio
1980 669 2070 716 ΡΙ).
2097 685 2146 732 v,
2166 674 2216 720 6.
2237 673 2302 718 23

1483 781 1486 788 ,
1512 758 1519 765 ·
1567 733 1721 780 Pono.
1763 733 1954 790 Verum,
1976 747 2101 798 pone
2123 749 2223 781 esse
2242 744 2350 780 eum
2365 734 2563 786 victum.

1502 797 1593 844 His
1615 799 1751 845 rebus
1774 813 1885 846 sane
1907 813 2051 861 pone,
2074 797 2249 862 inquit,
2278 799 2439 846 decem
2462 800 2565 850 πί·

1503 877 1586 938 ¹²⁸?
1620 861 1710 912 Ph.
1730 863 1805 936 iv,
1828 867 1877 911 3.
1895 867 1977 914 25.
2000 867 2064 912 62
2098 863 2195 920 Qui
2216 877 2269 937 se
2290 863 2341 909 in
2364 864 2437 910 sui
2460 881 2570 928 gre-

1503 941 1603 1040 Ῐέιῗ
1640 943 1727 1051 {³125
1728 935 1897 1041 ’ἑῗῗέ
1932 943 2003 1040 31¹¹
2004 926 2565 1054 {22301‘2'2222222921‘2'3

1504 1057 1631 1103 sedes
1652 1056 1819 1103 viderit
1852 1055 1915 1104 A.
1935 1057 2004 1113 iv,
2024 1060 2073 1105 4.
2100 1059 2161 1105 34
2202 1055 2262 1102 In
2282 1057 2440 1104 medio
2463 1073 2563 1106 om·

1503 1121 1642 1168 nibus
1662 1121 1863 1184 palmam
1898 1137 2001 1170 esse
2031 1121 2277 1184 posituim·
2300 1121 2384 1186 qui
2416 1129 2562 1170 artem

1505 1191 1710 1232 tractant
1730 1186 1961 1234 Musicam
1984 1185 2073 1234 ΡΙ).
2101 1185 2227 1233 Prol.
2252 1188 2314 1234 18
2349 1185 2418 1234 Ut
2432 1187 2564 1250 apud

1504 1263 1579 1361 ge
1603 1251 1841 1364 praergiugu
1872 1265 1974 1298 esse
2006 1249 2211 1315 positum
2244 1249 2412 1313 pietati
2444 1253 2565 1301 scias

1555 1329 1600 1360 e.
1623 1329 1685 1371 w,
1746 1347 1759 1364 .
2082 1331 2111 1358 .·
2355 1327 2363 1332 ·
2546 1319 2555 1333 ’

1570 1378 1835 1442 Popularis.
1899 1377 2098 1428 Amicus
2120 1395 2325 1427 summus
2346 1393 2495 1440 meus,
2512 1385 2565 1429 et

1505 1444 1743 1506 popularis
1766 1443 1909 1500 Geta,
1932 1445 2031 1493 heri
2052 1445 2119 1491 ad'
2136 1459 2211 1494 me
2230 1445 2360 1491 venit
2392 1444 2481 1494 ΡΙ).
2526 1445 2563 1502 i,

1505 1513 1552 1555 1.
1577 1513 1604 1556 1
1642 1507 1686 1555 Ο
1712 1507 1957 1572 populares
1978 1508 1990 1554 Ι
2012 1509 2172 1572 ecquis
2193 1523 2266 1556 me
2286 1508 2401 1555 vivit
2416 1509 2565 1558 hodie

1504 1571 1781 1620 fortunatior
1804 1574 1821 1619 ?
1857 1571 1947 1622 Eu.
1970 1589 2018 1630 v,
2038 1578 2087 1622 9.
2113 1579 2136 1622 1
2182 1572 2391 1622 Obsecro
2416 1573 2449 1620 !·
2472 1577 2561 1638 po-

1505 1637 1707 1699 pulares,
1752 1637 1889 1685 ferte·
1912 1638 2097 1698 misero,
2140 1644 2295 1701 atque·
2322 1636 2563 1686 innocenti

1505 1701 1727 1748 auxilium
1754 1702 1765 1748 Ι
1802 1703 1899 1750 Ad.
1932 1701 1983 1758 ii,
2008 1708 2055 1751 1.
2080 1707 2107 1750 1
2384 1725 2393 1730 ·

1570 1765 1801 1829 Populus.
1864 1765 1925 1813 Id
1948 1766 2152 1830 populus
2173 1773 2321 1821 curat,
2344 1765 2523 1815 scilicet
2546 1767 2562 1814 Ξ

1505 1827 1572 1877 Α.
1610 1831 1643 1886 i,
1668 1836 1717 1880 2.
1742 1835 1805 1880 14
1838 1829 1915 1878 Ita
1938 1831 2142 1894 populus
2166 1831 2323 1878 studio
2345 1829 2563 1894 stupidus

1505 1893 1556 1940 ia
1597 1895 1873 1943 funambulo
1906 1897 2111 1943 animum
2155 1902 2411 1958 occuparat
2462 1895 2559 1946 He.

1507 1958 1634 2007 Prol.
1656 1963 1687 2008 4
1712 1960 1925 2023 Populus
1946 1961 2166 2007 convolat
2186 1960 2281 2008 He.
2304 1959 2407 2009 Ait.
2434 1959 2562 2008 Prot.
2634 1967 2643 1973 '

1504 2027 1570 2073 82
1626 2025 1724 2080 Qui
1743 2027 1831 2072 erit
1850 2041 2005 2072 rumor
2028 2025 2215 2088 populi,
2236 2025 2425 2092 inquitL
2439 2025 2477 2071 si
2510 2024 2563 2070 id

1505 2088 1710 2136 feceris?
1746 2090 1837 2138 Ph.
1859 2105 1907 2148 v,
1928 2093 1978 2137 7.
2002 2095 2063 2138 18
2120 2089 2307 2151 Populo
2330 2095 2381 2135 ut
2402 2089 2562 2149 place-

1505 2159 1626 2215 rent,
1667 2166 1783 2217 quas
1816 2153 2003 2200 fecisset
2033 2153 2235 2201 Fabulae
2292 2152 2355 2202 A.
2380 2152 2507 2200 Prol.
2528 2153 2561 2201 8

1505 2217 1603 2273 Qui
1636 2218 1769 2264 vobis
1810 2218 2035 2266 universis
2066 2225 2117 2264 et
2148 2216 2326 2280 populo
2371 2216 2565 2280 placent

1506 2279 1606 2332 Ad.
1626 2281 1752 2330 Prol.
1778 2286 1841 2331 19
1862 2281 1921 2329 In
1940 2297 2017 2330 ore
2034 2289 2108 2329 est
2124 2282 2249 2328 omni
2264 2281 2441 2346 populo
2464 2280 2563 2330 Ao.

1505 2345 1538 2401 i,
1561 2351 1611 2395 2.
1632 2351 1693 2395 13
1742 2345 1839 2404 Qui
1870 2361 2021 2410 nuper
2048 2345 2165 2394 fecit
2195 2361 2327 2394 servo
2360 2346 2564 2394 currenti

1503 2410 1556 2458 in
1577 2409 1651 2457 via
1670 2410 1865 2458 decesse
1890 2410 2114 2474 populum
2148 2409 2269 2458 Hea-
2293 2409 2419 2457 Prol.
2442 2413 2531 2459 32·

1569 2474 1733 2524 Porro.
1798 2473 1987 2523 Dehinc
2040 2481 2095 2521 ut
2127 2473 2389 2539 quiescant,
2426 2490 2561 2539 porro

1503 2554 1675 2587 moneo
1709 2539 1769 2586 A.
1793 2540 1919 2590 Prol.
1941 2544 2007 2589 22
2040 2540 2223 2587 Adeon'
2245 2554 2321 2587 me
2342 2540 2562 2603 ignavum

1503 2612 1645 2665 putas
1663 2604 1681 2650 ἓ
1702 2604 1879 2651 adeon*
1894 2620 2029 2667 porro
2052 2606 2300 2666 ingratum.
2318 2606 2407 2651 ut?
2437 2603 2503 2653 A.
2526 2605 2563 2662 i,

1507 2674 1556 2715 5.
1577 2672 1640 2714 ⁴³
1676 2667 1915 2731 Corrigere
1939 2668 2050 2714 mihi
2072 2676 2262 2731 gnatum
2286 2682 2421 2729 porro
2459 2670 2563 2715 eni·

1505 2739 1601 2778 tere
1634 2728 1699 2778 A.
1718 2730 1787 2787 iii,
1810 2735 1859 2781 ⁴.
1881 2736 1941 2779 17
1964 2731 2113 2779 Move
2134 2746 2281 2795 ocyus
2297 2740 2360 2787 te,
2378 2738 2432 2779 ut
2444 2731 2563 2796 quid

1505 2808 1658 2857 agam,
1684 2810 1819 2859 porro
1838 2795 2071 2857 intelligas
2103 2795 2167 2842 A.
2184 2797 2249 2851 iv,
2266 2800 2314 2844 3.
2334 2800 2397 2845 18
2417 2795 2562 2845 Porro

1507 2858 1788 2907 Eunuchum
1806 2860 1943 2907 dixti
1980 2858 2099 2907 velle
2136 2868 2185 2906 te
2234 2858 2324 2909 Eu.
2358 2860 2394 2917 i,
2424 2864 2474 2909 2.
2496 2864 2561 2909 87

1506 2922 1653 2971 Misit
1671 2938 1805 2987 porro
1828 2938 1975 2980 orare,
1998 2930 2051 2971 ut
2070 2922 2290 2980 venirem,
2314 2916 2433 2972 serio
2469 2924 2563 2973 Bu.

1507 2988 1578 3041 iii,
1602 2992 1649 3036 3.
1672 2992 1737 3037 22
1770 2988 1915 3036 Porro
1938 2996 2111 3045 autem,
2132 2995 2262 3053 pater
2282 3003 2343 3036 ne
2366 3003 2469 3037 rure
2488 3004 2562 3037 re-

1505 3052 1650 3099 dierit
1660 3051 1779 3115 jam.
1828 3053 1938 3109 Quo
1962 3060 2101 3115 pacto
2122 3068 2259 3115 porro
2280 3054 2452 3117 possim
2476 3068 2563 3117 po-

1509 3116 1585 3163 tiri
1618 3115 1709 3165 Eu.
1726 3115 1796 3177 iii,
1812 3122 1857 3165 5.
1872 3121 1953 3167 68.
1974 3122 2037 3165 65
2058 3115 2200 3164 Thais
2218 3132 2353 3180 porro
2368 3118 2567 3174 instare,

1509 3188 1564 3227 ut
1585 3182 1819 3229 hominem
1841 3181 2008 3229 invitet
2057 3180 2147 3229 Eu.
2178 3182 2243 3236 iv,
2270 3186 2315 3230 1.
2338 3188 2367 3231 5
2418 3180 2563 3231 Nunc

1507 3245 1710 3359 1:1³⁰&
1732 3246 2095 3360 ff‘ffnssoeiss’
2118 3247 2245 3358 ‘¹¹:35¹
2264 3246 2460 3359 322⁸
2486 3262 2565 3364 ’35

1698 3342 1713 3357 .
1780 3345 1795 3367 ,
1850 3344 1864 3359 .

1508 3373 1631 3422 Hes.
1662 3376 1697 3432 i,
1719 3378 1767 3424 1.
1792 3379 1883 3425 107
1918 3374 2067 3438 Perge
2090 3326 2241 3439 ἔξω,
2264 3383 2422 3424 tamen
2442 3326 2563 3425 iffae

1509 3454 1599 3501 ago
1632 3440 1756 3487 Hes.
1777 3438 1829 3497 ii,
1852 3444 1901 3488 3.
1926 3444 2021 3489 106
2052 3439 2160 3488 Tibi
2182 3446 2337 3487 sutem
2356 3454 2491 3503 porro
2508 3445 2565 3487 u't

1508 3516 1603 3550 non
1626 3504 1690 3551 sit
1712 3518 1853 3551 suave
1872 3504 2044 3552 vivere.
2100 3504 2244 3553 Porro
2267 3512 2315 3553 te
2334 3506 2461 3552 idem
2480 3520 2562 3551 oro

1512 3575 1564 3614 ut
1597 3568 1761 3625 facias,
1797 3569 2013 3627 Chreme,
2048 3568 2171 3618 Hea.
2212 3568 2283 3624 iii,
2310 3573 2355 3617 1.
2383 3572 2467 3617 7³.
2496 3574 2563 3618 84

1511 3632 1641 3690 Quid
1662 3632 1793 3679 illum
1816 3648 1951 3697 porro
1972 3633 2124 3682 credis
2142 3634 2391 3695 facturum,
2414 3632 2562 3681 Chre-

1511 3696 1621 3745 me?
1659 3692 1776 3745 Hea.
1798 3698 1868 3755 iii,
1890 3704 1939 3747 3.
1956 3702 2021 3747 30
2063 3698 2157 3746 Sed
2180 3695 2313 3759 porro
2334 3696 2565 3752 ausculto,

1511 3762 1639 3823 quod
1663 3772 1871 3824 superest
1892 3763 2093 3811 fallaciae
2144 3762 2271 3811 Hea.
2307 3762 2371 3817 iv,
2409 3768 2459 3811 5.
2496 3764 2563 3809 22

1511 3826 1659 3874 Porro
1693 3828 1795 3875 haec
1829 3826 2004 3874 talenta
2036 3827 2161 3876 dotis
2182 3834 2446 3890 apposcunt
2466 3826 2565 3873 duo.

1512 3890 1635 3941 Heu.
1669 3892 1732 3947 iv,
1756 3895 1806 3941 7.
1831 3895 1895 3940 10
1936 3890 2079 3939 Porro
2104 3899 2297 3939 autem·
2324 3890 2411 3955 Sy.
2447 3889 2563 3937 Non
2643 3944 2652 3952 ,

1511 3955 1667 4005 hercle
1704 3955 1852 4004 otium
1886 3963 1961 4003 est
1998 3971 2125 4003 nunc
2161 3955 2273 4003 mihi
2306 3954 2401 4005 Ad.
2422 3954 2493 4011 iii,
2516 3958 2565 4001 8.

1511 4024 1574 4069 65
1611 4020 1792 4069 Primus
1814 4036 1953 4085 porro
1974 4017 2203 4069 obnuntio
2235 4019 2333 4069 Ad.
2371 4019 2435 4075 iv;
2458 4023 2507 4067 2.
2530 4022 2565 4067 8

1514 4084 1758 4133 Cessatum
1781 4102 1929 4149 usque
1948 4078 2102 4134 adhuc
2125 4092 2227 4132 est:
2261 4099 2387 4131 nunc
2408 4098 2564 4147 porro,

1498 4150 1759 4213 ‘AEschinffi
1796 4149 2144 4213 expergiscere!
2194 4148 2291 4197 Ad.
2326 4147 2391 4203 ir,
2416 4152 2467 4197 4.
2497 4150 2560 4197 21

1512 4213 1659 4261 Porro
1681 4223 1855 4271 autem,
1878 4216 1970 4261 illis
1990 4216 2101 4262 dum
2125 4214 2291 4261 studeo
2308 4220 2368 4260 -ut
2399 4211 2497 4263 Ad.
2516 4228 2563 4269 v,

1512 4283 1563 4327 ⁴.
1585 4282 1651 4328 14
1672 4280 1771 4327 Res
1788 4290 1982 4343 apparet
2003 4297 2016 4323 ι
2039 4285 2088 4326 et
2098 4278 2287 4343 quidem
2299 4279 2563 4341 haec'porro.

1513 4343 1754 4407 Siquidem
1776 4360 1932 4409 porro,
1952 4342 2129 4402 Μὶιτὶο,Ι
2144 4350 2193 4391 tu
2212 4352 2341 4393 tuum
2354 4342 2564 4392 officium
