3192 4975
593 409 619 475 l
1586 418 1832 472 runsx

596 574 797 626 cessavit
817 589 900 637 pro
918 579 966 622 te
987 567 1107 624 eniti
1140 569 1233 622 Ph.
1266 571 1342 629 iii,
1364 577 1410 622 1.
1434 577 1494 622 11
1549 573 1657 621 Aut

598 641 679 690 ubi
700 640 741 687 si
760 655 931 695 cesses,
950 638 1140 696 evenire
1176 653 1235 686 ea
1270 638 1415 687 satius
1452 645 1525 686 est
1558 638 1667 686 Ad..

595 705 633 761 i,
656 709 701 754 1.
720 708 747 754 4
800 702 946 760 Uxor,
968 703 1008 751 si
1030 717 1199 759 cesses,
1222 709 1307 750 aut
1327 710 1375 750 te
1396 717 1549 750 amare
1571 719 1656 751 co-

630 770 716 816 itat
749 766 845 815 Ad.
868 767 905 823 i,
929 772 976 817 1.
996 772 1027 816 7
1078 767 1295 815 Paullum
1320 766 1359 813 si
1379 783 1654 824 cessassem,

596 787 727 880 gomi
749 848 845 880 non
868 832 1168 880 offendissem
1192 832 1283 881 Eu.
1306 831 1371 888 iv,
1394 838 1482 882 46
1520 831 1654 888 Quos

597 897 667 944 ais
699 897 932 955 homines,
956 896 1172 952 Chreme,
1212 897 1427 945 cessare?
1464 896 1585 946 Hea·
1607 913 1654 952 v,

600 965 647 1010 1.
672 965 734 1010 10
790 961 1038 1010 Cessatum
1079 976 1227 1024 usque
1260 961 1415 1009 adbuc
1450 968 1523 1009 est
1554 960 1654 1008 Ad.

596 1025 665 1087 iv,
688 1029 734 1073 4.
756 1029 815 1074 21

663 1088 895 1138 Cetarius.
961 1088 1155 1146 Cetarii,
1178 1089 1307 1144 lanii,
1330 1089 1488 1152 coqui,
1513 1089 1656 1136 farto-

597 1170 686 1208 res,
708 1153 982 1216 piscatores,
1004 1169 1209 1214 aucupes
1244 1153 1333 1200 Eu.
1354 1154 1409 1210 ii,
1430 1158 1479 1204 2.
1504 1157 1569 1202 26

558 1253 567 1262 .
663 1217 837 1274 Ceteri,
859 1234 918 1274 ae,
940 1234 983 1269 a.
1050 1217 1192 1266 Nunc
1232 1218 1345 1266 mihi
1382 1218 1473 1266 hoc
1494 1215 1658 1280 negoti

598 1283 742 1331 ceteri
772 1283 962 1339 dedere,
1000 1284 1206 1330 utillum
1228 1297 1431 1346 quaeram
1467 1282 1559 1332 Eu.
1582 1282 1656 1339 iii,

597 1352 647 1396 4.
671 1352 703 1398 6
738 1347 896 1398 Ceteri
918 1348 1109 1409 quidem
1132 1347 1271 1396 aorici
1294 1362 1455 1394 omnes
1481 1347 1569 1396 Ph.
1589 1347 1656 1401 iv,

598 1415 645 1458 3.
672 1415 733 1460 19
786 1411 899 1460 Non
922 1413 1013 1459 sibi
1034 1411 1123 1460 soli
1165 1412 1371 1474 postulat
1409 1419 1455 1458 te
1484 1411 1657 1465 vivere,

597 1482 647 1522 et
668 1491 753 1523 sua
773 1492 916 1524 causa
956 1475 1143 1524 excludi
1176 1484 1354 1524 ceteros
1386 1475 1477 1527 Eu.
1514 1476 1581 1531 iii,
1603 1480 1653 1524 2.

600 1543 665 1588 28
718 1539 897 1588 Fallere
936 1548 1067 1588 tanto
1090 1540 1238 1600 magis
1262 1541 1456 1588 audebit
1476 1547 1658 1588 ceteros

599 1602 697 1651 Ad.
730 1605 768 1661 i,
792 1610 839 1654 1.
874 1610 935 1655 31
994 1605 1189 1654 Ceteros
1222 1619 1418 1659 ruerem,
1453 1619 1657 1666 agerem,

598 1683 825 1730 raperem.
847 1671 1109 1724 tunderem,
1134 1677 1185 1716 et
1200 1677 1535 1732 prosternerem
1558 1667 1658 1716 Ad.

598 1731 670 1788 iii,
694 1737 741 1780 2.
763 1738 821 1784 21
878 1734 1039 1782 Pisces
1074 1742 1253 1782 ceteros
1291 1749 1454 1796 purga,
1478 1733 1657 1780 Dromo

599 1795 695 1844 Ad.
716 1797 787 1852 iii,
810 1803 855 1845 3.
881 1802 945 1846 22
1001 1797 1165 1846 Nolim
1210 1805 1465 1845 ceterarum
1506 1813 1656 1846 rerum

601 1867 647 1906 te
669 1863 907 1908 socordem
948 1863 1115 1910 eodem
1138 1863 1281 1909 modo
1314 1861 1411 1910 Ad.
1437 1862 1501 1918 iv,
1523 1869 1569 1909 5.
1592 1867 1655 1911 61

602 1924 731 1980 Quia
754 1932 851 1972 tum
876 1925 989 1974 mihi
1013 1927 1253 1974 lamentari
1277 1934 1444 1988 praeter
1478 1935 1658 1974 ceteras

600 1990 698 2037 visa
719 1997 819 2048 est3
855 1999 904 2037 et
925 1991 1037 2053 quia
1056 2001 1157 2038 erat
1175 1991 1320 2038 forma
1344 1999 1511 2052 praeter
1530 1998 1657 2039 cete-

600 2069 675 2100 ras
711 2055 907 2104 honesta
947 2063 997 2102 et
1030 2055 1208 2102 liberali
1239 2053 1303 2102 A.
1338 2055 1372 2110 i,
1410 2060 1455 2104 1.
1489 2059 1570 2103 9⁴.
1592 2062 1656 2104 95

602 2119 761 2175 Quum
798 2135 887 2182 ego
927 2135 1010 2166 vos
1048 2119 1166 2166 solvi
1204 2119 1327 2166 curis
1365 2119 1529 2168 ceteris
1563 2120 1658 2169 He.

597 2182 651 2240 ii,
676 2189 722 2233 1.
746 2186 807 2232 33
873 2183 1027 2240 Quam
1060 2185 1320 2232 fortunatus
1354 2183 1523 2232 ceteris
1556 2201 1658 2232 sum

599 2249 736 2295 rebus
768 2247 861 2294 He.
883 2249 949 2303 iv,
972 2253 1018 2296 2.
1042 2253 1103 2298 25
1160 2249 1208 2295 Si
1247 2257 1403 2295 cetera
1442 2258 1552 2295 sunt
1573 2250 1658 2304 ita,

602 2317 657 2356 ut
678 2311 747 2358 vis
781 2311 874 2358 He.
898 2311 960 2367 iv,
1000 2316 1051 2360 2.
1087 2316 1151 2361 28
1202 2311 1381 2360 Horum
1420 2313 1501 2360 ille
1538 2313 1658 2361 nihil

600 2375 789 2436 egregie
813 2382 979 2436 praeter
1000 2382 1155 2422 cetera
1177 2376 1396 2424 studebat
1428 2376 1493 2424 A.
1535 2377 1569 2437 i,
1610 2383 1658 2427 1.

600 2442 663 2488 31
720 2438 924 2485 Patriam
954 2447 1003 2486 et
1024 2438 1159 2503 signa
1180 2446 1333 2488 cetera
1357 2456 1510 2505 neque
1540 2442 1659 2491 scie·

601 2504 684 2550 bat
703 2503 793 2553 Eu.
817 2502 851 2558 i,
874 2508 925 2552 2.
942 2509 1006 2553 32
1044 2504 1260 2553 Lectulos
1275 2503 1395 2567 jube.
1413 2508 1555 2554 sterni
1570 2522 1657 2555 no-

603 2567 690 2623 bis,
713 2576 763 2615 et
797 2568 947 2630 parari
968 2575 1125 2619 cetera
1158 2567 1252 2617 Ad.
1294 2570 1345 2627 ii,
1381 2575 1430 2620 4.
1466 2576 1526 2619 21
1583 2572 1658 2619 Tu

600 2631 829 2695 conjicito
866 2640 1021 2681 cetera
1056 2632 1146 2683 Ph.
1167 2632 1205 2689 i,
1227 2636 1275 2683 3.
1302 2639 1363 2685 14
1411 2635 1547 2683 Intus
1582 2652 1660 2685 ee·

600 2704 700 2744 tera
713 2694 889 2744 'audies
922 2698 1015 2747 Ph.
1036 2714 1085 2753 v,
1111 2702 1157 2746 1.
1181 2702 1246 2747 38

666 2760 908 2809 Ceterum.
992 2762 1211 2811 Ceterum
1275 2763 1337 2811 de
1388 2763 1660 2813 exclusione

598 2827 791 2873 verbum
828 2825 1012 2875 nullum
1060 2826 1153 2875 Ειι.
1193 2826 1229 2889 i,
1266 2832 1314 2877 2.
1350 2833 1381 2877 7
1439 2828 1659 2878 Ceterum

599 2890 729 2939 idern
752 2892 841 2939 hoc
864 2898 967 2941 tute
996 2890 1166 2939 melius
1187 2899 1365 2954 quanto
1390 2893 1660 2946 invenisses,

598 2954 801 3001 Thraso!
834 2954 929 3003 Eu.
968 2955 1037 3011 iii,
1062 2960 1108 3003 1.
1146 2960 1211 3005 62
1267 2957 1485 3006 Ceterum
1524 2958 1660 3021 equi·

601 3018 707 3065 dem
730 3019 873 3075 istuc,
896 3019 1114 3076 Chreme,
1137 3021 1261 3083 aequi
1282 3021 1491 3086 bonique
1528 3022 1660 3071 facio

600 3080 725 3130 Hea.
746 3082 813 3138 iv.
834 3089 885 3133 ⁶.
911 3088 975 3133 39
1008 3082 1105 3131 Abi
1130 3093 1431 3147 praestrenue,
1454 3103 1511 3135 ac
1532 3087 1663 3149 aperi

598 3148 739 3195 fores.
772 3147 850 3195 Sa.
882 3148 1105 3195 Ceterum
1140 3150 1229 3196 boc
1267 3150 1387 3197 nihil
1414 3150 1531 3197 facis
1564 3152 1662 3199 Ad.

601 3211 653 3263 ii.
689 3215 733 3259 1.
769 3214 829 3258 13
888 3211 1129 3263 Ceterum.
1154 3213 1311 3272 placet
1344 3213 1433 3261 tibi
1466 3214 1661 3271 factum,

600 3274 793 3323 Micio?
827 3273 924 3319 Ad.
946 3274 1011 3329 iv,
1033 3279 1081 3321 7.
1108 3279 1167 3323 18
1220 3276 1437 3325 Ceterum
1463 3293 1539 3325 rus
1562 3294 1663 3326 cras

600 3352 707 3384 cum
731 3336 830 3383 filio
852 3352 958 3383 cum
983 3337 1135 3398 primo
1152 3337 1261 3387 lucu
1300 3340 1379 3387 ibo
1417 3340 1526 3390 hinc
1560 3341 1662 3393 Ad.

601 3416 649 3460 v,
664 3404 788 3449 3.54
824 3400 1045 3450 Ceterum
1056 3402 1117 3449 de
1133 3403 1403 3453 reducenda
1427 3405 1475 3453 id
1498 3406 1662 3464 facias,

600 3464 730 3525 quod
751 3465 802 3512 in
824 3476 919 3513 rem·
942 3464 1005 3513 sit
1025 3473 1153 3513 tuam
1175 3466 1268 3515 He.
1290 3468 1361 3525 iii,
1383 3473 1432 3518 3.
1457 3474 1519 3521 31
1565 3472 1660 3521 Ce-

600 3536 751 3577 -terum
775 3530 993 3593 posthac,
1016 3529 1055 3577 si
1076 3532 1348 3595 quicquam,
1366 3533 1483 3582 nihil
1500 3551 1663 3599 precor

598 3593 693 3643 Ph.
726 3594 759 3650 i,
781 3601 831 3644 2.
854 3599 915 3643 91
976 3593 1195 3644 Ceterum
1234 3613 1381 3660 quum
1416 3608 1660 3663 argentum

600 3666 817 3721 repetent
838 3659 930 3709 Ph.
950 3658 1017 3714 iv,
1038 3664 1089 3709 4.
1113 3665 1175 3711 14

616 3742 623 3747 ·
667 3723 878 3772 Chaerea.
965 3724 1126 3773 Heus!
1195 3725 1340 3773 heus!
1402 3726 1487 3773 tibi
1530 3726 1662 3783 dico,

601 3786 813 3847 Chaerea,
856 3788 1028 3848 inquit.
1068 3788 1217 3836 restiti
1270 3789 1362 3838 Eu.
1406 3790 1461 3847 ii,
1504 3795 1552 3839 3.
1595 3796 1660 3841 45

600 3850 846 3905 Chaeream
867 3852 914 3901 ei
938 3853 1005 3903 rei
1026 3853 1318 3916 prefecimus
1341 3854 1435 3903 Eu.
1471 3854 1545 3917 iii,
1561 3859 1611 3905 4.
1629 3860 1662 3904 2

597 3915 777 3977 passim
793 3917 909 3966 alibi

668 3980 917 4031 Charinus.
983 3980 1137 4027 Modo
1156 3980 1242 4027 iste
1256 3980 1397 4029 homo
1414 3997 1553 4043 quam
1573 3982 1662 4030 vil-

600 4042 693 4090 lam
734 4043 1070 4093 demonstravit
1102 4044 1329 4094 Charini?
1362 4045 1487 4093 Hea.
1523 4047 1589 4102 iv,
1613 4051 1662 4095 4.

604 4110 665 4153 10
712 4109 970 4157 Charinum
990 4109 1150 4156 video.
1182 4108 1309 4157 salve
1341 4108 1407 4159 A.
1450 4109 1503 4167 ii,
1528 4116 1575 4161 1.
1601 4116 1664 4161 18

603 4168 795 4229 Quaeso,
820 4174 1025 4237 aedepol,
1047 4171 1251 4221 Charine
1285 4172 1348 4224 A.
1367 4174 1421 4230 ii,
1451 4179 1491 4221 1.
1515 4180 1545 4223 5

669 4233 911 4285 Chremes.
976 4237 1131 4285 Venit
1169 4237 1393 4286 Chremes
1436 4238 1664 4301 postridie

602 4296 664 4345 ad
686 4312 778 4355 me,
800 4300 1045 4347 clamitans
1080 4301 1145 4349 A.
1180 4302 1215 4357 i,
1244 4306 1289 4350 1.
1314 4305 1406 4352 117
1462 4302 1663 4351 Nullon’

1729 588 1819 635 ego
1841 571 2103 622 Chremetis
2123 579 2263 636 pacto
2285 568 2560 620 affinitatem
2582 567 2787 632 effugere

1731 637 1931 700 potero?
1957 636 2018 684 A.
2037 638 2074 693 i,
2091 643 2142 686 ὅ.
2169 641 2230 686 12
2263 637 2467 684 Puerum
2490 634 2604 682 inde
2627 635 2789 682 abiens

1729 701 1930 752 conveni
1952 701 2163 751 Chremi-1
2197 701 2258 749 A.
2285 701 2340 762 ii,
2359 705 2407 749 2.
2431 704 2494 750 31
2553 698 2790 762 Exequias

1731 764 1990 827 Chremeti,
2032 766 2202 829 quibus
2245 773 2318 814 est
2352 765 2670 822 commodum,
2703 765 2790 820 ire,

1730 832 1837 884 hem
1863 830 1873 876 !
1905 840 2088 893 tempus
2111 838 2184 878 est
2218 830 2310 879 Pb.
2333 847 2381 886 v,
2405 833 2452 878 8.
2472 833 2534 877 37
2586 827 2690 890 Ego
2712 844 2788 876 me

1729 894 1956 942 continuo
1978 896 2038 943 ad
2063 895 2308 943 Chremem
2329 893 2391 942 A.
2407 893 2460 950 ii,
2479 896 2528 942 2.
2549 897 2614 942 24
2649 892 2790 941 Hane

1730 959 1952 1008 simulant
1971 975 2151 1023 parere,
2173 975 2269 1022 quo
2288 959 2581 1008 Chremetem
2608 958 2788 1005 abster-

1729 1031 1864 1071 reant
1884 1022 1948 1070 A.
1972 1024 2042 1079 iii.
2065 1028 2113 1073 1.
2135 1029 2195 1074 14
2245 1023 2338 1070 Per
2349 1039 2438 1085 ego
2461 1029 2508 1069 te
2529 1021 2662 1069 Deos
2681 1037 2794 1078 oro,

1732 1087 1951 1142 Chreme.
1977 1096 2028 1136 ut
2047 1103 2124 1136 me
2145 1087 2343 1150 adjuves
2368 1087 2418 1134 in
2441 1087 2530 1134 hac
2551 1101 2600 1133 re
2633 1085 2694 1134 A.
2715 1087 2788 1140 iii.

1731 1157 1778 1202 3.
1801 1157 1836 1202 6
1865 1153 2041 1215 passim
2062 1152 2176 1200 alibi

1799 1216 2010 1280 Chrysis.
2079 1216 2275 1280 Chrysis
2296 1214 2454 1263 vicina
2475 1216 2576 1263 haec
2600 1215 2793 1262 moritur

1733 1279 1794 1330 A.
1818 1281 1854 1334 i,
1880 1286 1926 1330 1.
1947 1285 2012 1330 78
2066 1282 2278 1329 Sororem
2317 1295 2418 1328 esse
2441 1281 2576 1328 aiunt
2597 1279 2790 1342 Chrysi·

1731 1346 1804 1392 dis
1836 1343 1900 1394 A.
1930 1346 1964 1401 i,
2004 1350 2048 1394 1.
2087 1350 2148 1394 97
2219 1345 2314 1394 Dic
2361 1345 2516 1399 sodes,
2553 1344 2660 1407 quis
2695 1344 2794 1392 heri

1732 1410 2012 1473 Chrysidem
2034 1410 2239 1458 habuit?
2273 1409 2338 1460 A.
2380 1409 2418 1468 i,
2444 1413 2488 1456 1.
2512 1413 2576 1457 68
2633 1409 2792 1456 Metui

1730 1490 1759 1521 a
1782 1475 2018 1538 Chryside
2053 1474 2117 1522 A.
2137 1474 2173 1530 i,
2199 1479 2241 1523 1.
2265 1478 2332 1524 79
2362 1472 2534 1537 passim
2557 1473 2672 1520 alibi

1798 1540 1958 1588 Cibus.
2027 1538 2224 1595 Viden',
2246 1539 2413 1596 otium,
2448 1545 2498 1586 et
2517 1538 2652 1585 cibus
2673 1536 2790 1600 quid

1732 1603 1876 1651 faciat
1897 1603 2112 1652 alienus?
2147 1604 2238 1652 Eu.
2259 1603 2315 1657 ii,
2338 1609 2386 1652 2.
2409 1607 2471 1652 34
2505 1601 2676 1650 Avidoe
2697 1601 2792 1648 cibi

1733 1667 1826 1717 Eu.
1851 1685 1898 1724 v,
1919 1675 1968 1718 4.
1989 1673 2052 1718 16
2085 1668 2346 1716 Deducunt
2365 1667 2523 1715 cibum
2545 1666 2638 1713 Eu.
2662 1664 2714 1723 ii,
2738 1670 2790 1714 3.

1732 1737 1796 1781 23
1853 1733 2026 1782 Cibum
2049 1747 2388 1795 nonnunquam
2425 1732 2586 1794 capiet
2605 1745 2714 1779 cum
2736 1745 2792 1776 ea

1735 1796 1827 1846 Eu.
1846 1796 1900 1854 ii,
1925 1803 1972 1848 3.
1995 1801 2062 1845 76
2117 1798 2290 1846 Cibum
2311 1811 2408 1843 una
2426 1797 2586 1857 capias
2625 1795 2714 1841 Eu.
2735 1793 2792 1853 ii,

1733 1864 1780 1908 3.
1804 1866 1866 1910 81
1918 1861 1959 1908 Ε
1999 1862 2186 1909 flamma
2221 1869 2381 1925 petere
2406 1868 2452 1908 te
2476 1861 2634 1907 cibum
2658 1861 2794 1922 posse

1733 1926 1926 1972 arbitror
1958 1925 2051 1975 Eu.
2075 1926 2146 1981 iii,
2169 1930 2214 1976 2.
2238 1929 2302 1974 38
2358 1925 2500 1972 Unde
2521 1925 2638 1971 mihi
2660 1931 2790 1986 pete·

1733 2005 1828 2036 rem
1850 1990 2008 2038 cibum
2042 1990 2163 2037 Hea.
2186 2007 2232 2046 v,
2255 1995 2303 2039 2.
2325 1995 2390 2040 25

1799 2053 2022 2104 Cicatrix.
2087 2054 2260 2118 Neque
2279 2069 2462 2118 pugnas
2499 2061 2673 2109 narrat,
2705 2068 2790 2101 ne-

1734 2133 1827 2180 que
1866 2119 2104 2167 cicatrices
2131 2134 2238 2166 suas
2273 2125 2481 2166 ostentat
2511 2117 2602 2164 Eu.
2636 2117 2707 2175 iii,
2743 2121 2794 2168 2.

1801 2246 1986 2295 Cilicia.
2053 2247 2166 2302 Iter,
2200 2247 2272 2295 illi
2308 2247 2360 2294 in
2394 2245 2624 2294 Lemnum
2645 2253 2698 2295 nt
2719 2261 2796 2294 es·

1734 2317 1820 2363 set.
1839 2320 2000 2359 nostro
2022 2311 2068 2358 in
2093 2311 2308 2360 Ciliciam
2343 2311 2432 2358 Ph.
2455 2311 2493 2365 i,
2516 2317 2563 2360 2.
2591 2315 2652 2359 16

1799 2375 2042 2424 CircuitiO.
2108 2376 2242 2423 Nihil
2282 2374 2560 2424 circuitione
2597 2391 2712 2424 usus
2743 2391 2794 2424 es

1733 2439 1798 2489 A.
1825 2441 1858 2495 i,
1880 2444 1930 2490 2.
1956 2445 2016 2490 31

1799 2504 2006 2554 Circum.
2073 2505 2264 2561 Paucae,
2299 2521 2407 2569 quae
2446 2506 2622 2555 circum
2661 2504 2793 2552 illam

1733 2577 1890 2618 essent
1923 2570 2015 2617 Eu.
2049 2570 2120 2625 iii.
2159 2576 2208 2619 5.
2244 2575 2310 2619 33
2367 2570 2583 2634 Capillus
2617 2568 2792 2618 circum

1733 2641 1880 2696 caput
1920 2635 2120 2697 rejectus
2154 2634 2448 2698 negligenter
2491 2634 2614 2683 Hes.
2650 2634 2705 2691 ii,
2744 2638 2794 2683 3.

1800 2760 2140 2813 circumcurso.
2207 2762 2314 2813 Hac
2349 2762 2456 2812 illac
2485 2763 2796 2811 circumcursa

1734 2825 1856 2875 Hes.
1873 2826 1944 2881 iii,
1963 2832 2013 2876 2.
2041 2832 2066 2875 1

1801 2889 2067 2939 Circumeo.
2136 2890 2340 2939 Facinus
2359 2890 2622 2954 indignum,
2645 2890 2792 2940 Chre-

1735 2970 1827 3011 me,
1850 2954 1916 3003 sic
1938 2955 2200 3004 circumiri!
2235 2955 2327 3005 Ph.
2351 2956 2416 3010 iv,
2440 2960 2489 3004 3.
2513 2960 2546 3004 9

1803 3019 2174 3082 circumspecto.
2263 3019 2416 3068 Simul
2459 3020 2556 3067 alia
2596 3020 2791 3069 circum-

1734 3091 1916 3145 specto,
1955 3084 2094 3131 satin’
2132 3084 2373 3147 explorata
2408 3084 2504 3131 sint
2541 3085 2634 3133 Eu.
2657 3086 2725 3141 iii,
2745 3090 2796 3132 5.

1735 3152 1801 3197 54
1847 3148 2028 3199 Nescio
2058 3149 2176 3214 quid
2212 3149 2577 3211 circumspectat
2605 3148 2700 3195 En.
2739 3149 2791 3205 ii,

1801 3274 2161 3339 Circumspicio.
2230 3276 2304 3324 Ibi
2325 3275 2529 3325 ascendo
2553 3274 2606 3321 in
2627 3291 2792 3338 qnem-

1735 3340 1846 3387 dam
1863 3342 2099 3388 excelsum
2117 3342 2289 3389 locum.
2309 3340 2636 3402 circumspicio
2658 3341 2724 3389 A.
2741 3341 2795 3396 ii,

1735 3408 1785 3453 2.
1808 3408 1874 3453 26
1907 3406 2060 3462 Cedo,
2070 3406 2300 3469 numquid
2315 3404 2677 3469 circumspexit?
2697 3405 2793 3454 Ad.

1735 3468 1800 3526 ἰν,
1823 3474 1872 3518 5.
1897 3474 1960 3517 55

1802 3532 2132 3583 Circumvallo.
2175 3533 2270 3582 Tot
2289 3550 2362 3582 res
2380 3540 2572 3599 repente
2593 3534 2796 3581 circum-

1735 3597 1930 3656 vallant,
1953 3600 2082 3646 unde
2105 3599 2277 3662 emergi
2303 3615 2400 3647 non
2425 3604 2579 3663 potest
2611 3597 2705 3645 Ad.
2723 3598 2794 3653 iii,

1803 3724 2148 3774 Circumvenio.
2201 3726 2281 3775 Ne
2303 3743 2409 3777 cum
2429 3727 2794 3775 circumventum

1737 3788 1898 3853 inique
1938 3789 2087 3853 iniqui
2111 3790 2336 3839 irrideant
2384 3792 2478 3839 He.
2517 3790 2622 3841 Ait.
2662 3790 2790 3841 Prol.

1802 3916 2014 3965 Cistella.
2080 3918 2174 3966 Abi
2199 3925 2270 3974 tu,
2306 3918 2554 3974 cistellam,
2578 3917 2794 3983 Pythias,

1737 3982 1879 4029 domo
1901 3982 2015 4031 effer
2043 3999 2153 4032 curn
2190 3983 2506 4033 monumentis
2538 3983 2632 4033 Eu.
2655 3984 2720 4038 iv,
2739 3987 2794 4031 6.

1802 4108 2110 4161 citharistria.
2231 4111 2472 4161 Continuo
2543 4110 2794 4175 qnamdam

1737 4182 1902 4222 nactus
1933 4182 2006 4222 est
2027 4175 2284 4238 puellulam
2323 4176 2664 4225 Citharistriam
2701 4174 2793 4225 Ph.

1735 4238 1775 4297 i,
1795 4244 1846 4288 2.
1869 4244 1932 4288 32
1984 4239 2114 4296 Quid
2156 4242 2444 4304 paedagogus
2465 4242 2562 4299 iile,
2599 4240 2686 4303 qui
2707 4239 2790 4287 Ci-

1722 4303 2012 4353 ,thau-istriam
2031 4306 2048 4352 ἓ
2083 4304 2172 4353 Ph.
2195 4304 2230 4361 i,
2252 4309 2301 4355 2.
2322 4310 2387 4355 94
