3192 4975
1197 444 1272 491 {N
1321 442 1803 493 TERENTIUM.

415 589 564 643 dunt!
599 592 695 641 He..
719 592 784 648 iii.
808 597 854 641 6.
875 595 936 640 19

484 659 684 719 Invisus,
724 673 770 712 a,
825 671 919 702 um.
984 654 1086 703 Etsi
1119 656 1238 716 scio,
1273 656 1371 718 pol,
1413 656 1470 705 iis

415 724 514 771 fore
549 738 699 769 meum
731 728 1034 781 conspectum
1087 720 1284 767 invisum
1329 722 1470 768 bodie

417 788 512 835 He.
533 805 579 845 v,
601 791 648 834 2.
669 790 732 834 22
756 785 940 831 Invisus
961 800 1122 831 omnes
1145 800 1231 831 nos
1255 800 1357 833 esse
1379 786 1470 833 illis

413 852 568 899 sentio
600 850 693 897 He.
717 850 786 907 iii,
812 855 856 899 l.
880 854 944 900 48
987 849 1036 895 Si
1059 850 1121 896 ob
1141 863 1244 895 cem
1267 864 1362 897 rem
1387 866 1468 897 vo-

415 917 485 963 bis
505 916 600 963 vita
621 928 724 963 mea
743 914 894 963 invisa
915 921 988 961 est
1019 913 1114 961 Ad.
1140 928 1186 969 v,
1205 918 1254 962 9.
1276 918 1340 965 32
1374 913 1468 963 Hic

413 979 550 1027 video
575 994 648 1027 me
669 994 770 1027 esse
792 977 987 1025 invisam
1009 977 1240 1025 immerito
1283 978 1377 1026 He.
1400 978 1468 1040 iv,

413 1048 461 1093 2.
484 1048 544 1093 21
603 1042 696 1091 Nm
728 1058 815 1089 nos
846 1058 1004 1089 sumus
1036 1041 1266 1117 ‘mutieres
1305 1042 1468 1107 inique

411 1122 866 1220 aeqffvffffffiffi
888 1106 1068 1219 ἒῖἐῑζιῖ
1086 1110 1256 1219 idaim
1285 1171 1376 1219 Eu.
1399 1172 1467 1228 iv,

415 1240 460 1284 1.
485 1241 518 1285 8
573 1237 716 1285 Thais
747 1251 883 1298 porro
916 1236 1103 1289 instare,
1147 1242 1201 1283 ut
1230 1236 1466 1283 hominem

409 1299 582 1349 invitet
601 1300 694 1349 Eu.
715 1300 782 1357 iv,
806 1305 852 1348 1.
875 1306 904 1348 5
929 1299 1084 1356 Quam
1104 1298 1272 1347 vellem
1295 1301 1468 1349 Mene·

410 1365 600 1412 demum
619 1365 884 1419 invitatum,
907 1373 960 1412 ut
993 1363 1113 1411 Heu.
1135 1364 1172 1421 i,
1192 1368 1241 1413 2.
1267 1369 1328 1414 11

476 1428 676 1477 Invitus.
743 1428 890 1477 Nulla
927 1435 998 1475 est
1046 1435 1141 1475 tam
1173 1427 1324 1477 facilis
1377 1444 1468 1491 res,

371 1498 386 1512 ⁰
410 1493 528 1603 auin
559 1492 760 1541 difficilis
793 1492 898 1549 siet,
933 1508 1073 1555 quam
1117 1492 1288 1541 invitus
1323 1494 1468 1542 facies

459 1572 533 1605 eu.
555 1557 619 1613 iv,
638 1564 689 1607 6.
711 1562 742 1606 2
775 1556 932 1605 Nemo
953 1560 1013 1605 ed
1040 1564 1086 1604 te
1106 1557 1253 1614 venit,
1275 1556 1367 1605 nisi
1383 1574 1467 1606 cu-

411 1622 548 1683 piens
569 1623 638 1669 tui
658 1639 672 1668 :
695 1621 774 1669 ine
796 1622 970 1669 invitus
992 1621 1118 1669 illem
1140 1621 1335 1670 duxerat
1373 1622 1466 1671 He.

413 1752 460 1797 1.
481 1754 516 1798 6
566 1750 832 1813 Pamphile,
867 1751 992 1797 haud
1033 1749 1184 1796 invito
1216 1752 1276 1797 sd
1332 1766 1468 1801 sures

409 1828 558 1861 sermo
600 1815 715 1862 mihi
749 1814 946 1864 accessit
977 1822 1084 1861 tuus
1117 1814 1211 1861 He.
1235 1814 1306 1872 iii,
1328 1822 1376 1863 5.
1401 1820 1465 1865 32

409 1876 554 1927 Hunc
587 1879 824 1927 difficilem
857 1877 1052 1926 invitum
1085 1887 1286 1927 servaret
1307 1896 1464 1927 senem

411 1941 536 1991 Hes.
580 1943 649 1998 iii,
673 1948 722 1993 2.
744 1947 808 1992 24
865 1942 937 1989 Eo
987 1950 1219 1991 amantem
1263 1943 1464 1991 invitum

411 2005 710 2070 Pamphilum
750 2008 958 2055 extrudit
992 2016 1124 2070 pater
1155 2007 1250 2055 He.
1270 2009 1306 2070 i,
1329 2015 1378 2057 2.
1399 2013 1466 2057 98

413 2070 476 2118 Vi
495 2079 710 2119 coactum
735 2079 779 2119 te
801 2088 901 2121 esse
935 2072 1150 2129 invitum,
1184 2072 1305 2133 lege,
1333 2073 1466 2135 judi-

407 2134 504 2181 cio.
528 2136 696 2183 tenes?
731 2136 821 2183 Ph.
844 2137 878 2197 i,
893 2140 942 2186 4.
965 2140 1026 2183 37
1067 2135 1188 2183 Tum
1212 2135 1351 2184 video
1374 2137 1464 2184 fili—

409 2214 488 2245 um
509 2198 713 2247 invitum
735 2215 846 2247 sane
881 2200 1120 2247 mulierem
1152 2200 1214 2246 ab
1246 2216 1296 2247 se
1329 2200 1466 2248 amit-

409 2269 508 2311 tere
538 2263 630 2312 Ph.
672 2281 719 2319 r,
742 2268 792 2313 7.
813 2269 876 2313 27
912 2263 1023 2311 Feci
1045 2262 1187 2311 hodie
1211 2271 1262 2310 nt
1282 2265 1464 2322 fierent,

409 2327 679 2391 insperante
709 2329 820 2385 hoc,
851 2335 994 2391 etque
1027 2328 1174 2375 invito
1213 2328 1464 2391 Pamphilo

408 2391 472 2439 A.
516 2392 585 2449 iii,
609 2395 658 2441 4.
677 2396 742 2443 24
775 2392 924 2452 Uxor,
944 2393 1074 2441 liberi
1095 2393 1290 2449 inventi,
1313 2394 1462 2441 invito

411 2464 541 2518 petre
572 2456 635 2506 A.
660 2473 706 2515 v,
729 2461 778 2507 3.
798 2462 862 2508 20
897 2457 1026 2504 Num
1046 2456 1127 2504 ina
1149 2456 1462 2522 oppignorare

408 2520 550 2568 filiam
585 2537 754 2584 meam,
783 2538 860 2570 me
892 2523 1059 2581 invito,
1094 2523 1285 2584 potuit?
1337 2523 1461 2572 Hes.

409 2585 472 2642 iv,
495 2592 544 2635 5.
566 2590 629 2635 47
687 2587 774 2634 Me
794 2587 942 2634 invito
961 2587 1158 2634 abduxit
1181 2603 1332 2635 meum
1362 2587 1462 2635 Ad.

407 2649 458 2705 ii,
483 2654 532 2698 1.
554 2655 620 2700 44
654 2649 758 2712 Ego
777 2650 912 2699 istum
929 2651 1090 2698 invitis
1109 2652 1325 2698 omuibus
1367 2651 1463 2699 Ad.

406 2711 460 2766 ii.
485 2719 532 2763 1.
556 2718 588 2762 4
636 2713 734 2762 Die
755 2730 829 2762 me
846 2715 924 2764 hic
945 2714 1126 2778 oppido
1145 2729 1248 2762 esse
1267 2715 1462 2762 invitam

412 2777 538 2827 Heu.
558 2776 623 2833 iv,
646 2782 696 2827 4.
721 2781 783 2826 12

475 2841 678 2897 Inuitus,
699 2857 746 2895 a,
770 2856 866 2888 um.
929 2839 1139 2888 Inuitum
1155 2856 1396 2905 nunquam
1415 2842 1464 2890 id

408 2905 590 2953 auferet
622 2904 689 2954 A.
725 2905 796 2960 iii,
817 2911 867 2954 5.
886 2908 918 2954 4
968 2903 1054 2964 At,
1083 2920 1174 2960 nae,
1195 2903 1314 2952 illud
1338 2907 1464 2953 haud

410 2968 631 3025 inuitum,
651 2969 694 3016 si
714 2969 843 3022 vivo,
867 2969 1017 3016 ferent
1049 2969 1169 3018 Heu.
1194 2985 1238 3024 v,
1265 2974 1312 3018 1.
1335 2975 1398 3019 45

473 3032 745 3080 Invocatus.
811 3032 1026 3095 Postulo,
1047 3033 1162 3082 mihi
1178 3033 1394 3082 invocato
1412 3042 1468 3082 ut

411 3097 475 3146 sit
494 3097 626 3145 locus
647 3112 830 3160 semper
860 3097 952 3144 Eu.
975 3111 1022 3154 v,
1039 3103 1090 3147 9.
1111 3101 1176 3146 29

475 3160 660 3212 Involo.
725 3161 795 3210 Ut
814 3177 906 3222 ego
927 3162 1162 3224 unguibus
1182 3161 1257 3209 illi
1275 3162 1328 3210 in
1351 3177 1462 3210 ocu·

411 3225 482 3274 10·
501 3226 706 3274 involem
728 3225 970 3274 venefico!
1009 3226 1102 3275 Eu.
1143 3227 1209 3282 iv,
1231 3230 1282 3276 3.
1305 3231 1338 3276 6
1371 3225 1465 3274 Vix

409 3306 485 3402 ge
504 3291 747 3352 contineo,
777 3291 897 3355 quin
923 3291 1128 3340 involem
1157 3291 1212 3339 in
1243 3291 1464 3354 capillum

457 3371 502 3402 ue
523 3372 572 3412 V,
589 3361 639 3406 2·
657 3360 722 3404 2⁰

473 3419 634 3470 Jocor.
666 3418 870 3468 Jocsber
889 3416 1110 3482 equidem
1143 3418 1234 3467 Eu.
1254 3418 1313 3474 ii.
1333 3424 1382 3469 3.
1399 3424 1464 3470 86

410 3481 563 3548 Atqui
584 3492 634 3532 tu
669 3484 790 3534 hanc
815 3483 969 3547 jocari
999 3483 1187 3532 credis?
1233 3483 1359 3532 Hes.
1393 3485 1465 3548 iv,

476 3611 724 3660 Jocularis.
755 3611 1033 3661 Joculsrius.
1077 3611 1346 3660 secularem
1379 3627 1464 3659 su·

411 3675 620 3722 dacium!
656 3676 745 3723 Ph.
765 3677 802 3735 i,
824 3681 872 3726 2.
896 3679 959 3724 84
991 3677 1024 3725 J
1027 3674 1280 3724 ocularinm
1297 3676 1350 3722 in
1365 3691 1463 3724 ma-

412 3739 509 3786 lum
532 3739 734 3788 insciens
755 3755 890 3800 paene
909 3739 1060 3789 incidi
1093 3740 1159 3790 A.
1182 3741 1248 3803 iv,
1267 3745 1317 3789 4.
1333 3745 1398 3790 43

475 3801 639 3851 Jocus.
702 3802 800 3850 Hic
821 3821 928 3852 vero
949 3813 1038 3864 est,
1055 3806 1140 3868 qui
1157 3805 1196 3852 si
1211 3805 1467 3868 occeperit,

412 3868 594 3924 iudum,
609 3867 866 3930 jocumque
897 3869 1026 3916 dices
1059 3870 1201 3918 fuisse
1233 3869 1364 3917 illum
1397 3870 1465 3917 sl-

412 3939 559 3980 terum
601 3931 685 3979 Eu.
721 3932 772 3986 ii,
797 3936 846 3978 3.
869 3936 900 3979 8
949 3933 1102 3988 Quam
1128 3933 1242 3995 joco
1263 3951 1358 3982 rem
1384 3951 1464 3982 vo-

413 3995 542 4046 luisti
564 4013 593 4044 a
611 4013 684 4044 me
705 3995 922 4044 tandem?
957 3996 1047 4044 Eu.
1068 3997 1104 4050 i,
1125 4003 1173 4045 2.
1195 4003 1262 4048 99
1294 3999 1468 4046 Jocou'

413 4075 472 4107 sn
490 4062 608 4110 serio
630 4061 751 4109 illaec
773 4060 918 4116 dicat,
951 4060 1110 4108 neseio
1153 4061 1276 4110 Hes.
1311 4062 1384 4119 iii,
1417 4067 1467 4113 2.

479 4189 607 4252 Ipse,
630 4189 703 4238 vel
727 4189 886 4251 Ipsus,
909 4204 953 4245 a,
976 4204 1073 4236 um.
1141 4188 1290 4245 Quid.
1307 4189 1346 4235 si
1367 4187 1468 4251 ipse

417 4255 645 4302 amasset?
680 4253 744 4302 A.
769 4255 802 4309 i,
828 4259 873 4304 1.
895 4259 957 4303 85
989 4253 1113 4301 Tute
1129 4253 1228 4316 ipse
1245 4254 1315 4300 his
1327 4255 1469 4307 rebus

417 4317 556 4364 finem
599 4319 897 4382 praesctipsti‚
941 4325 1075 4382 pater
1126 4317 1190 4366 A.
1223 4318 1261 4374 i,
1291 4323 1336 4366 1.
1375 4321 1468 4368 12⁴

2410 430 2605 496 clxxi

1543 590 1641 641 Hic
1662 590 1864 655 seipsos
1884 592 2022 649 fallit,
2056 590 2181 639 haud
2213 608 2305 655 ego
2352 591 2416 642 A.
2454 592 2526 650 iii,
2552 599 2599 646 2.

1547 663 1607 721 15
1641 656 1868 704 Delirus?
1892 670 1987 703 non
2010 665 2111 704 tute
2132 657 2271 719 ipse?
2303 657 2367 707 A.
2390 657 2456 713 iv,
2470 663 2518 709 4.
2539 664 2599 708 13

1542 720 1701 769 Homo
1723 722 1829 783 ipse
1849 736 1937 768 nus
1972 736 2078 767 uem
2100 727 2191 770 est.
2256 720 2307 768 Is
2321 729 2412 782 est,
2426 736 2487 769 sn
2503 738 2599 771 non

1543 787 1647 833 est?
1673 786 1800 849 ipsus
1822 795 1894 834 est
1969 802 2018 835 u.
2039 785 2171 841 iim.
2190 790 2240 834 5.
2264 790 2295 834 8
2328 785 2387 832 In
2423 802 2603 849 cogno-

1541 851 1717 898 scendo
1740 857 1840 897 tute
1860 850 1964 915 ipse
1985 849 2155 905 ederis,
2172 849 2367 898 Chares
2384 850 2473 898 Eu.
2490 868 2539 909 v,
2553 857 2602 901 2.

1541 918 1604 963 54
1640 915 1733 962 Sed
1750 916 1855 976 ipse
1867 915 2106 978 egreditur
2135 914 2258 962 Hes.
2281 930 2329 971 v,
2344 919 2393 963 3.
2406 920 2466 964 21
2506 916 2601 963 Sed

1541 985 1676 1025 estne
1697 980 1774 1026 hic
1794 980 1941 1043 ipsus,
1964 979 2025 1027 de
2046 994 2142 1043 quo
2164 979 2361 1042 egebam
2382 979 2399 1025 ?
2432 978 2527 1027 Ad.
2564 982 2601 1037 i,

1547 1048 1592 1091 1.
1614 1047 1677 1091 53
1732 1042 1832 1091 Iste
1864 1052 1990 1102 tuus,
2022 1043 2127 1107 ipse
2159 1044 2330 1091 sentiet
2368 1044 2599 1107 posterius

1542 1106 1644 1157 Ad.
1684 1108 1720 1164 i,
1742 1112 1789 1157 2.
1810 1112 1877 1157 59
1926 1108 2038 1171 Ipse
2070 1116 2257 1171 egomet
2288 1107 2407 1155 solvi
2435 1122 2601 1171 ergen—

1543 1180 1643 1219 tum
1675 1170 1775 1221 Ad.
1812 1173 1878 1229 iv,
1897 1177 1947 1221 4.
1974 1178 2035 1222 18
2082 1172 2178 1229 Qui
2214 1178 2355 1233 amat,
2386 1171 2464 1220 cui
2486 1173 2599 1220 odio

1539 1236 1673 1299 ipsus
1690 1248 1777 1294 est,
1802 1237 1874 1283 bis
1896 1238 2049 1285 facere
2071 1236 2214 1285 stulte
2234 1237 2360 1285 duco
2395 1236 2487 1285 He.
2526 1236 2597 1294 iii,

1541 1305 1588 1351 2.
1614 1306 1645 1351 8
1698 1301 1749 1349 Si
1788 1301 1980 1365 quidem
2013 1300 2093 1348 ilie
2126 1302 2229 1365 ipse
2253 1316 2352 1348 non
2371 1301 2471 1348 volt
2503 1300 2599 1349 He.

1540 1365 1606 1420 iv,
1634 1370 1675 1413 1.
1697 1370 1761 1415 45
1812 1365 1861 1413 Is
1893 1373 1965 1413 est
1994 1366 2142 1428 ipsus.
2164 1366 2243 1413 hei
2264 1364 2407 1413 timeo
2429 1365 2597 1413 miser!

1541 1428 1635 1479 Ph.
1656 1430 1691 1485 i.
1710 1434 1759 1478 3.
1781 1434 1849 1480 26
1882 1429 1981 1486 Qui
2003 1445 2139 1493 paene
2160 1431 2341 1491 herum,
2358 1426 2601 1493 ipsiusque

1539 1509 1685 1557 opera
1726 1494 1865 1557 periit
1904 1494 1999 1542 He.
2035 1510 2083 1556 v,
2106 1498 2154 1543 3.
2176 1499 2241 1543 20
2292 1494 2449 1542 Perii!
2492 1494 2601 1542 huic

1537 1558 1632 1621 ipsi
1654 1567 1727 1605 est
1749 1574 1870 1621 opus
1890 1566 2089 1622 petrono
2122 1558 2214 1606 Eu.
2230 1559 2295 1615 iv,
2316 1564 2366 1608 6.
2388 1562 2453 1607 32
2486 1558 2602 1607 Seni

1539 1622 1742 1670 animam
1766 1624 1964 1685 primum
1985 1624 2325 1685 exstinguerem
2360 1623 2451 1686 ipsi
2501 1621 2599 1673 Ad.

1539 1686 1608 1742 iii,
1632 1692 1680 1736 2.
1702 1691 1766 1736 16
1798 1686 1963 1751 Ipsum
1979 1688 2107 1735 hunc
2128 1688 2270 1735 orabo
2303 1687 2368 1735 A.
2387 1688 2439 1745 ii,
2466 1690 2512 1735 1.
2536 1692 2607 1736 12

1540 1751 1661 1799 Cum
1687 1752 1839 1815 ipsum
1860 1768 1937 1799 me
1957 1752 2099 1809 noris,
2132 1766 2273 1815 quam
2322 1752 2415 1799 Eu.
2450 1750 2521 1807 iii,
2544 1756 2595 1800 5.

1542 1819 1603 1863 18
1635 1816 1703 1863 Te
1726 1817 1881 1878 ipsum
1904 1817 2231 1879 exspectabam
2274 1815 2367 1866 Eu.
2403 1815 2469 1873 ir,
2493 1820 2541 1865 6-
2567 1821 2597 1865 5

1539 1880 1733 1928 Putavit
1754 1896 1829 1929 me
1850 1880 1958 1943 pius
1970 1881 2087 1929 scire
2103 1888 2153 1928 et
2172 1880 2436 1944 providere,
2457 1893 2599 1942 quum

1537 1959 1588 1991 se
1610 1945 1763 2007 ipsum
1784 1946 1871 1993 sibi
1905 1945 2031 1996 Heu.
2053 1945 2089 2001 i.
2112 1948 2241 1994 1.64
2272 1944 2421 2009 Apud
2442 1944 2597 2007 ipsum

1539 2008 1691 2055 lucum
1714 2016 1786 2057 est
1806 2010 2003 2072 pistrilla
2034 2007 2133 2059 Ad.
2155 2009 2222 2065 iv,
2238 2013 2287 2058 2.
2303 2013 2367 2058 44
2405 2008 2500 2056 Sed
2518 2022 2599 2055 ec-

1538 2072 1685 2119 cumi
1720 2074 1855 2120 sum!
1903 2072 1998 2121 Ad.
2037 2074 2100 2130 iv,
2124 2078 2173 2123 7.
2196 2078 2229 2122 2
2278 2073 2434 2130 Quem
2457 2071 2597 2120 intel-

1539 2136 1633 2183 lexi
1654 2136 1687 2183 il
1708 2153 1783 2185 am
1815 2138 1941 2185 baud
1975 2137 2147 2192 minus,
2182 2151 2325 2201 quem
2358 2153 2409 2185 se
2440 2136 2461 2183 i
2494 2151 2598 2183 sum

1539 2200 1837 2263 magnificare
1868 2201 1962 2249 He.
2000 2202 2052 2259 ii,
2074 2206 2122 2251 2.
2147 2204 2209 2249 18
2243 2199 2349 2248 Nec
2387 2200 2457 2248 Sti
2477 2201 2601 2263 pho·

1538 2280 1649 2311 nem
1668 2265 1825 2328 ipsum
1846 2266 1981 2329 scire,
2002 2266 2083 2331 qui
2101 2264 2278 2313 fuerit?
2312 2264 2404 2314 Ph.
2424 2264 2475 2321 ii,
2500 2268 2547 2313 8.
2564 2268 2601 2316 9

1537 2328 1695 2377 Setius
1716 2339 1805 2385 est,
1822 2346 1963 2394 quam
1982 2330 2061 2378 tei
2098 2344 2149 2377 so
2164 2329 2351 2377 haerede
2366 2330 2469 2376 haec
2484 2344 2599 2391 pos-

1536 2393 1689 2441 sidere
1728 2394 2017 2443 Bacchidem
2116 2408 2188 2441 es.
2224 2409 2275 2453 v,
2295 2397 2345 2443 2.
2367 2397 2432 2443 16
2469 2392 2598 2440 Illud

1537 2456 1665 2520 vide,
1684 2459 1809 2508 utin
1830 2459 1935 2522 ipso
1956 2457 2153 2508 articulo
2184 2457 2450 2524 oppressit!
2497 2456 2599 2509 Ad.

1535 2522 1586 2578 ii,
1610 2527 1658 2571 2.
1680 2527 1742 2573 21
1800 2523 1973 2588 Neque
2004 2523 2055 2571 in
2088 2539 2164 2572 me
2195 2523 2320 2586 ipso,
2354 2521 2440 2571 tibi
2482 2523 2597 2570 boni

1535 2587 1651 2648 quid
1674 2588 1753 2644 sit,
1773 2589 1873 2636 scio
1905 2588 1999 2636 He.
2037 2604 2083 2645 v,
2103 2592 2152 2637 4.
2171 2592 2230 2637 11
2267 2588 2355 2635 Me
2376 2602 2484 2637 cnm
2506 2588 2599 2634 hoc

1536 2651 1643 2712 ipso
1662 2651 1886 2700 distaedet
1905 2652 2037 2714 loqui
2070 2652 2162 2701 Ph.
2199 2667 2246 2708 v,
2270 2656 2319 2700 8.
2342 2655 2408 2700 22
2440 2651 2598 2709 Ultro,

1537 2715 1663 2825 {21:¹2¹
1664 2729 1751 2825 2¹¹3.
1760 2715 1923 2828 (3³⁰5
1924 2731 1998 2827 ⁸2¹¹
2002 2715 2201 2836 >533ss
2210 2715 2497 2826 {3323}ssss
2500 2722 2603 2842 ἓξὲξ

1540 2843 1681 2896 vium,
1705 2844 1895 2890 domum
1928 2859 2023 2906 qun
2055 2843 2282 2890 redeunt?
2334 2842 2429 2889 He.
2458 2842 2528 2896 iii,
2547 2846 2600 2892 2.

1537 2910 1601 2955 25
1653 2905 1789 2953 Intus
1820 2922 1927 2970 quae
1959 2909 2081 2954 inter
2111 2923 2212 2954 sese
2243 2906 2335 2969 ipsi
2378 2906 2597 2968 egerint?

1539 2969 1634 3018 Ph.
1654 2987 1701 3027 v,
1723 2974 1773 3020 6.
1795 2976 1860 3020 36
1893 2971 2040 3018 Mitto
2054 2985 2149 3018 rem
2168 2989 2181 3018 ι
2202 2969 2597 3018 consuetudinem

1539 3033 1747 3096 ipsorum
1779 3035 1876 3082 Ad.
1899 3051 1946 3092 v,
1970 3040 2019 3084 3.
2042 3039 2105 3084 34
2139 3034 2263 3098 Ipsis
2280 3041 2597 3083 commentum

1541 3098 1701 3160 placet
1731 3098 1792 3146 A.
1828 3099 1865 3154 i,
1890 3103 1939 3149 3.
1962 3104 2027 3148 20
2076 3099 2287 3162 Optume
2307 3100 2435 3162 ipsos
2456 3098 2599 3147 video

1539 3161 1665 3209 Heu.
1704 3177 1751 3220 v,
1773 3168 1823 3211 5.
1843 3167 1874 3211 3
1921 3161 2022 3211 Aut
2052 3178 2150 3226 qua
2181 3164 2259 3211 via
2301 3172 2349 3213 te
2385 3170 2604 3228 captent,

1539 3227 1709 3274 eedem
1726 3227 1856 3291 ipsos
1876 3229 1983 3290 capi
2017 3227 2111 3277 He.
2146 3228 2178 3284 i,
2206 3233 2250 3276 1.
2273 3232 2336 3277 16
2390 3227 2449 3274 ld
2488 3241 2599 3273 nos-

1540 3297 1639 3338 met
1674 3291 1801 3354 ipsos
1835 3290 1990 3340 facere
2031 3299 2219 3355 oportet
2272 3293 2362 3339 Ph.
2405 3292 2439 3348 i,
2460 3295 2510 3338 4.
2531 3296 2597 3341 45

1537 3354 1782 3419 Tanquam
1821 3355 2213 3419 Philosophorum
2246 3357 2423 3404 habent
2454 3356 2597 3403 disci-

1539 3419 1683 3484 plinae
1716 3436 1773 3468 ex
1804 3419 1920 3482 ipsis
1953 3421 2181 3468 vocabula
2234 3421 2327 3471 Eu.
2360 3421 2413 3477 ii,
2447 3425 2494 3469 2.
2532 3424 2599 3470 32

1537 3483 1829 3532 Iamdudum
1850 3499 1922 3532 res
1942 3485 2128 3533 reduxit
2146 3501 2223 3532 me
2244 3485 2346 3548 ipse
2374 3486 2423 3531 in
2457 3485 2597 3546 grati·

1540 3562 1617 3594 nm
1649 3547 1715 3598 A.
1736 3565 1787 3606 v,
1806 3552 1854 3597 4.
1876 3554 1940 3598 45
1988 3549 2134 3596 Estne
2154 3551 2257 3597 haec
2275 3549 2434 3605 Thais,
2456 3563 2597 3610 quam

1538 3611 1713 3664 video?
1734 3613 1839 3677 ipsu
1858 3621 1959 3661 est:
1981 3615 2135 3661 haereo
2178 3613 2268 3660 Eu.
2306 3629 2354 3670 v,
2377 3617 2425 3661 2.
2444 3616 2479 3660 9
2528 3611 2603 3658 Ee

1539 3691 1613 3724 res
1632 3691 1761 3725 nunc
1778 3677 1931 3740 egitur
1950 3675 2056 3740 ipsa
2086 3677 2209 3728 Hes.
2230 3678 2294 3732 iv,
2318 3683 2366 3725 8.
2386 3681 2447 3725 10
2469 3673 2599 3738 Ipse,

1540 3741 2366 3855 :zfflssfffssssfssxxffie‘ssffss
2388 3755 2601 3867 ‘3332ss

1541 3877 1759 3918 senectus
1799 3869 1905 3933 ipsa
1940 3878 2037 3917 est»
2047 3842 2232 3918 morbu’s
2278 3869 2365 3917 Ph.
2411 3869 2477 3924 iv,
2504 3873 2548 3916 1.
2568 3871 2603 3915 9

1543 3933 1668 3982 Volo
1706 3935 1850 3998 ipsius
1887 3933 2115 3998 (Phanii)
2147 3948 2336 3997 quoque
2358 3933 2601 3980 voluntate

1539 3998 1633 4046 hoc
1677 3998 1776 4048 fieri
1821 3999 1915 4046 Ph.
1952 3999 2018 4053 iv,
2040 4005 2089 4047 5.
2115 4004 2177 4048 13
2216 3999 2305 4047 Vel
2341 3998 2469 4061 quod
2506 3995 2601 4057 ipsi

1539 4063 1687 4124 cupio
1708 4062 1936 4126 Glycerio
1968 4063 2031 4110 A.
2072 4080 2118 4120 v,
2139 4065 2188 4111 4.
2208 4067 2241 4112 2
2292 4061 2463 4124 Neque
2486 4060 2602 4107 utile

1541 4126 1637 4189 ipsi
1667 4127 1839 4190 virgini
1873 4135 1946 4174 est
1978 4126 2071 4174 He.
2112 4128 2147 4188 i,
2168 4131 2216 4176 2.
2237 4131 2303 4176 76
2334 4127 2411 4174 Ita
2443 4131 2603 4188 aperte

1543 4191 1693 4252 ipsam
1732 4207 1827 4239 rem
1862 4192 2007 4238 modo
2041 4191 2225 4239 locutus
2279 4190 2343 4238 A.
2387 4192 2421 4248 i,
2450 4196 2498 4240 2.
2536 4193 2597 4238 31

1544 4254 1693 4312 Novi,
1712 4257 1879 4319 opinor
1895 4256 2139 4308 Thaidem..
2173 4256 2261 4305 ch.
2284 4255 2427 4303 Istam
2452 4257 2599 4318 ipsam

1545 4319 1639 4370 En.
1680 4320 1753 4384 iii,
1773 4327 1820 4369 5.
1844 4327 1905 4370 16
1952 4321 2206 4370 Texentem
2228 4321 2370 4369 telam
2392 4320 2601 4370 studiose
