3192 4975
580 373 723 448 lix‘

581 549 703 658 ξεῖ·
720 534 787 656 ³3⁴
806 537 1450 670 ..pristena-rste}
1488 543 1630 670 2:313:

700 643 715 664 5
771 640 785 657 0
1453 644 1468 667 2

580 685 793 719 maxume
830 679 878 719 te
910 671 1009 719 fieri
1040 671 1313 734 participem
1334 688 1392 720 cu
1428 673 1470 720 is
1503 673 1627 722 Hea.

580 735 653 791 iii,
677 740 723 784 1.
744 738 809 784 19
842 733 1043 790 Quidvis
1072 735 1184 783 dare
1216 735 1350 799 cupis
1450 747 1523 785 ea'.
1556 735 1628 791 iii,

582 803 631 849 1.
652 803 716 848 40
745 798 816 845 Tu
839 799 905 853 id,
927 799 1054 862 quod
1079 799 1231 862 cupis,
1297 815 1405 846 uam
1448 799 1626 847 ocissu-

580 877 657 910 me
671 870 727 909 ut
741 862 825 909 des
855 862 978 909 Hea.
992 861 1060 918 iv,
1077 867 1125 910 8.
1139 867 1201 912 27
1296 863 1395 926 agis
1411 864 1627 924 impense

578 925 770 988 cupitis,
807 925 1051 974 consulitis
1084 941 1246 990 parurn
1298 926 1393 976 Ad.
1422 943 1470 989 v,
1490 930 1537 975 9.
1561 930 1626 976 36

580 988 679 1037 Ubi
708 987 848 1046 nolis,
886 990 1086 1052 cupiunt
1119 989 1239 1036 ultro
1281 989 1371 1040 Eu.
1396 989 1463 1051 iv,
1484 995 1533 1038 7.
1558 994 1624 1039 43

580 1051 802 1102 Gaudere
823 1055 942 1102 adeo
964 1053 1124 1118 coepit,
1146 1053 1281 1116 quasi
1312 1053 1397 1117 qui
1426 1053 1629 1116 cupiunt

580 1116 771 1179 nuptias
802 1116 922 1165 Hes.
942 1132 991 1174 v,
1012 1123 1057 1166 1.
1078 1120 1149 1193 13·
1184 1117 1347 1165 Essem
1384 1133 1495 1173 una,
1531 1132 1628 1181 qua

578 1195 691 1292 222¹}
710 1182 953 1293 32¹2&ss
962 1180 1628 1307 .}5‚¹:1::21.{„²L⁶E⁶3⁰?.⁰¹3⁹²0

581 1307 698 1355 Eam
720 1309 889 1357 ducere
908 1309 1129 1371 cupiebat
1161 1309 1252 1355 Ph.
1276 1307 1309 1365 i,
1326 1313 1375 1358 2.
1393 1313 1457 1358 68
1491 1308 1625 1356 Mul-

579 1379 642 1419 tae
664 1380 771 1419 sunt
792 1387 962 1429 causae,
984 1373 1281 1435 quamobrem
1318 1373 1505 1436 cupiam
1542 1373 1626 1420 ab·

579 1435 752 1484 ducere
787 1435 879 1486 Eu.
910 1435 948 1493 i,
970 1441 1019 1485 2.
1038 1441 1099 1485 65
1156 1435 1301 1483 Nunc
1330 1436 1399 1483 ita
1441 1443 1628 1500 tempus

580 1506 652 1546 est
670 1500 804 1557 mihi,
824 1507 879 1547 ut
894 1499 1081 1562 cupiam
1102 1499 1243 1547 filiam
1258 1497 1381 1548 Hea.
1404 1498 1470 1556 iv,
1489 1505 1536 1549 1.
1560 1504 1626 1549 54

571 1561 711 1624 Jpsa.
734 1565 775 1611 si
796 1564 975 1628 cupiat,
1000 1563 1153 1624 Salus,
1190 1578 1370 1611 servare
1405 1579 1501 1610 nou
1538 1579 1624 1626 po-

581 1634 674 1676 test
692 1627 916 1676 familiam
963 1627 1059 1676 Ad.
1094 1628 1159 1684 iv,
1180 1631 1230 1677 7.
1252 1631 1315 1676 43
1362 1626 1517 1675 Nemo
1554 1635 1628 1675 est

578 1691 838 1747 hominum,
881 1707 1020 1755 quem
1064 1707 1190 1739 nunc
1226 1691 1373 1753 magis
1406 1706 1624 1754 cuperem

578 1753 740 1802 videre.
761 1771 903 1818 quam
924 1761 971 1802 te
1003 1753 1095 1803 Eu.
1118 1754 1189 1811 iii,
1212 1761 1261 1802 5.
1284 1759 1345 1804 13
1380 1755 1523 1812 Quod
1540 1769 1626 1803 cu-

576 1833 733 1880 peres,
754 1819 911 1881 aliquo
933 1825 1074 1882 pacto
1095 1819 1397 1866 efficiundum
1429 1819 1517 1866 tibi
1557 1817 1625 1869 A.

579 1897 628 1936 v,
652 1885 699 1932 3.
723 1885 783 1930 13
827 1882 896 1930 Ut
934 1881 976 1929 si
1019 1897 1183 1929 omnes
1219 1889 1463 1946 cuperent,
1504 1881 1624 1929 nihil

580 1944 665 1992 tibi
685 1955 875 2008 possent
895 1945 1155 1993 auxiliarier
1184 1943 1281 1992 Ad.
1304 1946 1353 2002 ii,
1378 1950 1427 1994 4.
1446 1949 1481 1994 9
1536 1945 1626 1993 Vi-

580 2009 689 2056 dere
711 2009 779 2057 ait
794 2016 842 2057 te
863 2023 1033 2071 cupere
1064 2008 1130 2057 A.
1150 2008 1221 2069 iv,
1242 2013 1289 2058 2.
1314 2014 1343 2058 5
1390 2007 1489 2056 Ubi
1510 2010 1624 2057 mihi

578 2071 714 2128 dixti,
736 2088 909 2135 cupere
928 2080 977 2120 te
997 2087 1056 2120 ex
1074 2071 1323 2136 AEthiopia
1358 2072 1623 2121 ancillulam

576 2135 669 2183 Eu.
693 2137 727 2193 i,
751 2141 800 2186 2.
821 2141 883 2186 85
919 2137 1057 2184 Hanc
1078 2151 1250 2199 cupere
1270 2151 1459 2184 uxorem
1497 2135 1623 2186 Hea.

575 2199 645 2256 iv,
668 2207 717 2250 5.
739 2204 805 2250 26
836 2200 992 2249 Nemo
1013 2201 1075 2250 ad
1097 2207 1145 2248 te
1161 2200 1305 2256 venit,
1322 2200 1415 2248 nisi
1427 2200 1625 2263 cupiens

580 2265 653 2309 tui
684 2263 777 2310 He.
798 2265 835 2318 i,
856 2269 907 2313 2.
930 2268 994 2313 67

644 2325 849 2389 Cupide.
915 2325 1104 2390 Cupide
1134 2325 1354 2388 accipiat,
1384 2327 1491 2374 faxo
1523 2324 1623 2376 Ad.

577 2388 632 2446 ii,
654 2394 703 2439 2.
730 2395 753 2439 1

642 2452 907 2516 Cupiditas.
970 2453 1065 2501 Ubi
1088 2452 1268 2500 animus
1288 2452 1429 2501 semel
1452 2468 1505 2502 se
1539 2453 1623 2501 cu'·

574 2516 779 2581 piditate
815 2517 1026 2565 devinxit
1065 2517 1188 2567 mala
1240 2516 1363 2565 Hea.
1403 2517 1439 2572 i,
1475 2522 1523 2568 2.
1556 2522 1621 2567 34

578 2582 734 2639 Quam
776 2580 945 2628 scitum
988 2587 1076 2637 est,
1110 2578 1344 2642 ejusmodi
1377 2595 1538 2643 parare
1567 2580 1621 2629 in

576 2645 734 2693 animo
755 2644 1038 2708 cupiditates
1070 2645 1160 2693 Ph.
1179 2660 1227 2700 v,
1249 2648 1301 2693 4.
1319 2649 1351 2694 2

642 2709 872 2771 Cupidus.
935 2707 1148 2757 Haecine
1167 2722 1308 2755 causa
1323 2723 1445 2755 eram
1466 2715 1622 2757 tanto-

575 2775 687 2887 {⁶¹³⁰
708 2772 1626 2901 Ὲῖἷᾱῒῗᾱὲῐῒῗὲἒὲίὲἰῖ“.’ἒ.ἷ.’ἶῖ·.ῗέ·

612 2871 625 2887 0
1268 2871 1283 2893 ⁹
1605 2865 1626 2876 n

568 2916 695 2964 quor
724 2900 817 2947 He.
838 2900 909 2957 iii,
932 2905 981 2949 3.
998 2904 1061 2949 12
1093 2899 1163 2948 Ut
1177 2898 1303 2947 illius
1318 2899 1523 2947 animum
1540 2916 1625 2949 cu-

574 2962 741 3027 pi‘dum
761 2964 925 3027 inopia
946 2964 1216 3012 incenderet
1247 2962 1371 3012 Hea.
1394 2964 1447 3021 ii,
1462 2968 1511 3013 3.
1529 2969 1625 3015 126

574 3028 685 3076 Neu
710 3043 784 3075 me
804 3028 1028 3090 cupidum
1049 3044 1107 3075 eo
1143 3026 1408 3089 impulisset
1457 3028 1548 3076 Ph.
1586 3030 1624 3087 i,

575 3096 624 3140 3.
645 3096 679 3141 6
710 3090 825 3139 Non
846 3091 941 3139 dici
1026 3100 1133 3149 test,
1153 3106 1293 3155 quam
1306 3090 1483 3155 cupida
1498 3098 1623 3141 eram

573 3156 667 3203 huc
688 3156 913 3204 redeundi
1003 3172 1047 3204 e.
1075 3154 1112 3209 i.
1135 3158 1183 3203 2.
1207 3158 1271 3203 16

606 3224 609 3227 ’
642 3219 754 3268 Cur.
819 3218 915 3267 Cur
935 3218 1121 3264 simulas
1142 3216 1311 3277 igitur?
1346 3214 1411 3263 A.
1436 3215 1471 3271 i,
1495 3219 1619 3267 1.21

572 3282 707 3339 Quid
728 3282 901 3337 obstat,
923 3296 1006 3327 cur
1025 3295 1122 3327 non
1140 3294 1259 3327 verae
1282 3279 1433 3326 fiant?
1481 3278 1547 3329 A.
1584 3282 1621 3338 i,

574 3350 621 3395 1.
645 3350 711 3394 76
742 3344 872 3399 Quid
900 3344 1038 3405 agis?
1076 3357 1158 3391 cur
1190 3350 1236 3389 te
1271 3342 1313 3389 is
1344 3342 1618 3405 perditum?

574 3406 639 3457 A.
662 3408 697 3465 i,
720 3412 765 3457 1.
790 3410 885 3457 107
934 3408 1031 3455 Cur
1052 3415 1102 3454 tu
1123 3406 1224 3453 abis
1245 3406 1303 3453 ab
1322 3406 1437 3453 illa?
1483 3406 1547 3455 A.
1583 3408 1621 3465 i,

574 3478 623 3521 5.
647 3476 713 3521 64
762 3471 893 3528 Quid
913 3470 1056 3534 igitur
1088 3469 1179 3519 sibi
1213 3469 1312 3517 volt
1343 3473 1506 3533 pater?
1538 3488 1623 3521 cur

572 3535 795 3584 simulat?
828 3534 893 3585 A.
915 3535 969 3589 ii,
992 3536 1041 3582 3.
1066 3539 1093 3584 1
1131 3535 1228 3584 Cur
1244 3536 1377 3582 non?
1410 3534 1474 3583 A.
1495 3536 1551 3596 ii,
1570 3541 1619 3586 3.

572 3603 655 3649 10.
674 3599 763 3648 Eu.
779 3616 827 3656 v,
849 3604 899 3648 2.
922 3604 1003 3648 59.
1025 3598 1149 3649 Hea.
1172 3598 1205 3656 i,
1228 3604 1275 3647 1.
1300 3602 1409 3647 111.
1430 3598 1529 3649 Ad.
1550 3600 1618 3658 iv,

572 3666 621 3712 7.
648 3668 729 3713 30.
754 3668 817 3713 33
852 3663 951 3711 Cur
970 3678 1067 3711 non
1090 3662 1209 3711 dixti
1225 3663 1459 3725 extemplo
1480 3663 1617 3710 Pam-

572 3726 739 3789 philo?
772 3726 837 3775 A.
856 3728 929 3783 iii,
947 3731 997 3775 2.
1017 3730 1081 3777 38
1113 3727 1211 3776 Cur
1230 3742 1323 3773 non
1342 3728 1617 3775 arcessitur?

571 3790 637 3840 A.
672 3791 738 3849 iii,
761 3798 808 3842 4.
829 3796 861 3840 2
900 3790 997 3841 Cur
1016 3806 1113 3838 non
1136 3791 1287 3838 habeo
1307 3791 1527 3854 spatium,
1566 3798 1619 3837 ut

571 3854 635 3904 A.
656 3855 726 3911 iii,
748 3862 797 3905 5.
819 3860 881 3905 17
934 3854 1032 3905 Cur
1051 3870 1127 3902 me
1150 3854 1338 3902 enicas?
1385 3853 1450 3903 A.
1483 3855 1545 3909 iv,
1572 3859 1618 3903 1.

572 3922 637 3967 36
672 3920 768 3969 Cur
785 3920 931 3983 igitur
948 3919 1025 3968 hic
1048 3919 1153 3967 est?
1185 3917 1251 3965 A.
1272 3934 1319 3974 v,
1343 3921 1391 3965 2.
1417 3922 1477 3967 12
1522 3918 1619 3967 Cur

570 3996 647 4029 me
668 3983 913 4032 excrucio?
938 3998 1021 4031 cnr
1040 3998 1117 4029 me
1134 3996 1315 4029 macero
1331 3981 1348 4027 ?
1371 3996 1453 4027 cur
1464 3998 1615 4031 meam

563 4046 857 4095 senectutem
894 4046 1035 4110 hujus
1066 4045 1249 4094 solicito
1277 4044 1513 4093 amentia?
1549 4046 1616 4095 A.

570 4108 618 4163 v'‚
640 4114 689 4157 3.
715 4115 793 4159 15.
817 4116 881 4161 16
929 4111 1057 4167 Quid
1080 4110 1158 4157 bic
1180 4108 1366 4155 stabas?
1402 4124 1485 4156 cur
1519 4125 1615 4157 non

569 4170 697 4219 recta
716 4173 975 4221 introibas?
1007 4174 1100 4225 Eu.
1122 4174 1159 4229 i,
1181 4177 1229 4223 2.
1250 4176 1281 4220 7
1333 4172 1469 4220 Cur?
1518 4172 1616 4222 Gn.

560 4234 768 4300 Rogas?
824 4238 915 4287 Eu.
948 4237 1018 4297 iii,
1044 4243 1090 4288 1.
1110 4242 1175 4287 46
1230 4236 1357 4293 Quid
1402 4238 1615 4287 stamus?

1558 394 1802 446 mmzx
1831 379 1842 384 “

1701 547 1785 591 οιίι·
1805 557 1902 590 non
1924 540 2044 590 imus
2062 541 2206 591 hinc?
2239 541 2332 592 Eu.
2354 539 2428 597 iii,
2449 545 2498 592 2.
2522 545 2586 590 12
2636 539 2754 592 Hoec

1701 622 1783 654 cnr
1826 605 2076 669 quaeritet?
2129 607 2220 657 Eu.
2255 606 2326 662 iii,
2349 610 2398 654 3.
2423 609 2482 654 17
2534 605 2647 660 Cur,
2693 605 2756 652 mi

1701 670 1958 718 Chremes?
1990 669 2081 720 Eu.
2103 671 2175 732 iii,
2195 675 2246 720 3.·
2265 675 2330 718 29
2378 668 2474 716 Cur
2509 685 2606 716 non
2643 684 2755 732 ego-

1700 743 1797 782 met
1819 733 1941 782 intro
1962 749 2020 780 eo
2040 734 2058 780 ?
2092 733 2186 784 Eu.
2209 750 2256 790 v,
2280 739 2327 781 5.
2343 736 2408 782 22
2442 732 2544 780 Cur
2563 749 2672 794 ergo
2705 733 2756 780 in

1701 796 1776 845 his
1799 813 1888 861 ego
1911 805 1958 845 te
1981 798 2231 861 conspicor
2251 795 2520 861 regionibus
2540 798 2557 844 ?
2593 797 2688 846 Eu.
2707 813 2758 856 v,

1699 865 1748 909 9.
1771 865 1835 910 32
1889 861 1966 908 Νε
2008 862 2069 908 sit
2113 863 2296 916 mirum,
2339 875 2419 908 cur
2459 869 2611 922 partes
2650 859 2756 908 seni

1701 924 1856 974 Poeta
1877 925 2076 980 dederit,
2100 941 2207 988 quae
2239 933 2348 972 sunt
2382 923 2754 972 adolescentium

1700 987 1824 1035 Hea.
1847 989 1976 1037 Ptol.
2004 994 2027 1038 1
2065 988 2163 1036 Cur
2181 989 2344 1036 insano
2367 987 2570 1036 serviat?
2627 988 2753 1039 Hea.

1699 1051 1832 1100 Ptol.
1853 1056 1917 1100 32
1950 1051 2048 1100 Ubi
2079 1053 2223 1100 sunt?
2261 1067 2342 1101 cur
2375 1051 2576 1098 retines?
2627 1050 2753 1100 Hea.

1698 1115 1755 1172 ii,
1778 1119 1828 1164 3.
1853 1120 1947 1164 135
1983 1115 2080 1164 Οιιι·
2103 1132 2198 1164 non
2217 1115 2387 1164 arcessi
2403 1114 2544 1177 jubes
2565 1113 2751 1162 filiam?

1699 1178 1822 1226 Hea.
1845 1194 1893 1235 v,
1915 1185 1962 1231 5.
1983 1183 2014 1228 3
2069 1179 2166 1228 Cur
2207 1181 2363 1242 perdis
2409 1179 2753 1226 adolescentem

1699 1243 1872 1291 nobis?
1906 1258 1988 1290 cur
2009 1246 2165 1292 amat?
2204 1259 2286 1292 cur
2305 1243 2472 1306 potat?
2504 1258 2586 1291 cur
2606 1249 2658 1289 tu
2679 1243 2752 1291 his

1699 1308 1836 1354 rebus
1857 1315 2057 1355 sumtum
2079 1307 2320 1372 suggeris?
2355 1305 2455 1354 Ad.
2477 1305 2514 1361 i,
2534 1311 2579 1355 1.
2594 1310 2674 1354 36.
2689 1311 2752 1356 37

1701 1370 1820 1419 (ἕατ’
1838 1371 2040 1433 passus?
2085 1371 2168 1420 ubi
2208 1371 2345 1420 eras?
2401 1370 2499 1417 Ad.
2538 1370 2591 1425 ii,
2613 1375 2664 1418 2.
2685 1373 2751 1419 26

1699 1433 1798 1482 Cur
1817 1449 1912 1481 non
1936 1435 2050 1482 ludo
2071 1437 2198 1484 hunc
2233 1434 2565 1498 aliquantisper
2584 1433 2602 1480 ?
2650 1433 2752 1485 Ad.

1697 1496 1764 1554 ἰν,
1789 1504 1838 1548 5.
1856 1504 1886 1547 5
1921 1499 2020 1547 Cur
2039 1499 2174 1547 duxit
2193 1498 2428 1547 alienam?
2477 1497 2574 1544 Ad.
2613 1497 2676 1553 iv,
2700 1503 2751 1547 5.

1699 1565 1764 1610 38
1798 1562 1896 1610 Cur
1914 1562 1992 1610 hic
2013 1563 2257 1610 nominat?
2293 1560 2392 1612 Ad.
2425 1577 2472 1616 ν,
2496 1565 2546 1609 2.
2566 1565 2596 1610 3
2655 1561 2752 1611 Cur

1699 1641 1825 1674 nunc
1848 1627 1976 1688 apud
1997 1633 2045 1674 te
2067 1627 2235 1689 potat?
2257 1642 2341 1674 cur
2360 1624 2529 1688 recipis
2551 1639 2708 1672 meum
2732 1625 2750 1673 Ξ

1699 1704 1783 1737 cur
1801 1690 1916 1738 ernis
1937 1689 2151 1748 amicam,
2174 1689 2360 1738 Micio?
2391 1689 2492 1739 Ad.
2532 1705 2580 1744 v,
2603 1693 2650 1737 3.
2673 1694 2752 1739 13.

1701 1757 1762 1802 14
1807 1753 1905 1802 Cur
1942 1769 2038 1801 non
2075 1755 2264 1802 domum
2303 1767 2491 1801 uxorem
2528 1753 2753 1801 arcessis?

1699 1814 1795 1864 Ad.
1832 1833 1881 1874 v,
1903 1821 1950 1866 7.
1972 1823 2002 1866 5
2059 1817 2157 1867 Cur
2199 1834 2293 1866 non
2335 1824 2418 1865 aut
2457 1816 2590 1865 istaec
2633 1817 2749 1865 mihi

1701 1886 1832 1937 aetas,
1873 1887 1923 1928 et
1961 1880 2109 1928 forma
2153 1889 2242 1940 est,
2273 1883 2390 1930 aut?
2441 1879 2534 1928 He.
2562 1881 2596 1935 i,
2615 1884 2661 1927 1.
2689 1885 2748 1929 17

1699 1942 1892 1992 Interii!
1928 1960 2010 1992 cur
2029 1943 2148 1992 mihi
2181 1947 2232 1993 id
2253 1961 2351 1993 non
2373 1943 2526 1992 dixti?
2559 1943 2656 1992 He.
2678 1944 2748 2001 iii,

1701 2011 1748 2056 1.
1769 2011 1834 2056 Q
1885 2008 1938 2056 Si
1959 2009 2008 2056 id
2029 2008 2193 2057 falsum
2217 2010 2384 2066 fuerat,
2406 2008 2528 2055 filius
2549 2023 2632 2055 cur
2651 2024 2748 2056 non

1697 2069 1902 2119 refellit?
1928 2073 2018 2123 Ph.
2045 2073 2096 2130 ii,
2119 2076 2168 2121 3.
2189 2077 2253 2123 54
2287 2073 2384 2122 Cur
2403 2087 2520 2133 non,
2541 2072 2747 2136 inquam,

1697 2131 1964 2183 Phormio?
2015 2135 2104 2184 Ph.
2147 2137 2211 2193 iv,
2249 2140 2298 2186 3.
2329 2142 2390 2185 15
2447 2136 2543 2185 Cur
2576 2136 2749 2192 nolles,

1699 2197 1937 2309 1(ξὲτειιιεὲ
1971 2199 2065 2247 Ph.
2084 2217 2131 2257 v,
2153 2205 2201 2250 3.
2223 2204 2286 2251 14
2320 2200 2418 2250 Cur
2437 2200 2566 2248 aliud
2587 2199 2706 2248 dixit
2726 2201 2744 2250 ?

1777 2293 1790 2308 .
1815 2279 1861 2318 v,
1883 2266 1932 2311 3.
1954 2267 2020 2312 22

1761 2325 1905 2375 Cura.
1945 2323 2088 2373 ‘Nati
2109 2326 2194 2374 filii
2219 2344 2231 2374 ε
2253 2326 2346 2375 alia
2369 2342 2480 2376 cura
2511 2325 2608 2378 Ad.
2631 2346 2678 2386 v,
2698 2331 2749 2378 4.

1699 2392 1758 2436 14
1807 2389 1934 2437 Istoc
1968 2391 2106 2438 verbo
2141 2406 2254 2439 cura
2283 2407 2340 2439 ex
2375 2393 2514 2440 corde
2550 2393 2748 2440 excessit

1695 2451 1791 2501 Ηε.
1825 2452 1899 2512 iii,
1920 2457 1967 2503 2.
1991 2458 2052 2503 12
2104 2455 2222 2505 Haec
2261 2455 2376 2503 mihi
2397 2471 2523 2504 nnnc
2544 2472 2656 2505 cura
2675 2463 2749 2505 est

1694 2532 1926 2573 maxuma,
1949 2522 2002 2565 ut
2035 2518 2129 2567 He.
2149 2514 2214 2581 iv,
2234 2524 2282 2568 2.
2307 2525 2370 2569 19
2416 2519 2487 2567 At
2508 2536 2603 2567 non
2626 2538 2744 2584 quoe

1701 2580 1880 2628 tidiana
1900 2596 2010 2629 cura
2029 2584 2131 2631 haec
2151 2592 2341 2645 angeret
2357 2583 2564 2631 animum
2599 2585 2688 2633 Ph.
2710 2585 2744 2641 i,

1701 2648 1748 2692 3.
1771 2648 1802 2694 8
1842 2645 1978 2694 Curae
2001 2656 2073 2694 est
2092 2647 2226 2696 mihi.
2277 2648 2366 2696 Mi.
2401 2648 2465 2694 Et
2485 2649 2601 2695 mihi
2623 2665 2744 2697 ουτω

1699 2714 1772 2754 est
1802 2706 1900 2755 Ad.
1920 2708 1956 2769 i,
1978 2714 2027 2759 2.
2047 2715 2114 2759 49
2157 2710 2266 2767 Quo
2288 2712 2452 2773 magis,
2487 2727 2591 2773 quae
2625 2714 2744 2775 agis,

1700 2785 1824 2819 curae
1840 2781 1949 2819 sunt
1969 2772 2086 2821 mihi
2116 2774 2213 2822 Ad.
2234 2775 2302 2837 iv,
2321 2780 2368 2825 5.
2389 2779 2454 2824 46
2497 2776 2626 2825 Mihi
2648 2793 2742 2823 ser-

1699 2850 1782 2883 vos
1826 2844 2061 2897 spectatus
2093 2837 2224 2899 satis,
2257 2838 2336 2887 cui
2371 2838 2587 2887 dominus
2618 2856 2741 2889 curae

1699 2906 1765 2945 est
1821 2898 1923 2947 Ad.
1965 2916 2012 2958 v,
2035 2906 2086 2950 6.
2104 2906 2136 2951 6
2191 2900 2298 2949 Nisi
2343 2918 2454 2951 sane
2491 2918 2614 2951 curae
2653 2912 2743 2962 est,

1698 2973 2222 3101 333¹⁸R1¹23333²2¹23¹¹13
2239 2966 2742 3092 11¹?j‘2‘215¹3.¹³055m'1'1132

1695 3091 1844 3137 ditate
1864 3107 2019 3140 curam
2051 3093 2150 3142 Ad.
2171 3094 2236 3149 ἰν,
2257 3098 2302 3142 5.
2325 3098 2390 3143 76
2425 3093 2628 3142 Occasio
2649 3104 2740 3152 est,

1694 3152 1926 3202 Phaedriae
1969 3170 2125 3203 curam
2178 3157 2381 3204 adimere
2434 3159 2738 3219 argentariam

1693 3216 1786 3264 Ph.
1807 3234 1852 3273 v,
1875 3224 1924 3267 6.
1946 3223 2011 3268 46
2043 3220 2243 3268 Animus
2279 3220 2441 3282 lassus,
2476 3236 2586 3269 cura
2623 3238 2738 3271 con·

1693 3280 1860 3336 fectus,
1883 3289 2042 3345 stupet
2073 3283 2134 3331 A.
2156 3285 2210 3341 ii,
2229 3288 2273 3334 1.
2298 3288 2329 3333 4
2375 3285 2535 3341 Quum
2572 3286 2652 3335 ille
2690 3296 2741 3336 et

1694 3358 1820 3401 cura,
1844 3352 1894 3393 et
1913 3356 2068 3395 sumtu
2102 3349 2355 3396 absumitur
2402 3350 2494 3398 Ph.
2530 3350 2583 3412 ii,
2601 3356 2649 3399 2.
2671 3356 2738 3401 26

1695 3407 1884 3464 Quanta
1917 3426 1992 3457 me
2028 3408 2145 3459 cura'
2169 3419 2218 3459 et
2248 3412 2544 3461 solicitudine
2594 3414 2739 3463 afficit

1694 3473 1889 3534 gnatus!
1925 3474 2018 3521 Ph:
2045 3475 2101 3532 ii,
2124 3480 2172 3523 4.
2199 3480 2224 3523 1
2276 3475 2388 3524 Sine
2421 3484 2574 3524 nostra
2607 3493 2735 3534 cura,

1692 3550 1906 3585 maxuma
1927 3554 2012 3585 sua
2031 3554 2158 3595 cura,
2181 3540 2280 3587 hoec
2305 3540 2402 3587 sola
2422 3542 2544 3589 fecit·
2569 3542 2660 3591 Ph.
2685 3550 2735 3597 ν’,

1695 3604 1745 3647 1.·
1764 3604 1828 3651 34
1878 3602 2002 3650 Cura
2043 3618 2094 3649 se
2135 3603 2380 3665 expedivit
2425 3604 2513 3653 Ph.
2551 3622 2596 3659 v.
2630 3610 2680 3654 4.
2700 3610 2733 3655 4

1691 3662 1784 3710 Tot
1815 3680 1888 3711 me
1918 3666 2182 3727 impediunt
2212 3683 2352 3723 curae,
2386 3683 2490 3731 quae
2527 3669 2733 3717 animum

1691 3728 1876 3775 divorse
1897 3730 2084 3776 trahunt
2114 3730 2180 3778 A.
2203 3730 2237 3788 i,
2259 3738 2306 3779 5.
2330 3737 2390 3780 25
2428 3732 2559 3788 Quot
2579 3741 2730 3783 autem

1689 3792 1844 3839 ademi
1865 3808 1995 3839 curas
2027 3792 2038 3839 !
2070 3793 2164 3842 He.
2197 3811 2246 3849 v,
2267 3799 2314 3842 3.
2341 3800 2402 3844 19
2452 3796 2610 3853 Quum
2644 3812 2734 3860 ego

1688 3870 1772 3903 vos
1792 3854 1906 3902 solvi
1928 3856 2050 3904 curis
2066 3856 2234 3905 ceteris
2265 3858 2360 3907 He.
2386 3859 2438 3916 ii,
2461 3865 2505 3909 l.
2529 3865 2591 3909 33

1753 3918 1994 3969 Curatura.
2053 3921 2259 3970 Tametsi
2296 3924 2416 3970 bona
2448 3931 2520 3971 est
2551 3931 2732 3982 natura,

1687 3984 1891 4031 reddunt
1910 3992 2122 4033 curatura
2136 3986 2336 4049 junceus
2369 3986 2460 4036 Eu.
2485 3988 2534 4043 ii,
2557 3993 2605 4037 3.
2623 3993 2688 4038 24

1753 4046 1992 4105 Curiosus,
2022 4064 2089 4109 sa,
2129 4066 2244 4099 sum.
2309 4050 2402 4099 Sed
2439 4053 2734 4101 neminemne

1687 4111 1919 4159 curiosum
1961 4113 2235 4164 intervenire
2288 4131 2415 4164 nunc
2457 4116 2588 4174 mihi,
2649 4118 2732 4180 qui

1687 4190 1764 4223 me
1787 4184 2006 4237 sequatur
2038 4177 2127 4225 Eu.
2150 4179 2218 4234 iii,
2239 4185 2288 4228 5.
2313 4186 2342 4228 5

1753 4238 1894 4289 Curo.
1959 4240 2062 4305 Ego
2083 4241 2212 4292 istaec
2245 4258 2430 4301 meree,
2467 4251 2554 4293 aut*
2581 4244 2729 4293 curo?
