3192 4975
1166 445 1181 458 ‘
1255 446 1336 494 m
1386 431 1864 499 τηκπκτιυιι.

450 603 498 650 8.
523 601 574 650 7.
598 603 658 648 15
714 595 844 655 Quid
884 589 1018 662 'sga'm
1041 595 1220 645 nescio.
1287 597 1502 648 Honeste

447 679 543 728 quo
567 664 705 712 modo
727 663 835 711 hinc
855 664 1018 710 abeam
1041 661 1199 709 nescio
1252 661 1342 710 Eu.
1365 662 1428 718 iv,
1451 667 1500 712 4.

447 733 528 778 44.
570 733 636 777 49
683 727 823 787 Scio3
879 726 1038 773 nescio
1058 743 1073 786 ς
1124 726 1272 785 ιδίἱι;
1319 727 1500 776 audivi.

447 792 760 856 Quamobrem
783 792 1014 840 adductus
1036 791 1140 838 est?
1177 791 1270 854 Py.
1293 789 1502 850 Nescio;

449 857 538 904 nisi
561 870 744 902 amasse
773 855 916 902 credo
961 853 1050 902 Eu.
1074 871 1122 910 v,
1143 857 1190 902 1.
1213 861 1261 902 2.
1289 859 1350 902 10
1399 853 1502 903 seis

445 923 546 967 eam
568 921 680 967 hinc
701 919 852 967 civem
888 917 1026 966 esse?
1073 919 1160 965 Pa.
1185 917 1378 966 Nescio.
1404 917 1447 966 P
1484 951 1500 975 ,

447 984 598 1048 Atqui
637 983 704 1032 sic
728 984 917 1029 inventa
937 988 1026 1030 est.
1082 982 1276 1030 Nescio.
1321 983 1408 1029 Pa.
1433 934 1502 1030 gt

445 1065 506 1096 ne
527 1049 624 1096 hoc*
641 1047 879 1104 nesciatis,
915 1047 1043 1103 dico,
1067 1047 1206 1094 edico
1229 1045 1360 1092 vobis
1408 1047 1501 1096 Eu.

445 1127 490 1168 v,
537 1119 584 1160 5.
632 1117 711 1160 11.
755 1115 816 1159 19
895 1110 1072 1158 Nescio
1127 1111 1244 1174 quid
1288 1109 1500 1173 profecto

442 1177 562 1224 mihi
582 1177 764 1222 animus
787 1175 1006 1238 praessgit
1026 1173 1137 1221 mali
1173 1173 1296 1223 Hea.
1317 1175 1372 1234 ii,
1397 1179 1446 1223 2.
1468 1179 1501 1224 7

441 1241 541 1288 Ubi
561 1240 668 1297 sim,
703 1239 894 1287 nescio:
945 1239 1006 1285 ita
1047 1238 1182 1285 timui
1233 1237 1355 1286 Hea.
1377 1238 1430 1298 ii,
1452 1243 1501 1288 3.

443 1310 506 1354 67
542 1303 722 1352 Nescio
742 1301 1009 1365 (mulieres)
1030 1303 1144 1350 alias
1165 1319 1176 1348 ε
1211 1317 1286 1350 me
1307 1303 1501 1366 quidem

443 1383 625 1432 semper
645 1367 744 1419 scio
762 1367 928 1415 secisse
945 1368 1108 1415 sedulo
1142 1367 1267 1415 Hes.
1290 1365 1342 1424 ii,
1362 1371 1412 1416 4.
1437 1371 1500 1416 16

442 1431 491 1481 A
513 1448 588 1480 me
627 1432 787 1479 nescio
823 1431 929 1496 quis
966 1431 1066 1478 exit
1117 1431 1240 1480 Hea.
1263 1429 1336 1487 iii,
1363 1436 1408 1480 1.
1432 1435 1498 1480 90

441 1494 613 1545 Jocorr’
634 1511 693 1542 an
717 1496 834 1543 serio
856 1495 978 1543 inoec
993 1495 1139 1550 dicat,
1164 1494 1338 1542 nescio*
1374 1494 1497 1545 Heu.

440 1561 513 1616 iii,
535 1565 583 1610 2.
607 1564 671 1608 30
704 1559 1024 1623 Nescio,quid
1041 1559 1185 1607 tristis
1201 1566 1288 1607 est.
1321 1558 1497 1608 Nescio

443 1625 559 1688 quid
579 1625 762 1688 peccati
787 1631 941 1687 portet
959 1625 1059 1671 baec
1079 1624 1312 1686 purgatio.
1367 1622 1496 1680 Quid

439 1688 1152 1801 ῗκῆἶὲὶῖυερῖῗῖνῖὶέυἷιῖῗεέιξῖ
1173 1688 1240 1798 (if.
1257 1687 1478 1798 22¹1!er
1477 1721 1497 1786 3

439 1818 521 1864 So.
581 1815 758 1864 Nescio
853 1815 976 1864 Hea.
994 1816 1060 1870 iv.
1087 1821 1134 1866 1.
1159 1819 1206 1865 7.
1233 1821 1308 1864 12.
1329 1820 1410 1864 45.
1430 1820 1496 1866 47

441 1881 620 1930 Videre
636 1882 786 1944 egisse
813 1879 915 1942 jam
935 1881 1093 1927 nescio
1115 1881 1229 1943 quid
1253 1895 1360 1927 cum
1385 1895 1496 1928 sene

439 1943 561 1993 Hea-
582 1945 648 2002 iv,
673 1952 721 1993 5.
748 1950 805 1993 11
862 1945 1216 2000 Quamobrem?
1256 1943 1363 1993 Me.
1392 1943 1496 1991 Ne-

441 2011 540 2057 scio
563 2009 799 2073 equidem.
863 2007 997 2065 Quin
1015 2025 1040 2056 e
1077 2023 1104 2054 o
1128 2024 1252 2062 vero,
1270 2010 1494 2071 quamob-

439 2088 534 2120 rem
578 2074 632 2120 id
647 2073 812 2133 facies,
841 2071 1001 2120 nescio
1095 2087 1167 2119 ee.
1189 2089 1234 2126 v,
1255 2077 1302 2120 1.
1325 2075 1407 2120 24.
1429 2076 1493 2120 71

438 2136 618 2184 'Verum
639 2152 729 2199 ego
751 2137 874 2182 haud
901 2136 1053 2184 minus
1090 2151 1210 2198 aegre
1243 2135 1410 2198 patior,
1441 2135 1495 2182 id

437 2200 540 2264 qui,
577 2201 736 2248 nescio
791 2201 914 2249 Hea.
938 2215 984 2255 ν,
1004 2203 1055 2251 2.
1077 2205 1106 2248 5
1181 2199 1285 2262 Ego
1319 2201 1497 2248 nescio.

437 2265 531 2314 Ch.
566 2265 718 2312 Immo
751 2265 840 2313 scis
891 2263 1012 2312 Hes.
1034 2281 1085 2320 v,
1107 2267 1154 2312 0.
1176 2267 1206 2312 7
1242 2263 1308 2310 Di
1341 2263 1489 2313 istaec.

436 2331 528 2380 ch.
552 2328 684 2378 Deos
705 2329 864 2376 nescio
913 2329 1037 2376 Hea.
1062 2343 1109 2384 v,
1131 2332 1180 2376 4.
1207 2332 1268 2376 16
1318 2326 1494 2376 Nescio

437 2394 552 2458 quid
577 2393 750 2441 tristem
767 2392 907 2440 video
940 2391 1036 2440 Ad.
1051 2391 1089 2449 i,
1112 2395 1160 2440 1.
1177 2396 1246 2442 -54
1278 2389 1410 2448 Quid
1431 2391 1497 2439 is·

437 2466 518 2507 tuc
535 2464 622 2517 est,
644 2459 772 2523 quod
795 2463 844 2505 te
861 2457 1024 2518 audie,
1044 2455 1207 2505 nescio
1243 2455 1358 2519 quid
1379 2470 1496 2504 con-

437 2530 638 2572 certasse
658 2538 766 2571 cum
787 2523 935 2571 hero?
968 2522 1065 2569 Ad.
1088 2521 1139 2577 ii,
1163 2524 1212 2570 2.
1233 2525 1264 2570 8
1314 2518 1388 2569 At
1407 2536 1495 2568 no·-

437 2604 546 2635 men
587 2588 750 2635 nescio
786 2586 909 2633 illius
944 2585 1177 2642 hominis3
1209 2586 1293 2631 sed
1337 2585 1496 2632 locum

437 2653 546 2698 novi
563 2651 660 2699 Ad.
671 2652 799 2706 ἰν,2.
813 2654 878 2699 32
895 2649 1051 2711 Magis
1065 2656 1191 2704 sunt,
1205 2648 1497 2711 nescioquo-

436 2716 599 2771 modo,
637 2712 883 2775 suspiciosi
926 2712 1020 2760 Ad.
1039 2712 1106 2767 iv,
1130 2716 1177 2759 8.
1204 2715 1264 2760 14
1327 2710 1497 2759 Prodit

433 2779 597 2826 nescio
609 2779 716 2841 quis
729 2778 826 2825 Ad.
843 2776 905 2832 iv,
917 2781 1042 2826 425
1062 2774 1178 2822 Esse
1193 2790 1249 2821 ex
1263 2774 1358 2821 alio
1380 2774 1496 2835 viro,

435 2844 596 2891 nescio
614 2858 724 2905 quo,
749 2856 944 2907 puerum
961 2846 1138 2887 nutum.
1174 2836 1278 2901 Ego
1296 2838 1369 2886 te!
1397 2839 1493 2902 (lu-

433 2908 570 2966 dam)
581 2905 912 2969 quamobrem?
935 2904 1040 2951 AEs.
1055 2902 1231 2951 Nescio
1255 2900 1352 2949 Ad.
1367 2902 1432 2959 iv,
1449 2910 1498 2951 5.

433 2976 516 3019 24.
537 2976 600 3020 63
637 2970 810 3016 Dixere
821 2982 1009 3016 causam
1025 2974 1154 3023 tunc,
1173 2966 1334 3014 nescio
1355 2980 1494 3029 quam

437 3034 535 3082 He.
559 3036 593 3090 i,
615 3038 660 3083 2.
683 3038 776 3084 111
841 3032 963 3089 Quae
1005 3046 1152 3087 nunc,
1191 3030 1492 3097 quamobrem

437 3114 647 3160 accuser,
687 3096 848 3147 nescio
902 3096 996 3143 He.
1018 3095 1070 3151 ii,
1091 3100 1138 3144 1.
1158 3099 1192 3143 8
1260 3094 1492 3157 Magnum

435 3164 596 3214 nescio
613 3163 745 3226 quid,
757 3176 950 3210 necesse
965 3168 1038 3207 est
1053 3160 1282 3207 evenisse.
1297 3158 1492 3215 Nescio,

431 3231 562 3291 quod
587 3242 821 3293 magnum·
845 3226 1018 3272 malum
1041 3240 1116 3272 me
1153 3224 1296 3271 celas.
1360 3222 1491 3271 Uxo-

434 3308 531 3339 rem
560 3293 783 3355 pavitare,
805 3291 965 3337 nescio
1003 3289 1118 3352 quid
1135 3346 1139 3351 ι
1157 3288 1405 3338 dixeruntx
1437 3288 1490 3336 id

432 3357 610 3403 si-forte
631 3364 719 3416 est,
737 3355 898 3402 nescio
931 3352 1026 3400 He.
1045 3353 1119 3414 iii,
1144 3358 1186 3401 1.
1211 3357 1295 3401 24.
1319 3357 1401 3402 30.
1425 3357 1488 3402 41

435 3420 612 3469 Nescio
663 3420 744 3466 uid
763 3418 1044 3481 jamdudum
1064 3416 1208 3465 audio
1223 3417 1300 3465 hic
1318 3416 1490 3463 tumul-

435 3486 554 3531 tuari
661 3500 704 3532 e.
727 3482 797 3543 i'ri,
821 3488 870 3531 2.
895 3486 921 3531 1
983 3480 1164 3528 Vitium
1189 3487 1260 3528 est
1280 3480 1490 3528 oblatum

437 3548 608 3612 virgini
645 3549 776 3604 olim,
806 3548 868 3593 ab
904 3545 1064 3593 nescio
1086 3560 1182 3609 quo
1228 3544 1323 3593 He.
1345 3545 1416 3600 iii,
1439 3549 1489 3593 3.

437 3616 502 3659 23
539 3614 730 3660 Prorsus
751 3612 929 3667 nescio,
952 3626 1046 3674 quo
1069 3616 1212 3672 pacto
1231 3610 1324 3656 hoc
1341 3608 1488 3655 celem

437 3672 534 3723 He.
555 3676 623 3731 iii,
643 3681 692 3723 4.
709 3681 773 3724 30
805 3676 1122 3731 Quamobrem
1141 3689 1236 3721 non
1251 3674 1488 3730 reducam,

431 3740 599 3787 nescio
647 3739 742 3788 He.
759 3740 838 3815 fi,
857 3746 904 3791 5.
923 3745 956 3789 3
1002 3738 1180 3787 Nescio
1196 3739 1310 3801 quid
1333 3738 1488 3799 suspi-

437 3806 585 3851 carier
617 3804 768 3867 magis
789 3804 940 3865 coepi:
985 3804 1127 3851 homo
1150 3818 1200 3851 se
1219 3802 1392 3850 fatetur
1425 3802 1490 3859 vij

434 3868 492 3916 in
517 3869 614 3927 via,
637 3868 794 3914 nes'cio
816 3882 957 3929 quarn
981 3865 1304 3930 compressisse
1326 3865 1420 3913 He.
1443 3882 1489 3922 v,

437 3938 489 3981 2.
514 3936 596 3982 29.
617 3936 678 3980 30
713 3931 781 3978 Te
801 3931 916 3995 quid
937 3932 1142 3978 donem?
1163 3931 1278 3993 quid
1297 3932 1315 3978 ἓ
1338 3930 1488 3994 quid?

434 3998 596 4045 nescio
630 3994 725 4043 He.
745 4012 790 4050 v,
809 4000 858 4045 4.
875 3999 908 4043 9
940 3992 1116 4042 Nescio
1135 3994 1318 4043 hercle:
1343 4008 1488 4043 unum

433 4062 526 4109 hoe
567 4062 664 4109 scio
721 4060 812 4108 Ph.
847 4059 884 4115 i,
920 4062 972 4107 2.
1009 4062 1071 4107 87
1125 4058 1322 4116 Nescio,
1360 4058 1490 4121 quod

436 4140 656 4201 magnum
698 4130 897 4190 expecto
939 4122 1116 4170 malua
1183 4122 1276 4170 Ph.
1299 4122 1334 4177 i,
1355 4126 1404 4171 4.
1429 4126 1490 4171 16

435 4188 570 4244 de
589 4188 690 4252 spei
727 4202 864 4253 porro
886 4187 990 4235 est?
1041 4186 1134 4234 Ge.
1179 4186 1355 4234 Nescio
1400 4185 1491 4233 Ph.

435 4252 512 4309 iit,
554 4257 598 4301 1.
634 4258 694 4301 10
763 4250 910 4301 Satin'
942 4251 993 4298 id
1022 4250 1128 4297 est?
1185 4249 1278 4299 Ge.
1313 4250 1490 4302 Nescio

429 4316 596 4363 ‘hercle
627 4314 716 4363 Pu.
737 4316 804 4375 iv,
821 4322 869 4366 4.
890 4319 923 4364 2
956 4314 1110 4364 Hem!
1135 4322 1286 4363 mutet
1303 4314 1488 4362 sutem?

443 4378 539 4433 Ge.
578 4378 787 4432 Nescio:
844 4396 1022 4446 verum,
1044 4378 1086 4429 si
1139 4378 1232 4431 Pb.
1267 4394 1314 4439 v,
1344 4384 1396 4430 2.
1427 4384 1491 4429 10

2472 435 2633 502 ccxi

1573 597 1745 662 Miror,
1776 599 1892 664 quid
1940 599 2032 655 hoe
2076 599 2180 652 siet.
2244 598 2339 650 De.
2394 597 2631 666 Equidem

1572 663 1729 712 hercle
1750 664 1911 712 nescio
1958 660 2049 714 Ph.
2082 680 2133 726 v,
2170 667 2219 715 8.
2252 669 2317 715 24
2366 665 2507 714 Unde
2530 667 2633 718 hm

1574 727 1653 776 hie
1688 727 1911 776 rescivit?
1945 728 2041 776 De.
2075 727 2251 777 Nescio
2274 745 2285 776 ε
2321 729 2412 776 nisi
2432 745 2505 778 me
2523 731 2628 778 dix·

1576 790 1667 839 isse
1686 791 1881 848 nemini,
1906 793 1953 840 id
1976 799 2103 842 certo
2142 791 2243 841 scio
2313 791 2403 843 Ph.
2424 809 2472 851 v,
2494 799 2543 844 7.
2564 801 2635 845 ⁶9

1574 853 1682 902 Ah!
1718 855 1889 911 nescis,
1910 857 2099 920 quantis
2118 856 2168 903 in
2207 856 2341 904 malis
2375 871 2527 906 verser
2546 860 2632 906 mi-

1575 935 1648 966 ser
1682 919 1741 968 A.
1758 921 1824 978 iv,
1841 925 1889 969 1.
1911 926 1973 969 26
1994 921 2067 968 Tu
2088 921 2277 969 nescis?
2308 919 2406 970 De.
2420 921 2565 970 Mitte
2580 924 2631 970 id

1574 985 1704 1046 quod
1721 983 1840 1032 scio.
1894 984 2018 1041 Eho,
2043 985 2227 1047 inepta,
2266 985 2417 1032 nescis
2431 987 2545 1049 quid
2570 988 2632 1034 sit

1573 1049 1764 1096 actum?
1798 1048 1909 1116 My.
1932 1049 2027 1106 Qui
2042 1049 2181 1096 sciam
2205 1050 2223 1096 ?
2245 1048 2383 1106 A.iv,
2400 1053 2451 1100 4.
2472 1054 2629 1100 26.52

1572 1111 1745 1159 Nescis
1766 1113 1880 1176 quid
1906 1113 2019 1160 mibi
2051 1113 2290 1176 obtigerit.
2376 1112 2473 1163 Dn.
2498 1114 2631 1170 Quid

1572 1176 2049 1240 mihiobtigerit,scio
2083 1177 2147 1227 A.
2173 1181 2329 1232 ν,6.2
2360 1178 2507 1234 Quod
2520 1179 2629 1240 scis,

1573 1240 1743 1296 nescis,
1764 1255 1921 1304 neque
1943 1242 2005 1289 de
2027 1241 2261 1289 Eunucho
2295 1241 2387 1291 Eu.
2409 1243 2473 1298 iv,
2494 1247 2543 1290 4.
2565 1245 2628 1294 65

1573 1305 1705 1353 Cave
1740 1304 1835 1365 sis;
1880 1305 2055 1362 neseis,
2092 1305 2171 1354 cui
2210 1319 2337 1353 nunc
2373 1306 2629 1360 maledices

1571 1369 1673 1416 viro
1706 1367 1799 1420 Eu.
1822 1370 1887 1432 iv,
1908 1373 2037 1419 7.29
2066 1369 2137 1417 Tu
2156 1370 2370 1429 fortasse,
2418 1385 2489 1418 ute
2504 1371 2629 1418 facts

1572 1432 1651 1480 hic
1672 1433 1783 1489 sint,
1804 1433 1957 1481 nescis
2007 1433 2099 1480 Eu.
2123 1449 2168 1490 v,
2194 1439 2244 1483 9.
2266 1438 2328 1482 81
2424 1449 2451 1480 u
2473 1435 2627 1488 nescis

1569 1497 1640 1552 id,
1698 1497 1791 1544 uod
1816 1498 1922 1553 scis,
1944 1496 2144 1554 Dromo,
2165 1497 2205 1545 si
2228 1513 2277 1545 sa
2314 1497 2381 1545 ies
2412 1497 2537 1547 Hes.
2560 1500 2628 1556 iv,

1570 1565 1621 1610 4.
1641 1566 1673 1610 2
1751 1559 1859 1609 Ah!
1896 1560 2067 1617 nescis,
2090 1575 2231 1626 qnam
2304 1562 2454 1610 oleam
2502 1561 2629 1616 Heu.

1569 1641 1619 1680 v,
1646 1629 1689 1673 1.
1708 1629 1768 1675 61
1822 1625 1936 1682 Abi,
1960 1626 2113 1674 nescis
2152 1627 2359 1674 inescare
2395 1627 2627 1684 homines,

1569 1688 1745 1736 Sannio
1778 1688 1875 1738 Ad.
1898 1689 1954 1746 ii,
1978 1694 2029 1738 2.
2051 1693 2113 1739 12
2146 1689 2335 1751 Nescis,
2356 1691 2440 1754 qui
2462 1691 2529 1738 vir
2550 1691 2633 1739 sit.

1568 1752 1665 1801 Mi.
1686 1753 1793 1801 Seio
1826 1752 1923 1802 Ad.
1946 1755 2088 1815 ίν,,7.
2115 1759 2144 1802 6
2176 1753 2329 1802 Hem!
2354 1762 2404 1802 tu
2438 1755 2627 1806 nescis?

1570 1815 1663 1864 He.
1688 1817 1739 1874 ii,
1765 1821 1811 1865 1.
1832 1823 1866 1867 9
1915 1818 1961 1865 Ο
1998 1818 2267 1866 fortunate!
2310 1818 2462 1867 nescis
2542 1819 2627 1871 uid

1569 1881 1683 1928 mali
1742 1881 1997 1938 raeterieris,
2036 1881 2116 1946 qui
2167 1881 2263 1928 He.
2284 1882 2352 1937 iii,
2376 1886 2424 1931 4.
2446 1887 2479 1932 4
2508 1835 2627 1930 tke·-

1569 1946 1677 2003 scis,
1744 1959 1951 2003 armeno,
1990 1953 2216 2008 quantum
2240 1947 2379 1993 hodie
2398 1945 2627 2009 profueris

1569 2009 1687 2056 mihi
1719 2009 1813 2058 He.
1840 2028 1885 2066 v,
1908 2017 1953 2060 4.
1980 2014 2041 2058 36
2096 2009 2282 2072 Nescis,
2302 2025 2397 2072 quo
2418 2005 2623 2058 iubeto
2711 2027 2717 2031 ·

1569 2072 1729 2120 simus.
1798 2073 1894 2122 Da.
1916 2073 2045 2129 Quid
2068 2073 2189 2121 istuc
2210 2075 2314 2121 est?
2366 2072 2458 2122 Ge.
2496 2073 2627 2123 Scies

1570 2133 1663 2183 Ph.
1682 2137 1719 2192 i,
1742 2141 1790 2187 2.
1812 2142 1842 2186 7
1877 2137 2085 2188 Primum
2108 2137 2175 2183 sit
2192 2153 2241 2185 se
2259 2138 2375 2185 scire
2394 2153 2407 2183 ε
2440 2137 2481 2184 is
2498 2139 2627 2189 solus

1569 2201 1725 2248 nescit
1758 2201 1915 2248 omnin
1979 2201 2076 2248 Ad.
2099 2200 2162 2256 iv,
2186 2205 2232 2250 2.
2254 2205 2289 2249 9
2336 2200 2437 2261 Qui
2471 2201 2628 2250 hercle

1571 2265 1652 2311 ubi
1686 2264 1764 2320 sit,
1810 2265 1961 2312 nescit
2012 2265 2104 2313 Ph.
2126 2281 2172 2321 v,
2194 2269 2240 2314 8.
2262 2269 2295 2314 4
2348 2263 2500 2332 Cujus
2538 2281 2627 2316 nos

1571 2328 1655 2390 qui
1680 2329 1759 2384 sit,
1806 2331 2058 2386 nescimus,
2092 2335 2227 2394 pater
2286 2329 2381 2380 He.
2402 2327 2467 2386 iv,
2494 2335 2537 2380 1.
2560 2335 2627 2379 66

1572 2391 1643 2438 At
1662 2408 1751 2455 ego
1770 2393 2055 2454 nesciebam,
2078 2407 2298 2455 quorsum
2322 2400 2371 2439 tu
2396 2392 2486 2440 ires
2533 2393 2627 2444 Eu.

1569 2455 1607 2513 i,
1629 2460 1677 2506 2.
1700 2462 1763 2507 75
1817 2454 1888 2504 At
1904 2457 2172 2506 nesciebam
2203 2457 2258 2505 id
2296 2457 2453 2507 dicere
2474 2456 2621 2516 illam,

1569 2520 1663 2569 nisi
1684 2521 1795 2585 quis
1819 2522 1911 2572 Eu.
1935 2524 1998 2579 iv,
2020 2528 2069 2573 5.
2094 2526 2157 2571 10
2188 2522 2274 2579 Ut,
2296 2522 2413 2585 quid
2435 2523 2628 2587 egerim,

1571 2594 1760 2647 egomet
1780 2586 1985 2633 nesciam
2030 2584 2123 2633 Eu.
2143 2586 2210 2647 iv,
2229 2592 2278 2635 4.
2296 2590 2363 2634 23
2397 2584 2485 2643 Ut,
2508 2587 2624 2649 quid

1569 2662 1699 2696 amor
1712 2649 1883 2705 valeat,
1902 2649 2109 2698 nesciam
2142 2648 2236 2696 Eu.
2258 2665 2304 2703 v,
2326 2653 2374 2697 2.
2398 2653 2463 2697 42
2496 2650 2626 2697 Scin’

1569 2726 1673 2759 esse
1692 2712 1869 2761 factum
1891 2720 1946 2759 ut
1964 2713 2107 2761 dico?
2160 2712 2252 2761 ch.
2274 2712 2405 2769 Quid
2428 2728 2518 2775 ego
2541 2729 2627 2761 ne·

1570 2776 1747 2823 sciam?
1802 2774 2019 2833 Hemiii,
2040 2780 2094 2825 2.
2118 2780 2181 2824 le
2236 2775 2305 2822 Ut
2336 2775 2453 2839 quid
2488 2792 2623 2839 egum

1569 2854 1679 2886 cum
1702 2840 1803 2899 ino,
1824 2840 2028 2888 nesciam
2052 2854 2261 2901 prorsum
2304 2838 2396 2889 Pb.
2416 2854 2465 2896 ν,
2486 2844 2538 2889 7.
2558 2845 2623 2889 87

1568 2902 1741 2951 Fruere
1762 2905 1875 2955 dum
1898 2903 2027 2965 licet,
2058 2918 2165 2951 nam
2202 2902 2401 2958 nescias,
2419 2953 2422 2959 ,
2440 2901 2543 2969 ejus
2564 2906 2625 2952 sit

1569 2974 1778 3029 potestas
1799 2969 2013 3031 posthac,
2034 2982 2095 3013 an
2115 2982 2356 3035 nunquam
2380 2966 2465 3013 tibi·
2496 2968 2623 3018 Heu.

1567 3030 1623 3089 ii,
1648 3036 1696 3079 3.
1722 3036 1817 3080 104
1863 3031 1965 3079 Aut
1984 3032 2283 3095 quamobrem
2306 3032 2397 3080 hoc
2414 3030 2582 3079 faciam
2603 3047 2620 3094 ς·

1566 3096 1748 3143 nescias
1770 3095 1895 3143 Hes.
1917 3110 1965 3152 v,
1981 3101 2029 3145 3.
2050 3100 2083 3145 6
2106 3094 2175 3143 Ut
2192 3094 2292 3151 illa,
2314 3110 2421 3159 quae
2438 3102 2486 3142 te
2506 3096 2625 3144 scire

1565 3160 1750 3222 credas,
1788 3160 1969 3207 nescies
2020 3160 2185 3234 Adgv,
2202 3164 2251 3209 4.
2273 3164 2304 3208 2
2352 3160 2527 3214 Credo,
2564 3176 2627 3211 et

1563 3224 2362 3351 ffit⁸fiz??3525’1¹3⁸ffi2¹30‚
2382 3222 2457 3334 1¹1⁴?
2454 3223 2624 3351 ...ῗὲ

1561 3360 1733 3409 vortat,
1754 3353 1935 3403 nesciat
1965 3352 2089 3399 Heu.
2108 3368 2155 3409 v,
2180 3357 2228 3401 1.
2251 3356 2315 3402 78
2349 3350 2421 3399 At
2444 3366 2507 3399 ne
2526 3353 2622 3405 hoe

1564 3416 1805 3474 nesciatis,
1826 3416 1953 3473 dico,
1972 3416 2111 3464 edico
2132 3416 2265 3463 vobis
2296 3414 2389 3465 Eu.
2411 3432 2460 3473 v,
2480 3422 2533 3465 5.
2556 3421 2623 3466 10

1564 3480 1787 3532 Fateatur
1805 3481 1983 3529 nescire
2012 3481 2239 3543 imperare
2261 3479 2417 3527 liberis
2464 3480 2563 3527 Ad.
2584 3482 2621 3541 i,

1565 3548 1616 3595 1.
1638 3548 1703 3594 52
1735 3544 1817 3593 An
1834 3544 2012 3593 nescire
2031 3544 2353 3592 arbitramini?
2376 3543 2470 3591 He.
2492 3545 2549 3605 ii,
2572 3548 2619 3596 1.

1566 3613 1631 3658 18
1674 3608 1871 3673 Noster,
1904 3608 2021 3673 quid
2044 3616 2220 3671 ageret,
2241 3607 2421 3655 nescire
2474 3606 2567 3655 Pu.
2586 3611 2623 3671 i,
2670 3630 2681 3640 ·

1567 3678 1616 3722 2.
1639 3678 1702 3723 67
1736 3674 1847 3723 Una
1866 3688 2031 3721 omnes
2046 3688 2135 3721 nos
2156 3680 2239 3720 aut
2258 3672 2393 3729 scire,
2430 3678 2515 3719 aut
2534 3686 2619 3721 ne·-

1561 3738 1681 3786 scire
1702 3740 1793 3787 hoc
1813 3737 1922 3785 volo
1954 3737 2046 3787 Ph.
2065 3752 2114 3798 v,
2138 3741 2187 3786 8.
2208 3741 2277 3786 26
2544 3744 2547 3749 “

1628 3800 1756 3851 Neu.
1788 3801 1943 3849 Neve.
2018 3801 2089 3848 Te
2110 3802 2336 3862 obtestor,
2356 3814 2420 3846 ne
2456 3798 2539 3845 abs
2570 3806 2619 3847 te

1563 3866 1687 3915 hanc
1728 3880 1958 3930 segreges,
1988 3880 2081 3913 neu
2104 3865 2289 3911 deseras
2336 3864 2402 3913 A.
2422 3862 2459 3919 i,
2482 3868 2531 3911 5.
2552 3868 2619 3913 60

1566 3928 1637 3977 Ut
1655 3930 1796 3977 filiam
1834 3930 1894 3977 ab
1932 3946 2007 3977 eo·
2028 3929 2299 3983 abduceres,
2338 3942 2450 3984 neu,
2486 3928 2618 3989 quod

1564 4009 1656 4105 {go
1679 3995 1897 4057 egissem,
1934 4000 2057 4041 esset
2076 4000 2225 4041 ratum
2276 3990 2371 4042 He.
2392 3992 2461 4047 iv,
2487 3996 2530 4039 1.
2546 3996 2619 4041 80

1614 4064 1644 4106 e
1664 4074 1764 4107 men
1786 4058 2037 4121 praesentia
2056 4059 2229 4119 obstet,
2246 4070 2341 4103 neu
2360 4070 2500 4102 eausa
2518 4056 2619 4104 ulla

1564 4130 1707 4171 restet
1738 4124 1917 4186 reliqua
1964 4121 2141 4177 Hc.iv‚
2163 4126 2215 4169 2.
2239 4124 2298 4169 11
2346 4119 2491 4175 Quod
2523 4120 2617 4169 uti-

1566 4202 1675 4235 nam
1688 4204 1760 4237 ἠε
1800 4183 2072 4236 Phormioni
2109 4185 2161 4231 id
2197 4182 2463 4231 suadere-'in
2483 4198 2616 4233 men·

1567 4259 1661 4299 tem
1682 4252 1956 4312 incidisset3
1988 4265 2082 4298 neu
2105 4264 2181 4297 me
2202 4248 2427 4311 cupidum
2448 4264 2505 4295 eo
2526 4249 2614 4301 im·-

1565 4316 1763 4380 pulisset
1796 4316 1889 4365 Ph.
1909 4316 1945 4372 i,
1967 4320 2019 4365 ⁸.
2038 4319 2073 4363 6
2106 4314 2285 4361 Vereor
2298 4326 2362 4361 ne
2373 4312 2493 4362 illud
2511 4327 2616 4375 gea·

1566 4380 1671 4431 vius
1690 4380 1867 4440 tulerit,
1890 4396 2011 4430 neve
2028 4378 2244 4431 aliorsum
2260 4377 2493 4445 acceperit
2522 4376 2615 4430 Eu.
