3192 4975
1260 449 1339 498 m
1388 437 1865 498 vunnn‘rmu.

2533 435 2652 501 eii

502 593 583 648 iici
616 595 736 644 Hes.
758 585 885 644 Ptol:
904 597 952 645 4.
972 597 1017 644 6·
1042 592 1091 642 N
1095 585 1189 642 ulls
1222 585 1345 645 adeo
1376 587 1435 647 ex*
1468 591 1519 647 re
1592 611 1771 656 verum,
1793 589 1850 646 ex
1873 612 1966 662 me,
1983 603 2128 660 atque
2147 613 2205 647 ex
2223 599 2381 654 fratre.
2409 599 2560 652 cuivis
2579 603 2652 653 fa·

465 672 587 713 istuc
611 662 681 721 fit,
703 661 792 708 nisi
808 676 865 708 ex
887 660 1033 707 nimio
1052 659 1151 707 otio
1183 660 1307 710 Heu.
1330 662 1369 722 i,
1393 667 1438 712 1.
1453 668 1517 714 67
1580 645 1684 711 {ile
1705 673 1779 711 est
1798 675 1991 712 noscere
2027 661 2124 710 Ad.
2143 679 2192 721 v,
2213 668 2263 712 4.
2281 670 2316 714 8
2361 665 2486 715 Cum
2507 675 2558 716 te
2579 669 2650 717 vi.

468 725 566 776 Ubi
586 725 789 788 comperi
806 725 958 781 exiis,
987 724 1071 789 qui
1102 725 1147 772 ei
1179 726 1311 774 fuere
1342 729 1521 780 conscii

467 791 589 838 Heu.
610 790 645 844 i,
670 795 717 838 1.
742 793 807 839 69
854 788 1105 837 Hunccine
1134 797 1233 837 erat
1253 805 1437 854 aequom
1462 808 1519 840 ex

466 855 589 902 iliius
622 869 768 913 more,
806 869 868 900 nn
902 853 1033 901 iilum
1066 867 1123 900 ex
1148 853 1289 915 hujus
1327 855 1520 904 vivere?

462 919 588 967 Hes.
611 918 644 974 i,
660 922 709 966 2.
731 921 797 966 29
830 917 938 965 Hoc
952 916 1120 965 scitum
1137 925 1234 976 est3
1262 918 1519 981 periculum

460 997 517 1030 ex
540 981 646 1030 eliis
666 981 840 1038 facere,
860 982 951 1030 tibi
970 982 1097 1044 quod
1114 997 1169 1030 ex
1182 997 1271 1030 usu
1286 981 1377 1031 siet
1393 983 1519 1035 Hes.

384 1057 396 1066 ·
459 1046 495 1103 i,
516 1051 565 1096 2.
586 1051 653 1094 36
674 1044 748 1092 Ex
768 1059 854 1092 suu
873 1045 1067 1093 libidine
1084 1047 1378 1095 moderantur
1397 1047 1521 1100 Hes.

458 1108 516 1174 ii,
537 1116 584 1160 1.
603 1113 637 1159 4
692 1108 957 1157 Periculum
988 1125 1049 1157 ex
1086 1109 1189 1158 eliis
1228 1110 1389 1168 facito,
1432 1112 1519 1161 tibi

458 1176 591 1238 quod
612 1188 671 1221 ex
693 1188 780 1220 usu
800 1174 891 1222 siet
921 1172 1044 1222 Hes.
1067 1173 1120 1233 ii,
1143 1178 1189 1223 1.
1208 1178 1245 1223 9
1274 1173 1517 1230 Quantum

458 1253 517 1286 ex
540 1239 645 1303 ipsa
663 1252 711 1284 re
733 1237 1046 1300 conjecturam
1066 1237 1277 1300 cepimus
1317 1238 1451 1290 Heus
1466 1241 1518 1298 ii,

459 1308 509 1352 8.
530 1307 593 1352 26
627 1297 697 1348 Ut
720 1317 776 1348 ex
796 1301 921 1349 iilius
942 1302 1189 1350 commodo
1212 1317 1365 1350 meum
1388 1319 1517 1353 com·

460 1381 668 1431 pararem
690 1367 986 1412 commodum
1032 1365 1155 1414 Hes.
1180 1366 1235 1423 ii,
1252 1371 1303 1416 4.
1326 1372 1390 1417 17
1444 1369 1517 1417 Ex

458 1446 534 1477 rue
556 1437 609 1478 ut
629 1429 749 1477 sciat
768 1429 858 1476 sibi
880 1429 1025 1477 filium
1062 1429 1236 1479 redisse
1286 1431 1409 1479 Heu.
1446 1432 1517 1490 iii,

460 1499 506 1543 1.
527 1499 561 1544 2
615 1493 737 1541 Cum
779 1493 849 1541 illi
890 1494 1048 1558 pericli
1090 1494 1209 1541 nihil
1246 1510 1304 1543 ex
1337 1496 1517 1546 indicio

458 1557 581 1607 siet?
616 1557 739 1606 Hes.
761 1558 837 1618 iii,
858 1563 905 1607 1.
925 1563 960 1607 6
992 1558 1051 1605 In
1072 1559 1270 1606 eandem
1284 1559 1515 1619 fraudem,

456 1637 515 1671 ex
531 1624 620 1672 hnc
640 1637 709 1682 re,
732 1629 873 1686 atque
893 1639 949 1670 ex
969 1621 1071 1686 ins,
1092 1622 1272 1672 incides
1303 1624 1425 1673 Hes.
1447 1627 1518 1684 iii,

458 1691 507 1736 1.
530 1691 593 1736 33
644 1685 714 1736 Ut
733 1686 863 1734 aliud
881 1703 937 1735 ex
962 1687 1057 1735 alio
1076 1687 1246 1735 incidit
1291 1688 1413 1737 Heu.
1446 1689 1518 1749 iii,

456 1754 504 1800 3.
526 1755 589 1800 37
622 1750 814 1811 Dicam,
831 1752 954 1799 hanc
975 1767 1077 1798 esse
1096 1758 1283 1813 captam
1303 1769 1359 1802 ex
1378 1753 1518 1804 caria

455 1813 578 1863 Hes.
600 1815 677 1876 iii,
696 1819 747 1864 3.
770 1819 834 1864 47
882 1815 988 1863 Nisi
1024 1822 1078 1863 ut
1102 1831 1159 1863 ex
1178 1815 1281 1878 ipss
1318 1833 1515 1881 queres,

460 1880 587 1927 unde
616 1879 740 1929 Hea.
758 1879 825 1936 iv,
843 1883 890 1929 1.
904 1883 968 1929 46
1004 1879 1134 1927 Istuc
1153 1879 1237 1927 tibi
1252 1896 1309 1929 ex
1328 1891 1513 1931 senten·

454 1943 525 1992 tia
564 1951 648 1992 tua
689 1945 914 2006 obtigisse
957 1943 1088 1991 iaetor
1140 1943 1263 1994 Heu.
1297 1945 1362 2002 iv,
1399 1951 1447 1995 3.
1481 1953 1512 1996 6

460 2007 597 2056 Vah!
641 2007 835 2072 gloriare
878 2009 1089 2056 evenisse
1110 2024 1192 2074 ,εκ
1238 2011 1469 2058 sententis
1494 2013 1513 2059 ἓ

426 2097 441 2108 ,
456 2071 578 2120 Hes.
606 2073 681 2136 iv,
701 2079 750 2123 6.
774 2076 835 2121 17
875 2071 967 2119 Nae
988 2087 1062 2119 me
1085 2073 1206 2120 istuc
1227 2088 1292 2120 ex
1317 2079 1365 2122 te
1388 2075 1513 2135 prins

455 2137 687 2185 audivisse
705 2136 889 2200 gaudeo
925 2135 1046 2186 Heu.
1062 2136 1129 2192 iv,
1152 2141 1199 2185 6.
1222 2141 1285 2186 12
1327 2137 1434 2185 Nisi
1454 2139 1513 2185 il-

456 2200 527 2248 ios
560 2217 618 2248 ex
646 2207 731 2248 tuo
760 2201 951 2262 ingenio
978 2200 1167 2263 judicas
1200 2200 1322 2249 Hes.
1340 2217 1391 2257 v,
1415 2206 1459 2251 1.
1482 2208 1513 2256 7,

453 2263 562 2312 Nisi
582 2266 711 2328 quod
732 2263 819 2312 tibi
842 2265 963 2312 bene
984 2281 1041 2313 ex
1062 2265 1217 2312 animo
1239 2265 1347 2314 voio
1390 2265 1514 2315 Heu.

452 2343 501 2384 v,
524 2335 573 2378 2.
594 2335 627 2378 6
658 2329 980 2392 Suspicionem
1000 2330 1154 2377 istanc
1168 2345 1226 2376 ex
1242 2328 1339 2377 inis
1356 2345 1513 2392 quaere

455 2393 579 2441 Hea-
600 2410 646 2451 v,
669 2398 717 2443 2.
738 2398 799 2443 41
844 2393 957 2440 Non
982 2394 1129 2451 vides,
1152 2401 1378 2456 quantum
1402 2394 1515 2445 meli

455 2473 511 2507 ex
534 2471 591 2507 ea
612 2475 660 2507 re
682 2458 888 2507 excites?
922 2457 1046 2509 Hes.
1066 2473 1114 2513 v,
1137 2461 1185 2507 3.
1206 2461 1263 2507 11
1301 2456 1511 2507 Convin-

454 2536 533 2570 cas
552 2524 693 2571 facile
716 2538 774 2571 ex
795 2531 843 2571 te
864 2528 1024 2569 natum
1057 2522 1183 2571 Heu.
1206 2538 1253 2579 v,
1270 2526 1319 2570 3.
1340 2527 1401 2572 18
1434 2524 1515 2573 Its'

454 2588 570 2635 mihi
590 2594 733 2651 atque
752 2586 863 2635 huic
882 2587 975 2634 sies
994 2593 1249 2648 superstes,
1284 2594 1337 2633 ut
1355 2603 1413 2635 ex
1433 2602 1511 2636 me

454 2658 595 2715 etque
615 2668 674 2699 ex
692 2652 784 2698 hoc
806 2658 945 2698 natus
964 2648 1045 2697 es!
1080 2657 1131 2697 et
1162 2664 1281 2698 cave
1314 2652 1511 2713 posthac

452 2730 660 2779 unquam
680 2715 801 2762 istuc
821 2716 1012 2762 verbum
1028 2728 1085 2760 ex
1106 2722 1155 2760 te
1168 2713 1356 2761 audiam
1388 2714 1511 2763 Hes.

452 2790 500 2837 v,
521 2785 570 2829 4.
590 2786 639 2831 7.
656 2784 687 2828 8
704 2778 818 2825 Νοιι
836 2779 853 2825 ?
868 2778 909 2825 si
926 2794 980 2825 ex
999 2777 1157 2839 capite
1176 2777 1239 2824 sis
1254 2792 1359 2825 meo
1374 2787 1511 2825 nutus

452 2844 586 2909 item,
620 2851 675 2892 ut
708 2842 843 2890 aiunt
874 2840 1137 2888 Minervam
1161 2854 1262 2887 esse
1295 2856 1350 2887 ex
1389 2843 1513 2890 Jove

456 2907 583 2957 Heu.
615 2924 661 2959 v.
684 2910 735 2954 4.
752 2910 832 2953 12.
855 2909 917 2953 13
967 2903 1119 2966 Atqui
1140 2918 1197 2950 ex
1218 2919 1294 2951 me
1315 2904 1393 2953 hic
1413 2920 1512 2952 non

453 2979 593 3018 natus
610 2978 701 3025 est,
724 2970 806 3015 sed
830 2984 886 3015 ex
908 2967 1047 3014 fratre
1079 2964 1179 3014 Ad.
1202 2966 1236 3022 i,
1256 2972 1300 3015 1.
1320 2972 1381 3017 16
1404 2968 1512 3025 Ine,

454 3048 597 3099 quem
619 3032 849 3082 beneficio
870 3030 1117 3095 adjunges,
1139 3046 1197 3078 ex
1219 3030 1377 3079 animo
1396 3032 1514 3081 facit

452 3098 553 3147 Ad.
573 3100 611 3155 i,
628 3104 676 3149 1.
694 3101 758 3148 47
792 3096 843 3145 Si
860 3096 1165 3159 possiderem,
1184 3102 1375 3143 ornatus
1388 3110 1512 3145 esses

451 3178 509 3211 ex
530 3164 626 3211 tuis
645 3161 895 3209 virtutibus
925 3158 1024 3207 Ad.
1060 3157 1113 3209 ii.
1139 3164 1188 3209 1.
1212 3164 1277 3209 22
1310 3160 1511 3209 Minime

452 3228 608 3339 &3:⁰33
629 3223 1513 3351 Ὑῖῗῗῖἰῷἵξῗῖἓὲἷὲἑῃῖῖἓὲέἳέ

452 3368 511 3403 ex
536 3355 718 3418 patria?
752 3352 847 3403 Ad.
870 3354 922 3407 ii,
939 3356 987 3401 4.
1013 3357 1072 3400 11
1128 3352 1272 3408 Quod
1295 3355 1354 3399 ad
1376 3352 1509 3401 iilum

451 3419 623 3467 attinet
642 3436 657 3479 ;
678 3425 836 3466 natum
852 3430 913 3465 'ex
937 3422 1067 3463 tanta
1087 3414 1263 3463 semilis
1314 3417 1409 3464 Ad.
1437 3418 1510 3478 iii,

455 3489 504 3533 1.
530 3486 589 3533 1⁰
622 3482 681 3531 Id
705 3482 1003 3531 distributum
1021 3494 1133 3527 sane
1155 3487 1229 3527 est
1246 3494 1303 3527 ex
1322 3490 1511 3528 senten-

453 3548 521 3595 tia
556 3546 654 3596 Ad.
674 3547 745 3605 iii,
768 3551 816 3595 3.
839 3550 902 3594 17
936 3544 1007 3591 Ex
1029 3543 1133 3591 aliis
1154 3558 1333 3592 sumere
1354 3560 1509 3592 exem-

452 3611 583 3673 plum
606 3612 697 3659 sibi
729 3612 827 3659 Ad.
846 3609 917 3667 iii,
938 3614 987 3659 3.
1010 3612 1075 3658 62
1109 3607 1270 3656 Pisces
1308 3623 1365 3656 ex
1404 3624 1508 3655 sen·

452 3676 601 3723 tentia
632 3684 799 3725 unctus
834 3690 935 3721 sum
985 3672 1084 3720 Ad.
1102 3672 1179 3731 iii,
1198 3676 1246 3721 3.
1268 3676 1333 3721 66
1386 3672 1509 3721 Mali

452 3740 566 3802 quid
587 3748 737 3787 ortum
758 3755 813 3787 ex
834 3739 925 3785 hoc
947 3738 1009 3785 sit
1031 3736 1219 3801 publice
1252 3735 1349 3783 Ad.
1370 3737 1438 3793 iii,
1459 3742 1506 3785 3.

453 3806 519 3852 89
553 3804 625 3851 Ex
640 3804 777 3851 illnn'
808 3802 982 3850 familia
1012 3809 1104 3848 tam
1134 3800 1363 3849 illiberale
1391 3801 1506 3849 faci-

452 3882 542 3915 nus
564 3883 664 3915 esse
686 3867 869 3914 ortum?
904 3864 1001 3915 Ad.
1023 3866 1093 3922 iii,
1114 3869 1165 3915 4.
1186 3868 1219 3914 2
1265 3864 1413 3927 Virgo
1450 3881 1507 3913 ex

454 3947 513 3978 eo
534 3946 799 3993 compressu
825 3929 1012 3994 gravida
1028 3929 1160 3977 facta
1185 3935 1259 3976 est
1304 3926 1405 3980 Ad.
1434 3929 1505 3987 iii,

452 4000 504 4045 4.
527 4000 592 4045 28
624 3996 759 4045 Vah!
799 3994 1036 4058 quomodo
1057 4009 1132 4041 me
1153 4009 1210 4041 ex
1248 3993 1336 4040 hac
1363 4008 1507 4055 vexpe--

452 4058 581 4107 diam
624 4060 794 4108 turba?
847 4058 942 4105 Ad.
984 4056 1049 4112 iv,
1070 4062 1120 4106 4.
1142 4062 1173 4105 6
1228 4055 1511 4105 Commenta.

454 4132 603 4173 mater
622 4132 708 4181 est,
730 4138 832 4171 esse
851 4137 907 4169 ex
931 4120 1023 4168 aiio
1045 4121 1141 4167 viro
1174 4120 1268 4168 Ad.
1288 4119 1352 4176 iv,
1376 4127 1423 4169 6.
1440 4125 1504 4169 23

456 4184 527 4233 Ex
548 4196 597 4236 te
618 4190 737 4235 adeo
761 4194 831 4235 est
848 4191 997 4234 ortum
1030 4183 1127 4233 Ad.
1150 4200 1195 4239 v,
1218 4188 1264 4232 3.
1290 4188 1347 4233 11
1374 4184 1505 4231 ΜιιΙ-

454 4257 507 4295 ta
544 4252 595 4299 in
630 4253 820 4301 homine
862 4250 995 4311 signe
1030 4248 1203 4309 insunt,
1241 4264 1298 4295 ex
1336 4248 1505 4311 quibus

458 4316 728 4380 conjectura
746 4316 885 4367 snciie
908 4314 961 4361 fit
993 4311 1091 4362 Ad.
1114 4328 1158 4377 v,
1172 4316 1219 4363 3.
1238 4316 1300 4361 36
1333 4312 1391 4359 Id
1404 4328 1505 4361 esse

1588 728 1686 775 deo
1707 735 1877 776 nostrae
1891 726 2078 774 familia
2099 735 2195 774 tam
2215 743 2272 776 ex
2293 730 2448 777 enimc
2473 732 2648 781 fectum

1592 791 1716 840 velie
1762 791 1857 840 Ad.
1888 808 1937 853 v,
1959 796 2008 842 7.
2027 795 2092 841 21
2141 791 2212 840 Ut
2251 793 2562 854 ostenderem,
2597 797 2648 845 id
2719 815 2736 830 κ

1593 869 1690 902 non
1723 855 1824 904 fieri
1858 870 1916 903 ex
1947 870 2056 903 vers
2087 855 2205 917 vita,
2241 871 2398 921 neque
2427 861 2552 908 odeo
2587 865 2649 910 ex'

1593 933 1732 983 oequo
1753 926 1804 968 et
1815 921 1940 968 bono
1959 936 1970 967 ε
1994 919 2076 966 sed
2093 936 2152 968 ex
2171 923 2453 970 assentando
2484 922 2578 974 Ad.
2597 941 2650 983 v,

1593 987 1640 1032 9.
1665 987 1746 1034 30.
1770 988 1831 1033 31
1867 981 1940 1031 Ex
1960 983 2122 1032 micis
2132 983 2314 1034 inimici
2338 993 2391 1033 ut
2405 987 2502 1034 sint
2513 990 2651 1038 nobis

1592 1047 1771 1105 affines,
1793 1047 1909 1096 facis
1941 1047 2033 1096 He.
2055 1047 2107 1104 ii,
2133 1053 2178 1099 1.
2203 1053 2263 1098 14
2317 1049 2389 1097 Ex
2427 1051 2518 1100 hoc
2545 1051 2650 1115 jam

1591 1111 1741 1171 scibo,
1763 1112 1877 1175 quid
1900 1112 1988 1160 siet
2019 1111 2114 1164 He.
2138 1111 2250 1176 iia.
2264 1117 2297 1164 4
2328 1114 2489 1163 Habui
2501 1115 2649 1176 inam,

1588 1187 1648 1222 ec
1663 1176 1704 1250 si
1724 1191 1782 1224 ex
1803 1192 1876 1224 me
1895 1183 2022 1224 esset
2042 1183 2152 1224 neta
2195 1176 2288 1225 He.
2323 1177 2374 1235 ii,
2397 1183 2444 1228 3.
2465 1184 2499 1229 6
2546 1179 2650 1229 Ne·

1586 1240 2470 1368 fflff„?¹2‘322„⁰‘{,?5.1⁶”1305'÷⁶3?15¹1
2491 1247 2654 1358 ²232}

1590 1375 1782 1416 matrem
1803 1383 1860 1416 ex
1877 1385 1936 1416 en
1953 1384 2006 1416 re
2019 1385 2111 1427 me,
2139 1377 2220 1417 sut
2233 1385 2421 1418 uxorem
2437 1372 2486 1418 iu
2503 1374 2650 1438 culpa

1588 1429 1886 1480 inventurum
1908 1432 2104 1482 arbitror
2132 1433 2229 1484 He.
2251 1434 2325 1491 iii,
2351 1439 2394 1484 1.
2419 1439 2483 1485 10
2523 1438 2650 1486 Cura

1586 1509 1647 1542 ex
1665 1497 1805 1544 corde
1821 1498 2022 1546 excessit
2053 1498 2148 1548 He.
2169 1498 2240 1556 iii,
2256 1503 2304 1549 2.
2321 1502 2384 1548 12
2416 1499 2649 1550 Parturire

1588 1561 2181 1675 zzffeffiffl‘ffesssszffah'zz
2193 1579 2302 1674 ‘⁸2⁸3
2325 1566 2648 1678 322222‘323

1920 1661 1933 1675 ο
2009 1660 2024 1682 )
2079 1659 2094 1675 0

1588 1696 1750 1736 ustum
1793 1696 1964 1754 putent
2016 1689 2110 1738 He.
2143 1689 2213 1746 iii,
2233 1695 2281 1740 3.
2304 1695 2369 1741 39
2399 1691 2470 1740 Ni
2507 1701 2555 1741 te
2588 1699 2648 1742 ei

1588 1751 1691 1814 ipsa
1712 1755 1812 1802 haee
1835 1754 1982 1816 magis
2003 1755 2142 1801 velim
2162 1756 2410 1804 resciscere
2457 1756 2554 1808 He.
2571 1757 2648 1812 iii.

1586 1821 1639 1864 6.
1661 1821 1724 1866 23
1760 1818 1952 1894 Peperit
1967 1818 2084 1867 mia.
2105 1819 2242 1866 hem!
2263 1819 2424 1868 taces?
2445 1837 2501 1868 ex
2517 1823 2646 1884 quo?

1586 1879 1700 1944 My.
1721 1881 1880 1930 Perii!
1915 1897 1973 1930 ex
2008 1898 2106 1947 quo
2127 1897 2306 1940 censes,
2340 1885 2431 1932 nisi
2461 1893 2520 1933 ‘ex
2540 1885 2644 1941 inm

1584 1945 1666 1992 cui
1688 1946 1801 1994 dsts
1819 1953 1893 1995 est
1912 1947 2148 2010 nuptum?
2194 1947 2290 1997 He.
2313 1948 2379 2005 ἰν,
2403 1953 2452 1999 1.
2475 1954 2555 1998 12.
2579 1954 2643 2000 13

1587 2008 1660 2056 Ex
1680 2026 1775 2072 quo
1796 2009 2042 2059 firmiorem
2065 2012 2188 2060 inter
2205 2026 2294 2060 nos
2312 2013 2414 2060 fore
2443 2014 2645 2061 amiciti-

1586 2085 1664 2119 em
1681 2075 1878 2135 posthac
1897 2075 2035 2122 scires
2057 2075 2152 2122 He.
2169 2076 2234 2132 iv,
2249 2080 2297 2127 1.
2313 2080 2374 2126 18
2407 2076 2500 2124 Sed
2516 2075 2646 2129 nnnc'

1586 2137 1702 2183 mihi
1726 2138 1774 2185 in
1795 2145 2000 2186 mentem
2021 2139 2172 2200 venit,
2203 2155 2262 2186 ex
2299 2140 2391 2188 hac
2413 2155 2482 2195 re,
2512 2143 2646 2204 quod

1587 2199 1682 2248 He.
1702 2201 1768 2256 iv,
1792 2205 1838 2249 1.
1861 2205 1926 2252 22
1971 2201 2021 2249 Si
2043 2217 2100 2250 ex
2121 2218 2208 2250 usu
2229 2211 2353 2251 esset
2372 2211 2532 2251 nostro
2553 2206 2645 2254 hoc

1583 2265 1966 2313 matrimonium?
2001 2265 2093 2314 He.
2117 2267 2184 2323 iv,
2207 2270 2255 2316 1.
2277 2271 2340 2316 33
2377 2266 2570 2316 Audisti
2587 2285 2647 2316 ex

1586 2327 1744 2393 aliquo
1765 2329 1960 2378 fortasse
1991 2329 2085 2378 He.
2115 2330 2184 2386 ἰν,
2207 2333 2254 2378 1.
2275 2335 2338 2380 36
2384 2330 2494 2380 Hoc
2529 2329 2646 2382 mibi

1583 2407 1728 2440 unum
1751 2410 1809 2441 ex
1832 2394 2039 2456 plurimis
2062 2393 2255 2443 miseriis
2277 2393 2505 2458 reliquum
2537 2397 2646 2445 fue*

1582 2461 1656 2505 rat
1686 2457 1859 2505 melum
1909 2457 2003 2509 He.
2035 2457 2103 2520 iv,
2126 2463 2172 2509 1.
2189 2465 2252 2508 55
2298 2457 2372 2507 Its
2407 2475 2468 2509 ue
2487 2461 2642 2510 obtin-

1584 2528 1699 2583 gant
1719 2538 1776 2569 ex
1795 2532 1861 2579 te,
1884 2537 1991 2586 quae
2003 2530 2178 2585 exopto
2195 2523 2312 2572 mihi
2397 2540 2443 2574 e.
2467 2526 2532 2589 iv,
2547 2532 2596 2575 2.
2611 2525 2646 2576 3

1584 2583 1654 2632 Ex
1679 2587 1790 2633 urbe
1814 2593 1864 2633 tu
1888 2602 1964 2635 rus
1992 2587 2254 2635 habitatum
2293 2588 2498 2651 migres?
2547 2591 2646 2639 He:

1581 2649 1648 2701 iv.
1673 2653 1723 2699 2.
1747 2654 1810 2699 13
1853 2648 1925 2696 Ex
1949 2665 2035 2698 usu
2056 2653 2186 2715 quod
2209 2659 2297 2707 est,
2317 2652 2369 2700 id
2391 2668 2645 2718 persequar

1583 2711 1680 2759 He.
1697 2712 1766 2769 iv,
1787 2717 1833 2761 3.
1855 2717 1920 2761 10
1963 2713 2144 2761 Videre
2183 2716 2460 2777 optabamus
2493 2719 2643 2777 diem}

1582 2790 1692 2822 cum
1713 2783 1839 2823 erte
1859 2784 1982 2824 esset
1997 2776 2183 2841 aliquis,
2200 2780 2282 2841 qui
2313 2778 2408 2827 He.
2427 2782 2495 2835 ir,
2508 2784 2558 2830 4.
2577 2788 2643 2833 30

1583 2838 1636 2885 Si
1659 2854 1716 2885 ex
1735 2854 1814 2887 me
1834 2840 1917 2887 ina
1927 2841 2106 2888 *liberos
2126 2841 2270 2889 veliet
2303 2842 2394 2889 sibi
2440 2844 2537 2894 He.
2567 2846 2642 2903 iv,

1583 2906 1633 2951 4.
1655 2907 1718 2951 33
1755 2902 1975 2951 Poilicits
1995 2913 2068 2952 est
2087 2920 2162 2962 ee,
2175 2920 2227 2953 se
2244 2920 2566 2956 concessuram
2581 2906 2642 2965 σέ

1584 2966 1765 3015 aedibus
1795 2966 1892 3015 He.
1911 2968 1979 3023 iv,
1999 2971 2048 3016 4.
2071 2974 2134 3018 67
2170 2969 2313 3027 Quod
2337 2970 2436 3033 pol,
2453 2972 2498 3018 si
2517 2980 2643 3021 esset

1584 3030 1678 3078 alia
1709 3047 1769 3079 ex
1803 3032 1894 3079 hoc
1965 3040 2131 3095 uaestu,
2164 3035 2291 3081 haud
2320 3034 2511 3094 faceret,
2538 3038 2644 3085 seio'

1584 3092 1680 3145 He.
1702 3110 1748 3151 v,
1765 3099 1811 3144 1.
1833 3098 1900 3145 29
2057 3098 2301 3161 reprimam
2320 3114 2415 3155 me,
2435 3114 2497 3147 nc
2518 3106 2641 3165 ae'gre

1583 3158 2002 3271 zzssfflxssfflffi
2009 3174 2082 3273 :2²
2086 3160 2522 3275 2323153322133
2543 3164 2644 3277 {1⁶2¹

1580 3302 1631 3341 v,
1651 3290 1700 3337 2.
1721 3291 1784 3335 31
1819 3286 1996 3335 Aderit
2013 3288 2257 3346 continuo,
2280 3291 2370 3339 hoc
2391 3292 2472 3339 ubi
2504 3308 2562 3341 ex
2590 3292 2644 3343 te

1582 3346 1785 3399 audierit
1816 3351 1910 3403 He.
1935 3368 1979 3409 v,
2004 3357 2051 3401 3.
2075 3357 2135 3403 16
2170 3353 2330 3401 Mults
2341 3370 2398 3403 ex
2419 3371 2514 3419 quo
2535 3358 2640 3408 fue*-

1582 3414 1676 3461 rint
1695 3417 1958 3478 commoda,
1989 3416 2092 3479 ejus
2121 3417 2417 3467 incommoda
2451 3436 2638 3484 aequom

1581 3485 1656 3524 est
1691 3478 1808 3527 ferre
1850 3480 1945 3529 He.
1981 3496 2026 3537 v,
2051 3486 2099 3530 3.
2121 3485 2188 3532 42
2235 3482 2476 3546 Speroque
2516 3483 2642 3535 hanc

1582 3557 1678 3588 rem
1709 3558 1812 3591 esse
1843 3552 2110 3592 eventuram
2147 3546 2284 3594 nobis
2307 3563 2368 3594 ex
2389 3549 2641 3601 sententie.

1582 3605 1690 3656 Par.
1730 3607 1874 3664 Here,
1897 3608 2068 3657 licetne
2089 3609 2204 3657 seire
2219 3624 2278 3657 ex
2296 3611 2376 3657 te?
2407 3610 2500 3658 He.
2518 3628 2568 3669 v,
2587 3614 2642 3662 4.·

1580 3674 1664 3719 32.
1687 3675 1752 3720 33
1803 3670 1990 3727 Nescis,
2024 3688 2081 3720 ex
2113 3681 2291 3737 quanta
2319 3688 2522 3722 rerumne
2553 3691 2638 3742 εις

1581 3735 1770 3781 traxeris
1803 3735 1897 3783 He.
1920 3753 1967 3791 v,
1989 3739 2037 3784 4.
2059 3739 2125 3785 36
2172 3736 2304 3793 Quid
2333 3754 2424 3801 ego
2453 3752 2510 3785 ex
2547 3740 2637 3789 hac

1579 3797 1746 3860 inopia
1779 3816 1908 3848 nunc
1940 3799 2156 3862 capiam3
2183 3808 2235 3848 et
2257 3800 2372 3863 quid
2395 3809 2444 3849 tu
2469 3818 2524 3849 ex
2547 3804 2642 3853 hac'

1580 3864 1722 3925 copia
1769 3863 1860 3912 Ph.
1881 3865 1921 3922 i,
1943 3868 1992 3912 3.
2015 3868 2074 3911 16
2126 3864 2219 3911 Sed
2241 3865 2380 3911 sntin'
2399 3868 2556 3913 omnia
2576 3878 2647 3915 et

1578 3928 1850 3975 sententia?
1883 3928 1972 3975 Ph.
1995 3926 2047 3983 ii,
2069 3932 2119 3976 1.
2141 3932 2207 3977 26
2257 3928 2328 3975 Ex
2364 3944 2458 3993 qua
2477 3946 2526 3977 re
2545 3932 2637 3977 mi-

1581 3990 1672 4037 nus
1693 3991 1760 4039 rei
1777 3992 1902 4039 foret
1922 3998 2004 4039 aut
2023 3991 2160 4038 famae
2176 3999 2438 4055 temperans
2471 3994 2563 4044 Ph.
2581 3994 2636 4053 ii,

1581 4061 1631 4105 1.
1651 4059 1714 4103 41
1764 4056 1834 4103 Ex
1872 4056 2065 4103 crimine
2087 4054 2178 4103 hoc
2199 4053 2523 4121 Antiphonem
2545 4060 2635 4107 eri-

1578 4118 1706 4182 piam
1741 4120 1832 4167 Ph.
1855 4120 1907 4176 ii,
1929 4123 1976 4172 2.
1998 4123 2031 4168 8
2063 4117 2132 4164 Ex
2155 4118 2331 4182 nuptiis
2351 4123 2443 4169 tuis
2460 4122 2498 4168 si
2513 4124 2634 4171 nihii

1578 4184 1826 4231 nanciscor
1841 4184 1954 4230 mali
1986 4182 2074 4230 Ph.
2097 4182 2169 4239 iii,
2185 4186 2234 4233 8.
2249 4186 2313 4233 10
2344 4186 2436 4233 Sed
2457 4187 2634 4236 venisse

1578 4262 1658 4295 eas
1677 4248 1845 4302 salvus,
1867 4246 2028 4294 audivi
2049 4262 2105 4294 ex
2125 4254 2272 4295 naute
2302 4248 2392 4297 Ph.
2413 4250 2476 4306 iv,
2494 4256 2543 4299 1.
2568 4256 2634 4299 10

1580 4312 1784 4360 Matrem
1817 4312 1970 4374 ipsum
2013 4326 2069 4359 ex
2104 4312 2380 4376 regritudine
2421 4316 2636 4363 miserem·
