3192 4975
553 427 944 500 cclxxxviii

563 597 646 646 ἑο
675 595 742 645 A.
763 595 798 652 i,
819 595 936 647 aa.
953 595 1017 642 sai
1049 590 1102 641 Si
1112 589 1168 642 id
1183 598 1460 641 succenseat
1471 603 1617 648 nunc,

562 661 676 740 quia
694 675 792 708 non
811 660 898 706 dat
929 657 1019 707 tibi
1049 671 1240 706 uxorem
1273 657 1496 706 Chremes
1549 653 1618 705 A.

563 727 618 781 in.
637 731 685 775 8.
703 730 737 775 2
786 723 917 781 Qui?
953 723 1068 786 quin
1103 729 1152 771 te
1178 737 1339 770 noram
1387 718 1450 768 A.
1473 719 1544 784 iii,
1563 725 1615 770 2.

565 795 632 840 22
680 787 1031 847 Quamobrem?
1081 788 1148 835 Si.
1169 786 1297 844 Quin
1319 783 1452 833 lubet
1483 784 1546 834 A.
1569 799 1620 842 v,

565 858 614 904 2.
636 859 699 904 21
747 852 846 910 Qui
867 865 966 900 non
987 852 1175 916 potest?
1225 851 1292 900 Si.
1331 849 1462 907 Quia
1480 849 1624 897 habet

565 919 696 968 aliud
719 917 866 979 magis
904 932 962 965 ex
986 931 1106 973 sese,
1143 924 1194 964 et
1213 914 1366 978 majus
1412 916 1476 962 A.
1503 931 1548 971 v,
1571 917 1623 962 4.

567 988 631 1034 61
685 983 763 1030 Sic
780 980 1058 1042 existumet5
1089 995 1382 1044 responsum,
1397 993 1494 1026 non
1517 979 1625 1028 dic-

565 1054 666 1096 tum
689 1061 812 1110 esse,
849 1047 962 1112 quia
999 1043 1120 1094 laesit
1157 1046 1282 1110 prior
1326 1044 1419 1093 Eu.
1441 1044 1570 1092 Ptol.
1591 1047 1625 1092 6

547 1109 708 1170 Sane,
728 1111 842 1176 quia
863 1127 974 1159 vero
995 1113 1069 1159 hae
1105 1111 1221 1160 mihi
1255 1117 1422 1174 potent
1441 1123 1627 1172 semper

568 1178 724 1226 sores:
767 1183 850 1224 sut
921 1175 999 1223 uia
1035 1191 1139 1222 sum
1173 1177 1304 1238 apud
1343 1183 1393 1223 te
1431 1174 1625 1238 primus.

569 1242 715 1291 Porro
737 1241 906 1290 Eunnc
939 1255 1020 1288 um
1041 1240 1163 1288 dixti
1183 1239 1306 1289 veile
1327 1247 1394 1298 te,
1417 1239 1530 1304 quia
1549 1254 1626 1285 so-

568 1308 630 1354 las
669 1313 862 1354 utuntur
895 1305 969 1352 his
1007 1321 1058 1354 re
1090 1305 1182 1352 inae
1229 1305 1322 1353 Eu.
1343 1306 1380 1361 i,
1399 1310 1449 1356 2.
1471 1307 1522 1354 9.
1546 1307 1627 1352 10.

569 1376 635 1421 88
663 1403 674 1412 ·
701 1371 803 1430 Qui
843 1370 996 1418 dum?
1099 1385 1148 1418 n.
1207 1370 1338 1427 Quia
1377 1367 1520 1416 tristis
1561 1383 1627 1416 es.

569 1436 714 1484 Nunc
737 1435 824 1483 tibi
857 1442 1024 1500 patent
1055 1434 1177 1483 fores
1211 1437 1304 1491 hae,
1343 1433 1458 1501 quia
1489 1433 1627 1481 istum

570 1502 706 1550 ducis
738 1500 832 1548 Eu.
863 1501 917 1560 ii,
955 1505 1004 1548 2.
1039 1503 1123 1550 42.
1148 1501 1208 1549 61
1247 1499 1382 1547 Eone
1403 1513 1454 1547 es
1476 1497 1629 1555 ferox,

570 1567 684 1630 quin
727 1566 870 1614 habe·
911 1564 1156 1628 imperium
1193 1564 1242 1611 in
1285 1563 1499 1613 belluas?
1535 1563 1630 1610 Eu.

571 1631 642 1687 iii,
683 1633 732 1679 1.
769 1633 832 1680 26
890 1629 955 1677 Et
983 1629 1097 1694 quia
1127 1629 1424 1678 consimilem
1460 1627 1635 1674 luserat

565 1695 669 1758 jam
689 1695 803 1743 olim
825 1694 907 1742 ine
927 1695 1090 1742 ludum
1125 1693 1217 1742 Eu.
1237 1694 1310 1751 iii,
1331 1699 1380 1742 6.
1404 1696 1469 1742 88
1503 1691 1634 1750 Quis

572 1760 798 1824 nunqua}
817 1759 1041 1822 cupiebat
1079 1759 1140 1806 de
1175 1773 1332 1808 sorore
1367 1756 1472 1822 ejus
1505 1757 1632 1804 indi·

575 1839 702 1884 esre,
722 1824 784 1871 ad
805 1837 909 1870 eam
931 1839 1026 1871 rem
1052 1831 1238 1887 tempus
1272 1839 1368 1870 non
1389 1830 1490 1871 erat
1538 1821 1632 1870 Eu.

573 1887 644 1950 iv,
667 1893 714 1936 1.
736 1892 770 1937 6
814 1887 890 1935 Ita
913 1890 1038 1936 visus
1060 1896 1132 1940 est
1154 1888 1352 1945 dudum,
1375 1887 1487 1950 quia
1507 1888 1635 1933 varia

575 1961 705 2001 veste
743 1960 992 2001 exornatus
1027 1953 1135 2003 fuit.
1204 1953 1336 2010 Quid
1381 1952 1477 2000 ita?
1513 1951 1636 1998 Dor.

577 2018 706 2076 Quia
725 2033 834 2066 cum
859 2017 970 2066 inde
991 2019 1129 2074 abeo,
1147 2018 1246 2081 jam
1271 2026 1369 2066 tum
1391 2018 1637 2078 inceperat

579 2085 716 2131 turba
733 2083 860 2131 inter
879 2098 962 2132 eos
1016 2081 1106 2131 Eu.
1127 2083 1192 2140 iv,
1212 2087 1262 2132 4.
1287 2087 1365 2133 16.
1388 2085 1452 2130 68
1507 2081 1635 2144 Quin

575 2149 692 2196 dum
713 2148 800 2196 tibi
834 2162 1038 2196 sororem
1071 2149 1238 2196 studeo
1276 2147 1470 2196 reddere
1492 2153 1542 2194 et
1563 2161 1636 2193 re-

578 2213 790 2271 stituere,
807 2213 909 2261 haec
923 2221 1068 2276 atque
1082 2212 1354 2275 hujusmodi
1371 2227 1472 2260 sum
1491 2210 1639 2257 muita

765 2277 854 2324 Eu.
870 2277 942 2336 iv,
961 2283 1010 2325 6.
1029 2281 1060 2326 7
1113 2278 1242 2326 ΝοΙο
1263 2293 1339 2324 me
1361 2277 1410 2324 in
1431 2277 1508 2322 via
1529 2289 1637 2322 cum

579 2343 670 2389 hnc
690 2350 820 2389 veste
839 2341 1017 2388 videat.
1063 2339 1154 2389 Tu.
1195 2342 1508 2399 Quamobrem
1532 2348 1637 2388 tan-

579 2406 724 2453 dem?
779 2421 840 2453 an
883 2407 996 2467 quia
1030 2406 1216 2468 pudet?
1272 2405 1361 2454 Eu.
1405 2420 1453 2459 v,
1487 2409 1536 2452 2.
1571 2409 1639 2453 68

581 2468 692 2518 Nisi
727 2469 842 2532 quia
901 2483 1093 2517 necesse
1131 2469 1224 2516 fuit
1257 2469 1347 2516 hoc
1385 2467 1555 2524 facere,
1587 2468 1637 2515 id

581 2533 767 2599 gaudeo
831 2532 922 2581 Du.
981 2549 1031 2590 v,
1071 2539 1120 2583 6.
1158 2538 1224 2583 28
1301 2533 1638 2596 Quapropter?

582 2599 659 2649 cl.
697 2598 965 2655 Quia·enim
985 2598 1214 2648 incertum
1235 2606 1311 2647 est
1327 2598 1486 2653 etiam,
1521 2598 1639 2661 quid

583 2680 636 2711 se
679 2663 822 2711 faciat
866 2663 988 2713 Hea.
1023 2663 1059 2719 i,
1097 2668 1146 2713 2.
1187 2668 1248 2713 14
1303 2663 1643 2723 Quamobrem,

585 2729 822 2778 Chreme?
877 2730 970 2778 Ch.
1011 2729 1138 2786 Quia
1172 2744 1390 2793 pessume
1431 2728 1549 2777 istoc
1587 2729 1641 2775 in

589 2802 638 2843 tc
681 2800 824 2857 atquc
871 2793 926 2841 in
971 2794 1102 2842 illum
1129 2795 1370 2843 consulis.
1458 2791 1537 2840 An
1582 2809 1642 2840 eo

565 2859 656 2914 fit,
683 2858 810 2923 ·quia
831 2858 883 2906 in
907 2874 956 2907 re
977 2867 1138 2907 nostra
1167 2866 1252 2907 aut
1291 2854 1464 2921 gaudio
1483 2872 1643 2905 sumus

585 2923 839 2987 prepediti
872 2924 1038 2981 nimio,
1061 2930 1146 2971 aut
1167 2922 1444 2985 egritudine
1463 2922 1481 2968 ?
1520 2922 1643 2970 Hen-

585 2988 726 3045 iim.
756 2992 839 3037 27.
873 2994 942 3037 99
993 2989 1187 3051 Quippe
1227 2989 1338 3051 quia
1369 2996 1644 3050 magnarum

589 3068 718 3116 sape
733 3052 785 3099 id
795 3054 1052 3101 remedium
1069 3053 1397 3117 egritudinum
1413 3058 1488 3100 est
1521 3052 1645 3101 Hes.

561 3118 658 3175 -iii,
676 3120 810 3166 2.-27
832 3117 1002 3183 Etego
1012 3120 1119 3175 hoc,
1135 3118 1247 3183 quia
1269 3118 1448 3165 dudum
1469 3124 1522 3165 tu
1541 3125 1648 3165 tan-

589 3190 754 3247 topere
769 3181 1064 3245 jusseras,eo
1085 3183 1209 3247 coepi
1259 3182 1381 3232 Heu.
1401 3182 1469 3238 iv,
1492 3188 1540 3231 6.
1581 3186 1647 3231 88

588 3246 942 3323 Quampbrem?
993 3248 1026 3295 S
1065 3282 1080 3298 .
1117 3246 1247 3303 Quia
1277 3247 1403 3294 enim
1438 3246 1488 3293 in
1521 3248 1649 3295 hunc

589 3318 888 3439 133¹?053’?
907 3310 1649 3438 31¹3.2232.2¹2¹z?2:¹3;‚.32‘·.33¹.3‘3

591 3439 716 3486 mile·
742 3438 793 3485 id
831 3453 932 3487 esse
986 3439 1109 3487 Hea.
1133 3439 1197 3496 iv,
1221 3446 1271 3489 6.
1301 3443 1384 3489 62.
1405 3445 1484 3489 68·
1525 3440 1650 3503 Ego,

591 3502 706 3567 quia
719 3517 823 3551 non
843 3504 982 3553 rediit
1003 3504 1147 3567 fitius,
1187 3518 1296 3568 quae
1317 3505 1499 3570 cogito!
1528 3516 1536 3525 '
1554 3504 1652 3555 Ad.

593 3568 638 3625 i,·
650 3572 698 3617 1.
724 3571 786 3618 10
835 3568 968 3627 Non,
1001 3570 1114 3635 quia
1135 3570 1248 3618 ades
1279 3584 1504 3634 praesens,
1539 3570 1652 3620 dico

592 3634 684 3681 hoc
717 3632 814 3682 Ad.
835 3634 907 3691 iii,
922 3640 972 3685 8.
993 3638 1060 3685 89
1108 3634 1238 3692 Quia
1257 3642 1352 3683 tam
1373 3635 1540 3684 misere
1559 3637 1653 3686 hoc

560 3706 566 3721 ’
594 3702 696 3747 esse
717 3698 862 3761 cupio
884 3714 1062 3757 verum,
1083 3714 1142 3749 eo
1179 3716 1339 3749 vereor
1361 3701 1507 3777 magis
1555 3700 1655 3749 Ad.

594 3763 662 3824 iv,
684 3768 734 3812 6.
755 3768 821 3813 64
866 3764 1002 3821 Ideo,
1037 3765 1166 3830 quia,
1200 3772 1254 3813 ut
1275 3780 1362 3815 vos
1385 3764 1502 3814 mhi
1523 3766 1654 3813 domi

594 3828 740 3884 eritis,
755 3828 954 3892 proinde
963 3845 1052 3894 ego
1065 3846 1146 3879 ero
1157 3830 1280 3879 fama
1297 3830 1410 3879 foris
1426 3830 1520 3878 He.
1532 3831 1588 3886 ii,'
1604 3834 1652 3880 1.

595 3897 658 3943 21
710 3893 794 3941 Sin
815 3909 874 3942 ea
889 3902 961 3943 est
981 3910 1127 3944 causa
1147 3895 1380 3944 retinendi
1403 3896 1530 3959 apud
1551 3910 1656 3953 vos,

591 3957 708 4021 quia
723 3974 849 4023 egra
862 3967 936 4007 est
966 3960 1062 4010 He.
1079 3962 1134 4019 ii,
1152 3965 1203 4010 2.
1227 3964 1290 4010 14
1325 3960 1657 4024 Quapropter?

601 4022 715 4135 apti?
736 4023 880 4083 enim,
902 4026 984 4089 qui
1007 4041 1088 4074 eos
1110 4025 1341 4103 gubernat
1353 4025 1561 4082 animus,
1583 4024 1657 4071 in·

602 4118 604 4121 >
705 4103 784 4136 um
805 4098 976 4153 gerunt
1005 4090 1099 4139 He.
1121 4090 1188 4146 xii,
1213 4094 1261 4139 1.
1284 4094 1345 4140 81
1382 4089 1481 4147 Qui
1495 4088 1657 4138 istuc?

599 4151 691 4221 Ph.
729 4152 854 4209 Quia
892 4170 990 4203 non
1028 4162 1126 4204 rete
1163 4154 1377 4218 accipitri
1434 4153 1659 4212 tenditurg

601 4218 942 4333 ἓξὲιίξὴωῇμὲ.
968 4220 1136 4334 ιὲιιιίεὲ
1147 4219 1347 4341 enQimgn
1366 4218 1461 4331 init}
1481 4218 1660 4295 fructus

563 4294 568 4301 ·
687 4296 692 4303 ·
783 4296 871 4340 .-n,
929 4300 944 4333 .·
1033 4317 1047 4333 .
1235 4300 1284 4333 ui
1401 4300 1422 4331 r
1461 4298 1556 4331 mul
1576 4298 1661 4331 au·

604 4350 729 4402 tem..
739 4344 934 4397 benun?
973 4363 1034 4396 an
1055 4350 1185 4412 quia,
1221 4300 1539 4413 quospseallam
1575 4362 1662 4411 pro

1553 429 1799 490 ΙΝΒῈΧ

1692 597 1789 640 uno
1800 592 1897 640 dno
1910 594 2021 638 sunt
2032 585 2146 636 mihi
2156 583 2257 634 dati
2268 583 2287 632 ἓ
2298 581 2469 641 Ρὶιάν,
2479 587 2530 634 2.
2544 585 2609 634 12
2624 585 2723 643 Qui
2736 583 2756 633 ἓ

1695 657 1787 706 Ph.
1824 655 1989 722 Rogas
2012 655 2031 702 ἓ
2062 652 2179 718 quia
2228 667 2291 699 ne
2332 650 2525 700 alteram
2564 653 2758 716 quidem

1694 721 1824 770 issam
1844 721 2013 798 potero
2034 719 2207 766 ducere
2241 716 2332 765 Pb.
2356 731 2404 774 v,
2424 721 2473 766 7.
2496 719 2561 766 28
2610 729 2621 738 “

1760 787 1986 844 Quicum,
2030 783 2104 832 ve!
2150 783 2389 840 Quocum.
2450 780 2560 828 vide
2620 781 2764 830 Cum.

1696 851 2018 913 Quicumque.
2084 846 2207 896 Cum
2246 845 2417 910 quibus
2436 852 2534 893 erat
2554 861 2763 911 cumque

1696 931 1812 974 una,
1826 915 1888 964 iis
1908 929 2011 962 sese
2032 913 2207 961 dedere
2257 909 2323 959 A.
2344 910 2378 968 i,
2403 914 2451 959 1.-
2470 914 2534 960 86
2586 911 2761 969 Quod-

1698 995 1901 1094 ffiqizi
1946 979 2085 1092 {⁰3⁵3
2088 977 2585 1104 ‘322232331340
2600 975 2765 1088 ,ἓξὲξ

1699 1111 1902 1160 lubitum
1924 1108 2001 1164 'st,
2022 1108 2178 1156 facere
2211 1106 2273 1154 A.
2296 1105 2331 1161 i.
2350 1111 2399 1156 6.
2420 1109 2485 1155 28

1716 1191 1721 1196 ·
1766 1175 1993 1233 Quidam,
2029 1173 2200 1231 sedam,
2242 1171 2435 1218 oddam.
2500 1170 2613 1218 Fuit
2648 1169 2764 1218 olim

1700 1239 1893 1304 quidam
1913 1253 2075 1298 senex,
2098 1243 2326 1284 mercator
2356 1235 2421 1284 A.
2443 1233 2481 1292 i,
2504 1239 2553 1285 8.
2577 1239 2642 1284 16
2673 1235 2765 1282 At-

1700 1305 1825 1354 ticus
1844 1303 2037 1370 quidam
2060 1301 2173 1349 olim
2196 1300 2304 1348 navi
2315 1300 2484 1359 fracta,
2502 1301 2631 1364 apud
2654 1299 2761 1348 An-

1702 1372 1835 1418 dmm
1876 1368 2057 1432 ejectus
2093 1373 2167 1413 est
2219 1365 2284 1413 A.
2308 1381 2354 1421 v,
2378 1368 2427 1414 4.
2446 1369 2513 1414 20
2565 1365 2645 1412 Ibi
2667 1373 2768 1412 tum

1702 1435 1839 1483 matri
1881 1431 2117 1498 parvolam
2161 1429 2363 1494 puellam
2409 1429 2537 1476 dono
2570 1429 2771 1492 quidam

1703 1507 1932 1548 mercator
1948 1497 2081 1546 dedit
2130 1494 2220 1543 Eu.
2239 1494 2281 1553 i,
2299 1498 2347 1543 2.
2370 1495 2437 1544 29
2485 1492 2669 1558 Neque·
2680 1494 2773 1541 tibi

1704 1565 1877 1618 obstat,
1894 1565 2022 1627 quod
2040 1560 2229 1626 quidam
2253 1559 2367 1606 facit
2406 1556 2506 1608 Eu.
2530 1558 2606 1619 iii,
2626 1563 2676 1607 2.
2700 1562 2769 1607 80

1705 1629 1851 1677 Domi
1874 1636 1974 1676 erat
1994 1627 2187 1690 quidam
2209 1624 2471 1672 Eunuchus
2504 1621 2597 1671 Eu.
2620 1622 2691 1679 iii,
2714 1629 2771 1672 5.

1708 1699 1768 1744 21
1829 1693 1988 1740 Notus
2024 1691 2140 1740 mihi
2176 1689 2371 1754 quidam
2408 1687 2595 1734 obviam
2640 1687 2772 1736 venit

1708 1758 1800 1807 Eu.
1824 1775 1871 1814 v,
1895 1761 1943 1808 2.
1965 1762 1995 1807 4
2052 1755 2249 1804 Amicus
2282 1753 2478 1818 quidam
2510 1768 2589 1800 me
2616 1769 2646 1801 a
2665 1753 2775 1812 foro·

1707 1823 1905 1871 abduxit
1927 1823 2067 1870 modo
2090 1822 2183 1869 huc
2224 1819 2505 1866 advocatum
2528 1817 2615 1866 sibi
2670 1819 2769 1866 Ad.

1707 1888 1770 1945 iv,
1794 1893 1842 1938 ⁵.
1866 1891 1924 1936 11
1979 1887 2067 1934 Est
2088 1886 2206 1933 alius
2242 1884 2453 1949 quidam,
2478 1884 2770 1946 parasitaster

1710 1953 1927 2017 parvolus
1981 1950 2078 1999 Ad.
2104 1967 2149 2007 v,
2172 1954 2221 1999 2.
2243 1953 2274 1998 4
2324 1947 2587 1996 Intervenit
2606 1948 2767 1995 adole-

1712 2033 1845 2066 scens
1878 2015 2071 2080 quidam
2098 2014 2375 2064 lacrumans.
2428 2013 2515 2060 Est
2534 2013 2763 2076 parasitus

1713 2083 1903 2147 qnidam
1928 2079 2166 2135 Phormio,
2206 2080 2347 2126 homo
2378 2077 2623 2130 confidens
2678 2077 2770 2126 Ph.

1712 2147 1749 2202 i,
1772 2151 1820 2196 2.
1843 2151 1925 2196 42.
1962 2150 2027 2198 72
2080 2143 2306 2192 Ascendo
2347 2143 2397 2190 in
2418 2144 2654 2207 quendam
2688 2159 2772 2192 ex-

1710 2213 1888 2260 celsum
1914 2213 2068 2260 locum
2101 2207 2166 2257 A.
2185 2209 2242 2269 ii,
2260 2214 2310 2258 2.
2335 2212 2397 2257 19
2445 2207 2661 2256 Conveni
2684 2209 2770 2255 ho-

1712 2277 1792 2324 die
1831 2277 2085 2324 adveniens
2119 2274 2356 2338 quendam
2392 2273 2482 2320 mei
2517 2273 2606 2320 loci
2639 2272 2771 2330 hinc,

1714 2339 2239 2455 ἳὲἓὲὲῗιὲῗὲἐίιῖὲῖὶιῖἓ
2254 2335 2771 2459 {ffffssqffiffzff

2337 2435 2350 2452 0
2406 2437 2423 2465 ,
2480 2436 2494 2451 Ο
2749 2429 2773 2442 -

1714 2469 1821 2517 dam
1846 2471 2027 2519 offendi
2044 2469 2237 2518 militem
2272 2467 2393 2517 Hea-
2416 2467 2469 2523 ii,
2491 2471 2539 2517 3.
2566 2471 2658 2516 124
2674 2468 2772 2517 Sed

1714 2534 1859 2582 habet
1904 2544 2083 2600 putrem
2126 2534 2363 2599 quendam
2397 2532 2585 2580 avidum
2641 2531 2793 2582 Heu..

1715 2598 1785 2657 iii,
1805 2603 1854 2650 2.
1874 2604 1934 2649 15
1987 2600 2175 2648 Interea
2212 2599 2377 2647 mulier
2413 2598 2648 2663 quaedam,
2685 2598 2770 2645 ab·

1716 2665 1828 2713 hinc
1848 2666 2119 2726 triennium,
2152 2680 2211 2713 ex
2249 2664 2415 2712 Andro
2452 2662 2775 2725 commigravit

1716 2732 1809 2779 huc
1831 2730 2017 2779 viciniae
2067 2729 2128 2777 A.
2152 2729 2186 2792 i,
2209 2734 2254 2779 1.
2276 2732 2341 2777 42
2378 2728 2611 2787 Quaedam
2632 2728 2775 2777 hodie

1715 2795 1865 2908 3:52
1899 2794 2348 2925 332332233250
2383 2794 2514 2905 11¹3:-
2639 2796 2777 2907 {22}

1718 2924 1828 2973 Fuit
1848 2925 2064 2990 quaedarn
2087 2940 2205 2973 anus
2240 2923 2487 2973 Corinthia
2524 2924 2602 2971 hic
2650 2922 2778 2972 Hea-

1718 2989 1788 3047 iii,
1810 2996 1857 3039 8.
1876 2994 1941 3039 89
1990 2990 2061 3037 Ex
2084 2991 2331 3038 advorsum
2355 2989 2400 3036 ei
2418 2988 2525 3036 loco
2547 2987 2778 3037 tonstrina

1718 3062 1819 3102 erat
1870 3056 2086 3119 quaedam
2142 3054 2233 3102 Ph.
2268 3054 2306 3111 i,
2340 3058 2390 3103 2.
2434 3057 2500 3102 89
2567 3054 2781 3117 Fiuguut

1718 3120 1956 3184 quandam
1976 3120 2098 3168 inter
2118 3134 2168 3167 se
2188 3134 2317 3167 nunc
2356 3118 2592 3167 fallaciam
2647 3118 2715 3165 A.
2745 3116 2781 3180 i,

1720 3188 1770 3233 8.
1797 3190 1857 3234 15
1904 3184 2055 3249 Virgo
2077 3183 2130 3231 in
2152 3182 2369 3232 conclavi
2392 3184 2542 3237 sedet,
2583 3196 2780 3245 suspec-

1721 3256 1825 3296 tans
1845 3249 2053 3297 tabulam
2089 3250 2325 3313 quandam
2364 3246 2538 3311 pictam
2584 3246 2678 3295 Eu.
2702 3246 2784 3305 iii,

1721 3318 1769 3362 6.
1793 3317 1857 3362 86
1902 3314 2025 3361 Tum
2048 3314 2286 3378 quandam
2301 3312 2538 3361 fidicinam
2560 3318 2685 3361 amat
2700 3312 2785 3360 hic

1722 3377 1915 3427 Chaerea
1950 3378 2040 3425 Eu.
2066 3394 2114 3441 v,
2132 3382 2181 3427 6.
2208 3384 2267 3429 16
2316 3379 2395 3426 De
2416 3377 2607 3425 fallacia
2622 3375 2781 3424 dicis?

1723 3443 1793 3491 st!
1818 3443 1981 3493 inveni
2000 3458 2153 3507 nuper
2186 3445 2436 3509 quamdam
2491 3442 2615 3491 Hea.
2638 3440 2709 3498 iii,
2732 3445 2785 3491 8.

1722 3509 1789 3558 86
1822 3508 2065 3557 Continuo
2088 3511 2339 3573 quamdam
2362 3513 2528 3554 nactus
2550 3514 2623 3554 est
2644 3506 2787 3571 puel-

1723 3571 1885 3621 lulam.
1939 3573 2091 3621 Modo
2128 3574 2378 3649 quamdam
2416 3570 2511 3619 vidi
2552 3569 2785 3635 virginem

1722 3636 1801 3685 hic
1822 3637 2009 3687 viciniae
2042 3638 2131 3687 Ph.
2148 3653 2185 3693 ι.
2208 3642 2257 3688 2.
2278 3642 2359 3685 sl.
2381 3639 2445 3684 46
2498 3634 2594 3683 Hic
2615 3652 2785 3701 quam-

1724 3702 1834 3751 dam
1856 3716 2035 3763 noram,
2056 3701 2191 3767 cujus
2210 3702 2279 3748 vir
2300 3715 2490 3749 uxorem
2546 3700 2641 3749 Ph.
2663 3718 2709 3760 v,
2730 3704 2785 3751 7.

1724 3771 1789 3817 48
1824 3766 2055 3815 Habitant
2072 3768 2153 3815 hic
2174 3766 2391 3831 quaedam
2405 3766 2631 3829 *mulieres
2652 3780 2772 3831 pau-

1726 3830 1930 3895 perculae
1962 3831 2057 3879 Ad.
2079 3832 2145 3887 iv,
2168 3836 2216 3881 5.
2236 3835 2300 3881 18
2356 3830 2445 3880 Est
2466 3830 2583 3879 mihi
2604 3832 2652 3879 in
2674 3829 2785 3877 ulu-

1728 3896 1814 3943 mis
1844 3896 2069 3945 conclave
2114 3897 2295 3945 oedibus
2350 3897 2610 3963 quoddam,
2664 3902 2788 3943 retro

1729 3961 1855 4009 Hea-
1874 3978 1923 4017 v,
1948 3967 1996 4012 l.
2016 3965 2084 4011 29
2132 3961 2192 4009 In
2228 3962 2525 4027 angiportum
2548 3960 2789 4027 quoddam

1730 4027 1981 4074 desertum.
2014 4025 2146 4085 Quid
2170 4027 2386 4075 feceras?
2422 4026 2513 4079 ch.
2534 4026 2790 4075 Paululum

1730 4090 1958 4156 quiddam
1990 4090 2083 4139 Eu.
2107 4108 2153 4149 v,
2176 4096 2229 4142 2.
2248 4098 2299 4141 6.
2322 4096 2385 4141 17
2562 4104 2567 4109 ’

1796 4155 2021 4213 Quidem.
2086 4154 2165 4206 Ne
2181 4158 2286 4205 haec
2309 4155 2498 4221 quidem
2516 4154 2626 4202 satis
2646 4154 2795 4202 vene..

1730 4236 1865 4269 mens
1908 4236 2048 4287 causa
2081 4220 2157 4269 ad
2198 4219 2537 4285 objurgandum
2596 4216 2660 4267 A.
2681 4218 2721 4279 i,
2744 4223 2796 4270 1.

1733 4288 1831 4335 122
1854 4285 2053 4351 ‘Nempe
2070 4302 2181 4351 ergo
2198 4293 2356 4350 aperte
2370 4283 2458 4341 vis,
2474 4299 2582 4349 quoe
2596 4290 2796 4339 restant,

1734 4365 1811 4399 me
1832 4350 1965 4415 loqui
1985 4353 2004 4400 ἓ
2035 4351 2131 4399 Da.
2150 4348 2273 4399 Sane
2291 4348 2483 4416 quidem
2519 4350 2580 4397 A.
2601 4350 2637 4407 i,
2654 4352 2710 4398 2.
2728 4346 2794 4397 24
