3192 4975
1238 455 1316 505 m
1365 456 1843 508 TERENTIUM·

465 602 561 654 He.
585 620 631 661 v,
653 610 701 654 2.
720 610 754 655 9
807 606 971 654 Minus
1007 606 1070 653 rei
1112 607 1236 655 foret
1267 616 1350 655 aut
1380 608 1516 655 famae

463 676 726 731 temperans
757 670 844 717 Ph.
865 670 918 727 ii,
941 675 990 722 1.
1013 676 1070 721 41
1112 670 1221 720 Hoc
1235 679 1286 719 et
1308 672 1456 729 vobis,
1469 679 1520 720 et

464 748 582 781 meae
609 735 902 782 commodum
935 736 1074 783 famas
1103 737 1298 784 arbitror
1335 736 1424 786 He.
1455 737 1519 793 iv,-

464 802 516 847 2.
533 804 578 846 9.
601 798 664 845 Et
681 814 773 854 rue,
796 807 846 847 et
865 814 1021 847 meum
1037 816 1257 859 amorem,
1275 808 1326 848 et
1347 802 1518 849 famam

463 862 680 923 permitto
699 863 788 911 tibi
822 863 943 913 Hea.
962 866 1017 923 ii,
1037 870 1084 913 8.
1110 870 1206 913 110
1239 864 1519 922 Maledicta,

460 925 629 973 famam
653 926 702 973 iu
723 944 774 976 se
795 929 1031 976 transtulit
1061 927 1151 976 Ad.
1176 929 1232 986 ii,
1253 934 1300 979 8.
1329 934 1390 978 10
1411 930 1519 979 Hac

459 991 584 1037 fama
606 989 834 1055 impulsus
855 992 1095 1049 Chremes,
1115 993 1238 1041 ultro
1259 995 1320 1042 ad
1344 1010 1420 1043 me
1441 1010 1522 1043 vec

459 1053 534 1101 uit
564 1053 627 1104 A.
648 1055 684 1111 i,
705 1060 751 1103 1.
771 1062 836 1107 72
865 1054 995 1106 ΝοΙο
1011 1058 1128 1105 falsa
1141 1058 1266 1105 fama
1285 1074 1388 1106 esse
1405 1074 1520 1122 gna·

457 1125 558 1165 tum
581 1128 852 1183 suspectum
869 1130 1001 1169 tuum
1033 1122 1126 1171 He.
1149 1138 1196 1179 r,
1216 1129 1260 1172 1.
1277 1127 1336 1172 81
1374 1123 1518 1179 Quod

458 1182 606 1231 habes
627 1199 814 1233 uxorem
837 1186 940 1234 sine
974 1188 1096 1234 mala
1129 1187 1252 1234 fama
1303 1188 1392 1235 Ph.
1413 1188 1448 1243 i,
1471 1192 1518 1237 8.

523 1310 804 1374 Famelicus‚
823 1329 880 1370 .a,
911 1329 1010 1363 um.
1074 1314 1164 1363 Ille
1185 1315 1269 1363 ubi
1289 1315 1428 1363 miser
1448 1314 1517 1364 fa·

458 1374 659 1423 melicus
692 1378 824 1426 videt
854 1394 930 1427 me
961 1394 1062 1427 esse
1091 1380 1145 1427 in
1179 1387 1310 1428 tanto
1342 1384 1519 1429 honore

460 1438 556 1487 Eu.
573 1439 628 1498 ii,
650 1445 702 1491 2.
725 1445 791 1491 29

526 1502 706 1554 Fames.
769 1505 859 1555 Ille
873 1507 932 1554 ad
949 1508 1120 1555 famem
1138 1510 1262 1557 hunc
1281 1510 1342 1557 ab
1359 1510 1518 1557 studio

457 1568 641 1617 studuit
681 1569 873 1633 rejicere
922 1572 1012 1620 Ph.
1047 1572 1174 1620 Prol.
1216 1579 1276 1622 19
1327 1574 1520 1622 Adeon’

456 1648 554 1680 rem
598 1634 808 1693 rediisse,
843 1640 898 1683 ut
928 1637 1186 1700 periculum
1218 1638 1362 1686 etiam
1393 1638 1518 1687 fame

458 1696 576 1743 mihi
597 1697 692 1745 sit?
717 1699 839 1748 Hea-
861 1716 907 1756 v,
929 1707 978 1751 2.
1000 1705 1063 1750 27

519 1760 732 1813 Familia.
802 1764 982 1812 Decem
1010 1766 1190 1812 dierum
1213 1766 1288 1813 vix
1311 1765 1422 1814 mihi
1447 1776 1522 1816 est

455 1823 634 1874 familia
667 1828 788 1876 Heu.
819 1844 867 1887 v,
892 1834 935 1880 1.
957 1834 1022 1879 ⁸6
1066 1830 1296 1878 Columeu
1318 1846 1426 1878 vero
1450 1833 1518 1879 fa—

455 1888 600 1938 milioe
635 1892 724 1942 Ph.
757 1892 812 1948 ii.
836 1899 880 1942 1.
904 1897 966 1943 57
1009 1893 1088 1942 Ita
1109 1902 1276 1943 nostrie
1298 1904 1370 1943 est
1390 1898 1519 1944 omni

455 1953 625 2003 fautrix
646 1955 836 2005 familia
884 1957 976 2006 Eu.
1015 1975 1060 2013 v,
1083 1964 1132 2008 9.
1155 1963 1218 2007 22
1265 1959 1336 2007 Te
1378 1961 1518 2010 video

455 2026 626 2066 nostrus
661 2021 852 2069 familiae
903 2032 1002 2069 tam
1034 2040 1091 2070 ex
1134 2024 1292 2071 auimo
1339 2026 1516 2074 factum

453 2082 578 2131 velle
620 2084 720 2135 Ad.
743 2102 790 2141 ν,
812 2091 859 2136 7.
877 2090 942 2136 20
989 2087 1166 2135 νοείτω
1188 2086 1378 2135 familiae
1399 2090 1516 2137 ami·

455 2161 542 2194 cua
577 2147 668 2198 Pb.
691 2163 738 2203 v,
761 2154 810 2199 8.
832 2154 898 2200 60
938 2150 1080 2199 Serva
1103 2152 1266 2209 fllium,
1287 2160 1338 2200 et
1355 2169 1446 2209 me,
1469 2161 1520 2202 et

451 2210 678 2259 familiam
713 2213 838 2264 Hea.
859 2215 922 2269 iv,
940 2220 987 2263 8.
1007 2221 1038 2265 4
1073 2215 1276 2263 Omnem
1289 2217 1515 2267 familiam

454 2276 682 2325 mulcavit
708 2293 858 2342 usque
897 2281 955 2327 ad
991 2290 1186 2348 mortem
1220 2282 1318 2331 Ad.
1353 2282 1389 2337 i,
1411 2288 1460 2333 2.
1482 2287 1516 2331 9

454 2339 646 2404 Malim,
679 2341 806 2391 illam
839 2350 987 2393 totam
1020 2346 1244 2393 familiam
1279 2346 1392 2393 mihi
1415 2347 1517 2395 dari

453 2404 656 2462 obviam,
677 2416 732 2454 ut
761 2407 860 2457 Ad.
903 2409 978 2469 iii,
997 2414 1046 2459 2.
1071 2415 1132 2459 18
1173 2410 1310 2458 sulus
1329 2426 1516 2458 omnem

453 2467 680 2519 familiam
721 2479 954 2521 sustentat
997 2473 1099 2522 Ad.
1134 2473 1206 2529 iii,
1221 2478 1271 2523 4.
1293 2478 1356 2537 85
1403 2474 1516 2537 Ipsa

453 2533 589 2582 Salus
609 2551 790 2584 servare
811 2552 996 2598 prorsus
1011 2553 1108 2584 non
1133 2545 1291 2600 potest
1305 2539 1426 2587 hauc
1443 2540 1516 2587 fa-

452 2598 630 2647 miliam
663 2599 761 2648 Ad.
775 2600 840 2657 iv,
852 2605 902 2650 7.
917 2606 984 2650 ⁴4
1014 2602 1227 2650 Traduce
1242 2610 1293 2650 et
1307 2611 1515 2662 matrem,

453 2668 504 2710 et
520 2663 748 2712 familiam
769 2680 954 2713 omnem
977 2667 1038 2713 ad
1061 2682 1150 2713 nos
1182 2665 1282 2714 Ad.
1311 2684 1360 2722 v,
1379 2673 1428 2716 7.
1453 2673 1516 2718 12

453 2727 630 2789 pren,
665 2745 805 2776 unam
837 2729 992 2777 facere
1025 2746 1110 2778 nos
1138 2731 1260 2778 hanc
1291 2731 1515 2780 familiam

454 2789 554 2840 Ad.
577 2809 621 2853 v,
642 2797 690 2842 8.
711 2799 742 2842 8
784 2793 904 2849 Quae
926 2809 1020 2849 me,
1043 2802 1092 2841 et
1113 2802 1178 2848 te,
1211 2803 1262 2842 et
1292 2795 1516 2844 familiam

451 2857 708 2904 dedecoras
741 2857 834 2905 He.
871 2858 926 2912 ii.
953 2863 998 2906 1.
1028 2863 1086 2906 18
1132 2859 1388 2923 Nunquam
1419 2869 1517 2908 tam

453 2935 618 2982 graves
647 2922 712 2966 ob
744 2923 866 2968 hanc
895 2920 1165 2969 inimicitias
1207 2939 1422 2983 caperem
1465 2924 1516 2971 in

455 2991 660 3031 nostram
701 2985 924 3032 familiam
959 2984 1050 3032 Ph.
1086 2985 1138 3041 ii,
1161 2990 1209 3035 8.
1230 2992 1294 3036 28
1340 2987 1515 3036 Illanc-

452 3047 563 3096 cine
597 3048 836 3096 mulierem
869 3051 993 3098 alere
1034 3064 1142 3097 cum
1175 3050 1256 3098 illa
1297 3051 1516 3101 familia?

452 3111 580 3163 Hes.
601 3113 668 3170 iv,
689 3121 740 3162 5.
764 3117 794 3162 8
828 3113 972 3171 Quod
993 3115 1054 3161 ad
1071 3115 1203 3162 illum
1222 3118 1410 3176 attinet,
1431 3133 1516 3165 na-

451 3187 554 3224 tum
573 3193 633 3226 cx
654 3185 787 3226 tanta
805 3178 983 3226 familia
1013 3179 1111 3227 Ad.
1131 3179 1202 3235 iii,
1222 3185 1266 3228 1.
1289 3186 1348 3229 10
1379 3181 1515 3230 Alie-

453 3256 544 3290 nus
563 3251 638 3290 est
657 3245 718 3290 ab
738 3249 894 3290 nostra
916 3244 1096 3291 familia
1140 3244 1240 3292 Ad.
1281 3245 1352 3300 iii,
1376 3250 1424 3295 2.
1449 3251 1514 3296 28

455 3305 527 3353 Ex
561 3306 692 3355 illan'
725 3308 904 3356 familia
934 3316 1030 3356 tam
1064 3307 1288 3357 illiberale
1330 3309 1514 3359 facinus

453 3385 556 3418 ease
599 3379 750 3419 ortum
769 3373 788 3406 Ρ
819 3371 920 3422 Ad.
955 3373 1030 3428 iii,
1051 3377 1102 3421 4.
1124 3377 1156 3420 2
1212 3373 1372 3437 Ipsam
1403 3391 1511 3423 cum

417 3445 422 3448 '
453 3435 585 3482 omni
605 3435 786 3483 familia
806 3438 866 3484 ad
889 3452 965 3485 me
993 3437 1248 3498 profectam
1278 3454 1381 3486 esse
1417 3441 1514 3488 aie-

451 3499 568 3548 bant
599 3501 690 3548 Ph.
721 3500 789 3556 iv,
815 3506 862 3550 1.
883 3507 914 3549 5
950 3501 1086 3548 Eho!
1131 3502 1208 3550 dic
1241 3503 1376 3559 mihi,
1397 3504 1513 3566 quid

450 3564 519 3675 rrei
541 3564 630 3612 tibi
647 3574 722 3613 est
739 3580 848 3614 cum
869 3565 1050 3614 familia
1081 3566 1189 3628 hac,
1221 3569 1348 3615 unde
1371 3569 1471 3616 exis
1497 3569 1515 3616 ἓ

495 3629 541 3675 h.
559 3645 610 3688 v,
629 3635 675 3680 1.
695 3635 757 3680 21

517 3691 795 3755 Familiam,
815 3695 954 3745 arior.
1000 3695 1101 3752 Qui
1115 3695 1208 3758 ipsi
1233 3695 1294 3742 sit
1314 3697 1514 3746 familia·

451 3755 547 3804 rior
579 3756 668 3804 Pb.
687 3757 756 3812 iv,
791 3766 838 3807 5.
865 3765 900 3808 9
931 3759 1291 3807 Familiariorem
1330 3771 1518 3824 oportet

446 3822 1439 3884 essehuuc,quiminitaturmalumPh.v,6.
1457 3831 1516 3877 u

516 3885 844 3934 Familiaritas.
892 3887 1073 3950 Magna
1096 3889 1380 3938 familiaritas
1399 3907 1514 3940 eon-

450 3950 566 3999 flata
585 3957 658 3998 est
689 3950 780 3999 Eu.
810 3967 857 4007 v,
879 3955 930 3999 2.
952 3955 1014 4000 85
1067 3953 1192 4001 Mihi
1215 3969 1384 4016 magna
1405 3972 1512 4004 cum

451 4031 510 4064 eo
531 4015 626 4064 fuit
644 4030 828 4080 semper
849 4015 1134 4064 familiaritas
1176 4017 1298 4066 Hea.
1321 4019 1360 4075 i,
1377 4023 1427 4068 2.
1450 4026 1514 4070 10

449 4079 664 4143 Tacebit,
679 4083 794 4130 dum
815 4080 1078 4128 intercedet
1097 4081 1386 4130 familiaritas
1416 4083 1510 4132 Pb.

449 4142 517 4202 iv,
535 4149 582 4194 1.
609 4150 671 4196 17
1136 4170 1145 4180 ·

517 4205 834 4260 Familiariter.
903 4208 998 4259 Hic
1032 4209 1174 4273 hujus
1199 4217 1392 4258 mortem
1416 4218 1510 4262 tam

2466 462 2651 509 CXXV

1595 610 1693 655 109
1725 606 1875 661 Facit,
1890 615 1943 654 ut
1956 612 2003 654 te
2024 606 2245 655 audacter
2262 620 2495 668 moneam,
2514 614 2566 654 et
2585 608 2656 655 fa-

1592 671 1832 719 miliariter
1862 671 1986 721 Heu.
2006 670 2046 733 i,
2068 675 2114 721 1.
2137 674 2171 719 6

1660 735 1836 785 Fartor.
1900 735 2216 790 Concurrunt,
2260 734 2473 797 fartores,
2504 734 2656 797 pisca·

1594 806 1735 861 tores,
1755 814 1962 863 aucupes
1994 799 2085 847 Eu.
2106 799 2158 856 ii,
2180 802 2229 849 2.
2250 802 2317 847 20

1610 892 1615 897 -
1660 864 1767 913 Fas.
1834 864 2057 924 Decrevi,
2086 878 2175 912 nec
2208 863 2279 910 fas
2310 877 2413 909 esse
2441 861 2541 909 ulla
2582 878 2656 911 me

1596 928 1839 992 voluptate
1858 928 1935 977 hic
1955 929 2044 977 frui
2080 927 2200 975 Hea.
2234 926 2269 989 i,
2297 931 2339 976 1.
2360 930 2423 975 97
2475 925 2527 974 Si
2556 926 2656 990 jus,

1594 994 1635 1041 si
1656 993 1727 1041 fas
1747 999 1821 1041 est
1850 992 1944 1042 He.
1963 993 2041 1052 iii,
2060 996 2114 1043 8.
2136 996 2201 1042 27

1660 1057 1845 1107 Fateor.
2034 1073 2111 1105 me
2142 1070 2299 1104 amare
2328 1055 2469 1111 lianc,
2490 1054 2657 1104 fateor.

1594 1120 1638 1169 si
1656 1122 1704 1169 id
1730 1136 1925 1185 peccare
1946 1130 2034 1179 est,
2056 1122 2207 1169 fateor
2226 1120 2275 1168 id
2296 1134 2487 1183 quoque
2524 1119 2588 1167 A.
2611 1136 2659 1177 v,

1594 1189 1643 1234 8.
1660 1191 1725 1235 25
1760 1186 1926 1244 Quid?
1948 1187 2064 1250 quid
2088 1185 2221 1233 tum?
2241 1184 2391 1234 fatue.
2442 1182 2541 1233 An.
2564 1184 2656 1232 Fa-

1593 1256 1697 1298 teor
1745 1250 1837 1300 Eu.
1877 1251 1951 1307 iii,
1972 1258 2019 1301 5.
2040 1254 2107 1300 56
2153 1250 2230 1297 Ita
2270 1264 2343 1297 res
2375 1256 2467 1310 est,
2508 1248 2660 1297 fateor

1593 1313 1717 1363 Hea.
1738 1316 1776 1376 i,
1797 1321 1842 1365 1.
1865 1320 1962 1366 100
2012 1315 2088 1363 Mi
2110 1313 2327 1370 Chreme,
2352 1314 2565 1376 peccavi,
2584 1313 2657 1361 fa-

1593 1386 1727 1427 teorz
1754 1380 1916 1428 vincor
1948 1380 2071 1429 Hea.
2092 1379 2158 1442 iv,
2180 1383 2226 1427 1.
2248 1381 2310 1428 81
2362 1377 2495 1425 Leno
2536 1392 2658 1435 sum,

1590 1442 1743 1491 fateor
1760 1460 1775 1503 3
1798 1445 2026 1507 pernicies
2045 1442 2309 1491 communis
2338 1441 2437 1492 Ad.
2458 1442 2511 1497 ii,
2528 1447 2573 1491 1.
2590 1445 2655 1491 u

1593 1506 1713 1555 Haec
1736 1510 1857 1556 adeo
1878 1524 1983 1558 mea
2002 1508 2146 1571 culpa
2164 1508 2315 1555 fateor
2334 1506 2435 1553 fieri
2470 1506 2563 1556 Ad.
2588 1506 2653 1565 iv,

1591 1576 1641 1621 ⁴·
1665 1576 1729 1621 19
1760 1572 1957 1621 Factum
1976 1572 2125 1621 fam!
2176 1572 2268 1621 He·
2304 1589 2352 1628 V,
2374 1575 2421 1620 ³·
2442 1575 2508 1621 ⁴⁰
2557 1570 2659 1619 12¹

1590 1636 1772 1701 coegit.
1794 1638 1957 1694 audio,
1978 1644 2029 1685 et
2048 1637 2199 1684 fateor
2230 1636 2320 1684 Ph.
2342 1634 2399 1691 ii,
2424 1640 2469 1685 1.
2496 1640 2531 1685 θ
2582 1635 2656 1683 Ex

1592 1700 1835 1749 Perinthia
1855 1702 2027 1749 fatetur
2042 1701 2331 1749 transtulisse
2363 1700 2427 1749 A.
2448 1700 2575 1749 Prol.
2594 1703 2657 1749 14

1592 1765 1753 1814 Homo
1774 1782 1825 1815 se
1842 1767 2017 1821 fatetur
2038 1766 2102 1823 vi,
2135 1765 2187 1811 iu
2205 1765 2299 1819 via,
2332 1764 2492 1813 nescio
2514 1779 2657 1827 quam

1591 1831 1923 1894 compressisse
1976 1830 2071 1879 He.
2110 1847 2159 1885 v,
2190 1833 2241 1879 8.
2278 1833 2344 1878 80
2394 1829 2655 1877 Praeaertiru

1591 1909 1701 1943 cnm
1723 1910 1773 1943 se
1796 1910 1976 1943 servum
1996 1896 2199 1943 fateatur
2226 1902 2357 1942 tuum
2411 1892 2503 1942 Eu.
2537 1908 2586 1949 v,
2606 1897 2653 1943 2.

1590 1962 1657 2008 24
1708 1959 1817 2009 Hoc
1838 1962 1923 2023 qui
1944 1960 2125 2023 nequit,
2147 1958 2349 2007 fateatur
2366 1958 2547 2005 nescire
2568 1958 2657 2003 im-

1593 2021 1755 2085 perare
1777 2024 1933 2077 liberis
1960 2024 2057 2072 Ad.
2078 2022 2113 2079 i,
2137 2028 2182 2072 1.
2206 2028 2271 2072 52
2302 2022 2423 2069 Tum
2445 2021 2487 2068 ai
2509 2021 2655 2069 maxi-

1591 2101 1669 2135 me
1700 2089 1917 2144 fateatur,
1945 2104 2051 2136 curn
2080 2093 2207 2135 amet
2228 2087 2367 2133 aliam
2401 2084 2500 2133 Ad.
2520 2086 2593 2141 iii.
2608 2088 2659 2135 2.

1589 2153 1656 2199 48
1712 2151 1825 2200 Non
1860 2160 2013 2216 potest
2046 2151 2149 2199 sine
2182 2152 2305 2199 malo
2338 2150 2491 2206 fateri,
2513 2149 2655 2197 video

1591 2214 1684 2264 Eu.
1708 2216 1773 2272 iv,
1795 2220 1846 2266 4.
1866 2221 1931 2267 47

1654 2279 1850 2337 Fatuus,
1870 2297 1919 2337 a,
1948 2296 2046 2328 um.
2110 2278 2287 2328 Fatuus
2316 2286 2407 2333 cst,
2434 2277 2658 2332 insulsus,

1590 2344 1751 2392 tardus
1784 2344 1877 2395 Eu.
1911 2361 1960 2401 v,
1981 2348 2031 2393 9.
2052 2348 2119 2394 49
2168 2344 2335 2401 Quid?
2366 2342 2484 2406 quid
2519 2343 2655 2391 tum?

1591 2408 1721 2455 fatue
1754 2409 1847 2454 Eu.
1870 2410 1939 2465 iii,
1964 2416 2013 2459 5.
2036 2413 2101 2459 56

1658 2469 1855 2522 Fauces.
1922 2472 2132 2530 Crucior,
2155 2471 2315 2520 bolum
2338 2478 2521 2520 tautum
2538 2470 2657 2520 mihi

1589 2544 1803 2599 ereptum
1826 2546 1921 2584 tam
1942 2539 2098 2584 subito
2120 2554 2149 2584 e
2170 2535 2385 2583 faucibus
2426 2535 2553 2582 Hea-
2588 2534 2657 2591 iv,

1655 2663 1827 2714 Faveo.
1893 2664 1972 2712 Illi
1993 2664 2129 2712 faveo
2150 2661 2319 2725 virgini
2354 2662 2444 2712 Eu.
2480 2679 2528 2719 v,
2552 2668 2600 2713 8.
2623 2668 2655 2713 7

1590 2727 1784 2788 Favete,
1804 2729 1967 2776 adeste
1988 2743 2125 2790 equo
2148 2728 2304 2774 animo
2349 2726 2411 2778 A.
2439 2728 2568 2780 Prol.
2589 2732 2655 2778 24

1658 2791 1852 2840 Favilla.
1920 2792 2015 2846 Ibi.
2037 2791 2209 2838 favillae
2232 2791 2393 2852 plena,
2424 2790 2562 2847 fumi,
2600 2807 2657 2842 ac

1591 2855 1800 2918 pollinis,
1822 2856 2073 2918 coquendo
2096 2855 2159 2902 sit
2190 2855 2317 2911 faxo,
2350 2863 2401 2902 et
2432 2855 2655 2904 molendo

1589 2919 1687 2968 Ad.
1710 2937 1759 2975 v,
1777 2923 1826 2970 8.
1844 2925 1911 2968 00

1656 2984 1873 3032 Faustus.
1938 2983 1983 3030 O
2018 2984 2221 3030 faustum
2250 2989 2301 3028 et
2319 2982 2507 3031 felicem
2528 2985 2655 3034 hunc

1589 3048 1717 3096 diem
1739 3048 1750 3094 ἒ
1787 3047 1852 3096 A.
1874 3065 1922 3108 v,
1937 3053 1987 3097 4.
2006 3052 2069 3096 58

1654 3113 1861 3161 Fannia.
1928 3111 2004 3160 Ita
2026 3118 2195 3158 nostrae
2229 3117 2301 3158 est
2330 3111 2462 3159 omni
2485 3112 2654 3162 fautrix

1588 3177 1781 3225 familiar
1814 3177 1907 3225 Eu.
1930 3193 1978 3234 v,
1998 3180 2050 3226 9.
2072 3180 2139 3226 22
2189 3175 2369 3233 Facite,
2407 3183 2463 3224 ut
2501 3185 2655 3226 vostra

1588 3242 1839 3290 auctoritas
1862 3257 1977 3289 meae
2010 3239 2281 3289 auctoritati
2313 3239 2483 3290 fautrix
2516 3241 2654 3306 adju-

1591 3307 1773 3418 trizgue
1796 3306 1985 3418 aitFHe.
2006 3304 2348 3417 AltaP÷01340

1694 3387 1833 3428 anm,
1896 3386 2013 3418 axo:
2040 3385 2087 3417 vi
2122 3386 2151 3417 e
2208 3384 2316 3417 acio

1655 3433 1833 3483 Febris.
1895 3435 2027 3492 Quid
2052 3433 2202 3482 morbi
2222 3435 2331 3481 est?
2364 3434 2451 3485 Pa.
2475 3434 2653 3484 Febris.

1587 3501 1669 3548 So.
1693 3499 2018 3556 Quotidiana?
2066 3500 2151 3547 Pa.
2170 3498 2245 3546 Ita
2280 3498 2417 3546 aiunt
2448 3499 2544 3551 He.
2583 3502 2656 3559 iii,

1655 3627 1889 3676 Felicitas.
1955 3626 2061 3676 Nec
2103 3642 2373 3692 quenquam
2414 3643 2519 3675 esse
2562 3645 2652 3692 ego

1588 3693 1825 3742 homiuem
1848 3692 2058 3749 arbitror,
2094 3693 2171 3740 cui
2201 3692 2351 3754 magis
2382 3691 2521 3738 boum
2552 3693 2659 3742 feli·

1589 3759 1757 3808 citates
1776 3758 1983 3805 adversa
2006 3756 2129 3804 sient
2162 3756 2253 3803 Eu.
2274 3756 2333 3813 ii,
2356 3759 2405 3804 8.
2426 3761 2491 3805 88

1656 3823 1805 3871 Felix.
1872 3821 1917 3868 Ο
1959 3821 2167 3868 faustum
2208 3827 2259 3868 et
2297 3820 2485 3868 felicem
2527 3820 2653 3870 hunc

1588 3888 1717 3936 diem
1736 3889 1747 3934 l
1783 3887 1847 3938 A.
1869 3901 1919 3946 v,
1940 3889 1992 3936 4.
2014 3887 2079 3934 58
2112 3884 2159 3933 Ο
2180 3883 2419 3932 hominem
2441 3884 2655 3932 felicem!

1589 3952 1713 4002 Hea.
1732 3952 1785 4014 ii,
1805 3955 1853 4001 8.
1878 3954 1975 4000 189

1654 4017 1893 4064 Fenestra.
1936 4013 2055 4076 Hui,
2074 4020 2295 4078 quautam
2318 4013 2567 4061 fenestram
2590 4014 2654 4062 ad

1586 4097 1649 4132 ne
1684 4082 1845 4129 uitiam
1870 4077 2175 4143 patefeceris!
2212 4076 2337 4128 Hea.
2360 4077 2430 4138 iii,
2456 4083 2501 4128 1.
2522 4083 2587 4128 72

1597 4173 1605 4180 ·
1650 4097 1784 4195 Fere.
1816 4143 2165 4192 Fereindiebus
2174 4142 2356 4205 paucis,
2367 4143 2655 4204 quibustuae

1585 4220 1691 4259 a'cta
1712 4219 1825 4258 sunt
1854 4209 1918 4258 A.
1953 4207 1986 4263 i,
2014 4213 2062 4257 1.
2084 4211 2145 4256 77
2194 4206 2319 4255 Nam
2342 4208 2439 4256 fere
2464 4209 2651 4272 grandi-

453 4272 542 4320 fert
562 4275 850 4325 familiariter
877 4276 942 4324 A.
966 4275 1001 4331 i,
1023 4280 1066 4324 1.
1083 4279 1146 4325 84
1180 4273 1373 4338 Rejecit
1393 4277 1508 4324 sein
1582 4274 1746 4324 uscula
1769 4274 1871 4337 jam
1912 4272 2121 4335 profecta
2152 4280 2225 4318 est
2255 4271 2389 4319 illinc
2420 4271 2488 4325 A.
2510 4273 2573 4330 iv,
2598 4279 2649 4323 5.

453 4351 580 4396 eum,
623 4340 762 4399 fieris,
790 4355 932 4404 quam
969 4339 1257 4390 familiariter
1304 4339 1368 4390 A.
1402 4340 1435 4398 i,
1461 4346 1508 4393 1.

1585 4345 1649 4390 19
1696 4339 1806 4388 Nec
1826 4339 1892 4388 rei
1915 4339 2009 4387 fere
2032 4353 2145 4388 saue
2168 4337 2369 4400 amplius
2395 4339 2651 4402 quicquam
