3192 4975
607 419 770 485 clxx

606 586 698 635 Ph.
722 600 768 639 v,
794 587 838 632 1.
863 586 928 631 38
975 580 1096 629 Eum
1129 597 1258 631 nune
1279 597 1384 632 esse
1403 582 1530 633 intas
1549 599 1659 633 cum

599 650 691 698 illis
741 648 833 695 Ph.
851 665 898 703 v,
921 651 969 695 6.
991 652 1058 697 26
1103 648 1191 695 Me
1223 647 1413 697 censen'
1449 650 1658 712 potuisse

599 713 860 775 intelligere
881 718 1012 761 extra
1032 712 1222 769 ostium,
1257 712 1386 759 intus
1409 728 1514 777 quas
1536 715 1659 763 inter

734 778 744 788 .
808 778 818 788 .
953 776 965 787 .
1039 777 1056 805 ,

601 783 1084 958 :ezssfffioegeffltlbr
1093 777 1322 905 lilepgirg·
1342 780 1514 890 ioifl’asit
1558 842 1656 891 He.

600 924 670 963 ιιι,
729 940 741 953 .

664 969 880 1017 Invenio.
946 970 1043 1019 Ubi
1065 978 1112 1017 te
1149 986 1246 1017 non
1269 970 1460 1019 invenio
1514 970 1581 1020 A.
1604 971 1657 1027 ii,

598 1042 655 1085 2.
677 1041 736 1085 19
767 1032 970 1083 Fratrem
989 1050 1220 1098 nusquam
1241 1036 1430 1083 invenio
1447 1036 1657 1099 gentium

598 1100 698 1147 Ad.
719 1100 785 1157 iv,
807 1105 855 1150 2.
883 1104 906 1149 1
942 1098 1113 1163 Neque
1129 1101 1366 1162 quomodo
1381 1115 1411 1147 a
1431 1116 1505 1147 me
1521 1101 1659 1148 amit-

600 1172 714 1227 tam,
736 1164 925 1211 invenio
975 1164 1064 1211 Ph.
1088 1164 1158 1219 iii,
1179 1168 1229 1213 2.
1250 1168 1316 1214 22
1372 1164 1502 1221 Quid
1528 1180 1657 1213 nunc

597 1230 850 1292 suspicare,
871 1235 954 1276 aut
975 1228 1155 1277 invenis
1172 1229 1234 1275 de
1248 1227 1358 1275 illa?
1379 1228 1506 1276 Hea.
1521 1228 1586 1287 iv,
1608 1234 1654 1279 l.

598 1297 664 1342 44
710 1294 850 1341 Hanc
872 1293 1048 1356 primus
1067 1292 1228 1341 inveni
1249 1293 1372 1340 viam
1421 1292 1512 1340 Eu.
1535 1294 1586 1353 ii,
1606 1299 1661 1343 2.

601 1362 665 1407 16
713 1358 839 1421 Hoc·
857 1374 948 1422 ego
987 1358 1094 1405 mali
1138 1372 1235 1404 non
1273 1358 1456 1419 pridem
1497 1358 1658 1406 inveni

597 1420 721 1469 Hea.
743 1422 796 1483 ii,
822 1427 867 1471 l.
895 1426 951 1471 17
1007 1422 1084 1469 De
1101 1422 1289 1469 fallacia
1308 1422 1461 1470 dicis?
1485 1429 1528 1468 st
1550 1424 1560 1468 Ι
1579 1424 1656 1469 in-

601 1487 706 1534 veni
729 1502 880 1549 nuper
899 1487 1135 1550 quandam
1169 1486 1291 1535 Hea.
1313 1485 1382 1541 iii,
1406 1490 1454 1533 3.
1477 1491 1542 1535 36
1573 1487 1656 1533 In-

595 1551 724 1607 veni,
747 1552 931 1613 opinor,
969 1551 1224 1598 remedium
1247 1552 1356 1598 huie
1375 1550 1442 1598 rei
1474 1550 1566 1599 Ph.
1591 1553 1656 1608 iv,

595 1619 644 1664 3.
671 1620 729 1664 11
783 1616 989 1664 Gnatam
1030 1616 1190 1663 inveni
1209 1622 1408 1677 nuptam
1440 1631 1546 1662 cum
1573 1623 1655 1664 tuo

599 1679 698 1727 filio
732 1680 823 1728 Ph.
849 1695 896 1739 v,
917 1684 964 1729 3.
987 1684 1051 1728 34
1102 1679 1332 1727 Invenisti
1349 1680 1492 1728 hodie
1513 1680 1655 1729 filiam

597 1743 722 1792 Hea.
743 1744 810 1801 iv,
833 1748 881 1792 8.
906 1752 936 1793 5
983 1743 1212 1791 Mulieres
1251 1752 1492 1806 suspectas
1513 1744 1657 1793 fuisse

596 1806 718 1854 falso
739 1808 894 1864 nobis,
915 1808 968 1855 in
1003 1824 1052 1855 re
1075 1808 1178 1871 ipsa
1195 1809 1461 1855 invenimus
1495 1808 1586 1857 He.
1610 1826 1656 1867 v,

597 1877 648 1921 2.
678 1876 732 1920 12
767 1871 867 1920 Ubi
887 1873 1123 1919 inveniam
1148 1872 1484 1935 Pamphilum?
1517 1872 1586 1921 A.
1605 1875 1656 1932 ii,

596 1940 646 1985 2.
673 1942 694 1984 1
755 1935 898 1992 Quod
919 1938 1177 1984 remedium
1217 1952 1344 1984 nunc
1383 1937 1492 1985 huic
1531 1940 1656 1986 malo

595 2000 868 2048 inveniam?
919 2000 982 2048 A.
1007 2000 1078 2057 iii,
1104 2005 1150 2049 1.
1175 2006 1238 2050 10
1293 2001 1388 2049 Ubi
1411 2018 1499 2063 ego
1523 2001 1657 2050 illum

594 2066 863 2113 inveniam?
919 2064 1010 2113 Eu.
1033 2066 1097 2126 iv,
1119 2070 1166 2114 3.
1208 2070 1233 2115 1
1289 2065 1536 2113 Inveniam
1573 2067 1656 2131 pol

592 2130 754 2187 hodie,
777 2145 936 2193 parem
959 2130 1039 2177 ubi
1056 2130 1249 2177 referam
1267 2132 1461 2193 gratiam
1485 2131 1577 2179 Eu.
1591 2132 1657 2189 iv,

595 2200 643 2244 4.
667 2200 730 2243 52
779 2194 922 2251 Quod
946 2194 1014 2242 illi
1038 2204 1282 2258 argentum
1304 2211 1355 2243 es
1401 2195 1659 2257 pollicitus,

594 2260 760 2306 eadem
782 2260 872 2305 hac
906 2260 1143 2306 inveniam
1168 2259 1249 2321 via¹
1301 2259 1426 2306 Hea.
1449 2260 1502 2320 ii,
1521 2264 1568 2307 3.
1593 2265 1657 2309 88

594 2320 738 2377 Quod
750 2322 853 2383 ejus
865 2323 1119 2381 remedium
1130 2322 1366 2371 inveniam
1376 2323 1658 2371 iracundiae?

593 2384 686 2433 Ph.
710 2386 743 2440 i,
767 2392 815 2435 4.
840 2391 870 2434 8
905 2386 1049 2441 Quod
1066 2386 1176 2433 huic
1193 2401 1318 2433 nunc
1337 2388 1492 2435 subito
1514 2389 1658 2435 exitio

599 2448 856 2498 remedium
877 2450 1116 2497 inveniam
1153 2449 1320 2498 miser!
1356 2450 1446 2498 Ph.
1468 2450 1570 2511 i,4.
1592 2456 1657 2502 23

595 2514 738 2563 Unde
757 2529 844 2576 ego
865 2528 990 2562 nunc
1007 2521 1102 2561 tam
1117 2514 1274 2561 subito
1288 2515 1398 2564 huic
1416 2523 1659 2578 argentum

591 2578 830 2626 inveniam
849 2577 1017 2626 miser?
1051 2579 1140 2627 Ph.
1159 2578 1230 2634 iii,
1248 2583 1296 2627 3.
1320 2584 1345 2627 1
1372 2579 1525 2636 Quem
1543 2581 1660 2629 mihi

593 2635 792 2690 amicum
805 2642 1036 2690 inveniam
1051 2644 1216 2690 misera
1232 2643 1243 2690 l
1266 2644 1354 2692 Ph.
1377 2660 1423 2701 v,
1445 2650 1490 2696 1.
1508 2649 1532 2693 1
1548 2645 1658 2694 Tibi

592 2723 814 2770 generum
848 2708 1047 2764 firmum,
1070 2717 1118 2756 et
1139 2707 1250 2754 filiae
1277 2709 1488 2756 invenies
1510 2710 1657 2758 virum

592 2771 658 2820 A.
711 2772 783 2829 iii,
817 2777 864 2822 3.
901 2776 965 2820 39
1035 2771 1086 2820 Si
1131 2773 1384 2836 quicquam
1434 2773 1649 2823 invenies

593 2853 670 2884 me
724 2837 988 2899 mentitum,
1040 2836 1251 2886 occidito
1304 2837 1372 2886 A.
1416 2854 1464 2896 v,
1507 2843 1557 2887 2.
1590 2843 1656 2890 22

597 2899 820 2949 Inveniet
851 2902 1041 2964 inopem
1075 2901 1252 2964 potius,
1283 2915 1425 2964 quam
1472 2910 1520 2950 te
1551 2919 1654 2952 eor-

593 2966 750 3030 rumpi
774 2966 900 3013 sinat
929 2965 992 3015 A.
1013 2965 1066 3026 ii,
1086 2969 1136 3014 3.
1174 2970 1238 3015 22
1271 2965 1469 3030 Aliquid
1492 2967 1653 3016 inveni

590 3032 735 3077 modo
757 3031 886 3094 quod
929 3045 1055 3077 ames
1102 3030 1194 3078 Eu.
1212 3028 1266 3092 ii,
1287 3034 1334 3080 3.
1363 3035 1424 3080 16
1476 3030 1653 3088 Facite,

593 3094 778 3157 fingite,
800 3094 1026 3155 invenite,
1059 3093 1246 3150 efficite,
1280 3094 1362 3157 qui
1395 3097 1533 3144 detur
1564 3097 1655 3145 tibi

590 3157 654 3208 A.
677 3157 733 3220 ii,
752 3163 798 3207 1.
821 3163 882 3208 34
932 3159 1104 3222 Neque
1122 3160 1252 3221 quod
1273 3159 1555 3222 principium
1577 3163 1652 3210 in-

587 3225 776 3271 veniam
799 3223 862 3270 ad
892 3222 1196 3286 placandum,
1233 3224 1330 3270 scio
1375 3222 1496 3272 Hea.
1523 3241 1572 3287 v,
1602 3231 1655 3277 4.

587 3291 650 3334 21
703 3287 780 3334 Ita
798 3287 1020 3334 facillime
1043 3287 1143 3334 sine
1163 3287 1344 3334 invidia
1367 3287 1554 3336 laudem
1577 3290 1649 3336 in·

588 3351 748 3401 venias
781 3350 846 3398 A.
868 3350 904 3406 i,
931 3355 976 3399 1.
999 3355 1064 3400 39
1113 3350 1325 3400 Fidelem
1357 3353 1484 3401 haud
1506 3352 1651 3402 ferme

588 3413 771 3462 mulieri
793 3413 1005 3462 invenias
1027 3415 1176 3467 virum
1230 3415 1294 3465 A.
1315 3415 1386 3473 iii,
1409 3421 1460 3466 1.
1482 3421 1514 3466 2
1562 3418 1648 3466 In-

587 3479 748 3526 venias
787 3486 1047 3541 argentum.
1101 3479 1196 3529 Ge.
1239 3481 1396 3543 Cupio
1413 3499 1428 3529 =
1479 3482 1562 3530 sed
1597 3483 1650 3530 id

583 3545 730 3600 unde,
753 3544 904 3592 edoce
938 3544 1028 3591 Ph.
1048 3542 1118 3600 iii,
1139 3549 1188 3593 3.
1213 3548 1243 3593 7
1279 3545 1414 3593 Idem
1438 3546 1530 3594 hoc
1547 3553 1650 3595 tute

583 3607 752 3655 melius
774 3615 952 3671 quanto
975 3609 1260 3658 invenisses!
1298 3609 1391 3658 Eu.
1411 3609 1486 3671 iii,
1511 3617 1557 3660 1.
1581 3615 1646 3660 63

582 3671 706 3735 Ego,
729 3674 859 3736 quod
881 3688 956 3721 me
977 3673 1027 3721 in
1064 3680 1111 3722 te
1149 3673 1211 3721 sit
1245 3674 1400 3722 facere
1432 3675 1649 3738 dignum,

581 3735 805 3785 invenero
861 3737 982 3786 Hea.
1007 3738 1040 3795 i,
1069 3742 1114 3787 1.
1133 3743 1199 3787 56
1269 3739 1414 3795 Quod
1453 3739 1519 3786 ita
1539 3756 1648 3788 cum

581 3815 682 3850 esse
703 3802 926 3850 invenero
977 3801 1074 3851 He.
1097 3801 1170 3858 iii,
1189 3807 1237 3851 l.
1257 3807 1322 3852 20
1367 3803 1566 3852 Dictum
1589 3818 1649 3852 ac

580 3864 759 3914 factum
784 3865 1018 3915 invenerit
1039 3866 1245 3930 aliquam
1263 3883 1450 3915 causam
1498 3867 1566 3917 A.
1589 3867 1646 3925 ii,

579 3934 628 3978 3.
651 3935 681 3980 7
739 3930 809 3979 Ut
841 3947 1010 3988 serves,
1045 3931 1176 3995 quod
1208 3931 1365 3978 labore
1416 3931 1647 3980 invenerit

577 3993 704 4045 Hea.
729 4012 776 4058 v,
797 3999 848 4044 4.
875 3999 934 4045 17
969 3995 1166 4044 Utinam
1189 4003 1284 4042 tam
1306 3996 1488 4058 aliquid
1511 3996 1643 4045 inve-

579 4059 678 4106 nire
699 4058 839 4108 facile
862 4061 1028 4123 possis,
1065 4059 1310 4108 Phaedria!
1347 4060 1440 4109 Eu.
1467 4061 1522 4123 ii,
1542 4066 1588 4109 1.
1610 4065 1645 4111 4

579 4121 784 4198 Nequeo
807 4139 1011 4173 mearum
1034 4140 1183 4172 rerum
1201 4124 1385 4176 initium
1400 4124 1545 4174 ullum
1567 4126 1643 4173 in·

578 4201 737 4235 venire
751 4188 992 4244 idoneum,
1011 4191 1142 4238 unde
1175 4188 1269 4238 He.
1289 4188 1362 4252 iii,
1383 4194 1434 4239 3.
1456 4195 1483 4240 1
1517 4189 1643 4238 Nul-

579 4249 677 4310 lum
713 4251 926 4316 invenire
969 4254 1222 4318 Prologum
1242 4255 1472 4318 potuisset
1491 4269 1643 4303 novus

581 4311 674 4364 Pb.
693 4313 823 4367 Ptol.
845 4322 904 4366 15
957 4317 1086 4368 Istoc
1121 4319 1204 4382 pol
1223 4335 1310 4368 nos
1337 4327 1385 4368 te
1405 4318 1484 4370 hic
1505 4320 1645 4370 inue-

1581 432 1826 483 mnnx

1731 584 1831 631 nire
1852 582 2033 631 miserae
2054 595 2295 646 nunqnam
2330 582 2569 645 potuimus
2627 583 2715 631 Ph.
2734 597 2785 641 v,

1735 654 1779 697 l.
1804 652 1867 697 20
1902 646 2105 695 Ubinam
2127 648 2301 696 Getam
2324 648 2539 695 invenire
2560 662 2749 711 possum
2768 651 2785 695 ?

1734 713 1825 761 Ph.
1848 728 1897 775 V,
1917 717 1965 762 4.
1990 717 2021 761 8
2068 712 2321 760 Hominem
2358 728 2557 775 propero
2579 714 2789 761 invenire

1732 776 1823 825 Ph.
1846 793 1895 838 v,
1916 781 1965 826 6.
1984 782 2015 825 5
2050 776 2325 829 Orationem
2359 785 2515 839 sperat
2552 777 2787 825 invenisse

1730 857 1798 897 se,
1822 841 1907 904 qui
1926 840 2113 890 differat
2135 850 2182 889 te
2236 841 2299 888 A.
2321 842 2369 896 ii,
2392 848 2439 889 4.
2460 845 2492 891 4
2546 842 2791 889 Invenisse

1734 906 2049 969 Myrrhinam,
2080 906 2365 955 Bacchidem
2405 906 2629 953 annulum
2650 922 2787 953 suurn

1731 970 1903 1017 habere
1936 970 2032 1020 He.
2052 988 2099 1032 v,
2118 976 2168 1020 4.
2191 976 2221 1018 5
2274 970 2471 1031 Dicam,
2489 970 2665 1033 aliquid
2683 970 2789 1033 jam

1731 1036 2045 1091 inventurum,
2079 1045 2135 1083 ut
2186 1034 2251 1081 A.
2290 1035 2359 1091 iii,
2394 1041 2442 1083 5.
2476 1040 2509 1082 9
2562 1036 2786 1089 Matrem,

1732 1108 1815 1146 aut
1838 1116 2023 1153 uxorem
2046 1100 2097 1147 in
2118 1100 2259 1163 eulpa
2274 1100 2569 1147 inventurum
2592 1099 2789 1148 arbitror

1731 1164 1910 1221 He.iii,
1929 1170 1977 1213 1.
2000 1169 2063 1214 19
2094 1164 2144 1212 N
2147 1181 2185 1210 ae
2202 1166 2337 1211 istam
2352 1164 2637 1211 multimodis
2658 1172 2788 1211 tuam

1730 1228 1929 1277 inveniri
1964 1230 2149 1291 gaudeo
2202 1228 2268 1276 A.
2308 1245 2356 1285 v,
2392 1235 2443 1279 4.
2472 1233 2539 1278 36
2587 1228 2788 1275 Patruus

1732 1299 1839 1341 tuus
1879 1302 2011 1356 pater
2046 1300 2117 1341 est
2158 1292 2377 1341 inventus
2427 1293 2611 1341 Phanio
2654 1292 2795 1339 uxori

1732 1364 1825 1405 tuae
1858 1358 1949 1405 Ph.
1970 1374 2014 1414 v,
2036 1362 2087 1407 6.
2110 1361 2175 1405 32
2228 1356 2356 1416 Jam,
2380 1358 2463 1403 ubi
2482 1358 2563 1404 ubi
2584 1357 2689 1411 erit,
2712 1357 2786 1403 in-

1731 1430 1921 1469 ventum
1945 1422 2033 1471 tibi
2052 1422 2225 1469 curabo
2258 1421 2320 1484 Α,
2342 1420 2411 1477 ἰν,
2433 1426 2482 1471 2.
2508 1426 2534 1469 1
2580 1420 2787 1476 Domus,

1730 1501 1861 1541 uxor,
1886 1485 2018 1535 liberi
2038 1485 2216 1533 inventi
2240 1484 2389 1532 invito
2412 1494 2543 1548 patre
2577 1484 2641 1532 A.
2664 1502 2713 1541 v,
2734 1490 2788 1534 3.

1728 1554 1795 1598 20
1839 1551 2050 1599 Tandem
2072 1551 2262 1597 inventa
2282 1559 2355 1597 est
2376 1565 2517 1597 causa
2564 1548 2625 1600 A.
2647 1549 2716 1607 iv,
2740 1555 2789 1598 1.

1731 1619 1795 1664 19
1843 1614 1991 1679 Atqui
2016 1616 2081 1664 sic
2106 1614 2298 1662 inventa
2329 1620 2403 1661 est
2447 1614 2541 1662 Eu.
2565 1630 2613 1669 v,
2632 1620 2681 1661 5.
2706 1618 2787 1664 11.

1730 1679 1947 1728 Modone
1968 1696 2074 1743 quae
2115 1680 2305 1727 inventa
2338 1680 2447 1727 est?
2500 1677 2620 1725 Hea-
2642 1676 2713 1741 it,
2735 1684 2785 1725 ὅ.

1728 1747 1795 1791 26
1827 1744 1947 1791 Filia
1968 1750 2217 1808 postquam
2248 1750 2323 1790 est
2345 1743 2537 1790 inventa
2572 1757 2695 1797 vera,
2720 1743 2791 1789 in·

1729 1818 1871 1855 venta
1884 1817 1955 1855 est
1975 1824 2131 1858 eausa.
2152 1823 2247 1869 qua
2264 1816 2311 1855 te
2330 1807 2620 1870 expellerent
2665 1806 2790 1855 Hea-

1730 1887 1775 1927 v,
1793 1877 1843 1921 2.
1860 1878 1926 1921 36
1939 1872 2083 1929 Quod
2102 1873 2280 1919 filiaest
2296 1872 2515 1919 inventa?
2540 1871 2722 1928 Heaa,
2738 1874 2789 1921 3.

1730 1939 1793 1985 16
1816 1936 2013 1985 Inventa
2030 1944 2121 1994 est,
2136 1950 2241 2000 quae
2264 1938 2423 1984 dotem
2448 1943 2579 1999 petat
2609 1935 2699 1982 Pb.
2720 1935 2792 1996 iv,

1728 2004 1777 2050 3.
1799 2004 1864 2049 42
1910 2001 2011 2049 Scis
2031 1999 2326 2064 Pamphilam
2368 2016 2519 2049 meam
2549 2000 2789 2047 inventam

1730 2064 1915 2113 civem?
1950 2066 2044 2115 Eu.
2066 2082 2116 2124 v,
2138 2071 2187 2115 9.
2202 2070 2237 2114 6
2255 2064 2407 2112 Tuam
2427 2081 2529 2113 esse
2549 2065 2787 2111 inventam

1731 2138 1921 2191 gnatam
1972 2130 2097 2179 Hea.
2119 2147 2165 2185 v.
2189 2135 2237 2178 l.
2255 2134 2285 2179 7
2335 2130 2460 2193 Age,
2496 2144 2603 2191 age,
2624 2130 2788 2176 inven-

1732 2202 1803 2241 tas
1840 2195 2044 2259 (minas)
2074 2196 2268 2243 reddam
2315 2194 2408 2243 Ph.
2434 2193 2571 2250 iii,3.
2592 2198 2657 2243 26
2704 2192 2787 2241 In-

1730 2268 1923 2307 ventum
1946 2267 2019 2307 est
2039 2259 2204 2307 falsum
2251 2260 2314 2306 A.
2335 2260 2405 2313 iii,
2430 2263 2477 2309 2.
2498 2262 2561 2307 33
2604 2256 2789 2319 Argen-

1733 2329 1832 2369 tum
1855 2324 2095 2371 inventum
2116 2335 2189 2372 est
2210 2323 2439 2371 Phaedriae
2474 2323 2563 2370 Ph.
2584 2338 2635 2382 v,
2653 2326 2701 2371 2.
2726 2324 2789 2370 13

1732 2386 1803 2433 At
1815 2386 1915 2449 jam
1938 2388 2029 2435 hoc
2050 2389 2397 2438 tibiinventum
2415 2387 2539 2435 dabo
2572 2386 2637 2433 A.
2656 2385 2720 2442 iv,
2740 2391 2787 2436 l.

1732 2454 1797 2500 60
1850 2452 2027 2500 Labore
2049 2450 2243 2502 inventa
2264 2468 2366 2501 mea
2403 2451 2481 2502 cui
2522 2452 2629 2500 dem
2666 2451 2791 2500 bona

1734 2515 1857 2564 Hea.
1876 2517 1945 2574 iv,
1967 2521 2018 2566 7.
2045 2521 2105 2567 13
2158 2517 2290 2567 Mihi
2326 2533 2453 2566 nime
2478 2517 2789 2565 inveniendus

1731 2587 1804 2626 est
1823 2581 1995 2644 aliquis
2025 2581 2147 2630 Hea.
2168 2585 2235 2641 iv,
2255 2588 2305 2633 7.
2328 2586 2387 2631 12
2435 2581 2527 2629 His
2549 2582 2685 2630 rebus
2704 2595 2788 2627 an-

1732 2644 1870 2692 nulus
1890 2645 1983 2695 fuit
2004 2647 2191 2694 initium
2212 2646 2511 2696 inveniundis
2554 2645 2647 2695 He.
2670 2660 2717 2702 v,
2738 2649 2788 2692 3.

1730 2713 1793 2758 23
1842 2710 2189 2759 Inveniendum
2238 2721 2311 2760 est
2353 2720 2511 2760 tamen
2541 2718 2789 2774 argentum

1729 2773 1852 2824 Hea.
1875 2775 1942 2830 iii,
1966 2781 2014 2825 2.
2034 2781 2057 2824 1

1794 2838 2035 2888 Inventor.
2067 2838 2337 2888 Inventum.
2404 2838 2449 2887 Ο
2472 2853 2677 2887 mearum
2700 2853 2785 2885 vo-

1728 2901 1959 2965 luptatum
2004 2904 2213 2952 omnium
2268 2905 2502 2960 inventor,
2554 2902 2663 2952 ince
2698 2910 2790 2962 tor,

1728 2968 1986 3028 perfector!
2023 2969 2119 3017 Eu.
2142 2986 2192 3030 v,
2210 2974 2261 3018 9.
2284 2975 2313 3018 5
2358 2969 2429 3017 Ut
2448 2975 2497 3017 te
2517 2968 2622 3024 Dii,
2694 2981 2787 3014 οω-

1728 3047 1819 3094 que
1844 3048 1950 3080 cum
1974 3041 2055 3080 tuo
2080 3035 2199 3082 istoc
2231 3034 2444 3094 invento,
2478 3048 2681 3098 cumque
2713 3031 2788 3078 in-

1725 3103 1866 3158 cepto
1890 3097 2139 3160 perduint!
2176 3097 2302 3144 Hea.
2321 3097 2386 3153 iv,
2408 3103 2458 3146 6.
2478 3101 2511 3147 7

1789 3160 2091 3208 Invenustus.
2154 3159 2343 3208 Adeon’
2398 3162 2640 3208 hominem
2683 3173 2787 3208 esse

1723 3224 2041 3283 invenustum,
2060 3232 2145 3272 aut
2162 3224 2402 3274 infelicem
2420 3239 2711 3290 quenquam,
2734 3231 2791 3271 ut

1723 3303 1813 3351 ego
1834 3289 1965 3336 sum!
2001 3288 2067 3336 A.
2091 3289 2128 3351 i,
2154 3295 2204 3338 ὅ.
2226 3294 2289 3338 10

1786 3351 2022 3411 Inversus,
2037 3369 2081 3410 a,
2098 3369 2196 3402 um.
2216 3353 2409 3402 Inversa
2428 3355 2587 3412 verba,
2605 3367 2789 3402 eversas

1722 3417 1925 3466 cervices
1948 3426 2069 3480 tuas,
2088 3419 2273 3468 abstine
2306 3419 2435 3469 Hea.
2452 3421 2506 3475 ii,
2528 3425 2576 3469 3.
2602 3423 2695 3467 131

1787 3481 2047 3548 Investigo.
2104 3484 2199 3533 Ubi
2233 3485 2476 3547 queram?
2512 3483 2594 3531 ubi
2626 3481 2785 3529 inves-

1722 3545 1908 3610 tigem?
1951 3563 2091 3612 quem
2134 3550 2415 3612 perconter?
2469 3547 2561 3595 Eu.
2607 3545 2658 3602 ii,
2680 3550 2729 3594 3.
2750 3549 2786 3594 2

1720 3609 1895 3674 Neque
1916 3612 1997 3660 ille
2018 3613 2325 3674 investigatur
2356 3611 2448 3660 Pb.
2483 3627 2533 3668 v,
2556 3616 2605 3661 1.
2627 3615 2661 3660 9
2692 3609 2786 3657 Ni·

1720 3676 1787 3723 hil
1812 3683 1907 3724 tam
1927 3676 2119 3724 difficile
2150 3683 2241 3731 est,
2273 3672 2392 3740 quin
2420 3675 2678 3740 qum-endo
2709 3674 2787 3722 in-

1718 3740 1936 3803 vestigari
1951 3741 2130 3803 possiet
2159 3739 2293 3789 Hea.
2306 3741 2381 3798 iv,
2395 3745 2445 3790 2.
2470 3745 2503 3791 8

1784 3803 2097 3853 Invetemsco.
2152 3804 2203 3852 N
2206 3819 2324 3853 ovas-
2384 3806 2430 3854 ui
2466 3813 2655 3855 exactas
2686 3802 2783 3852 feci

1718 3875 1773 3916 ut
1793 3868 2185 3918 inveterascercnt
2204 3869 2301 3920 He.
2391 3879 2427 3920 t.
2448 3871 2578 3920 Prol.
2599 3877 2633 3920 4

1780 3931 2001 3982 Invideo.
2066 3933 2287 3983 Invidere
2308 3951 2471 3984 omnes
2506 3935 2643 3984 mibi.
2704 3928 2785 3978 Illi

1718 3996 1931 4046 invidere
1952 3998 2121 4046 misere
2156 3999 2249 4048 Eu.
2271 3999 2346 4062 iii,
2371 4006 2418 4049 1.
2442 4005 2524 4050 20.
2546 4004 2610 4049 22

1782 4062 1990 4112 Invidia.
2046 4063 2143 4120 Qui
2178 4079 2304 4128 saepe
2338 4071 2526 4128 propter
2557 4061 2785 4110 invidiam

1715 4127 1930 4175 adimunt
1972 4127 2109 4176 diviti
2141 4129 2231 4177 Ph.
2277 4130 2329 4185 ii,
2357 4135 2401 4179 Ι.
2424 4133 2490 4179 46
2531 4127 2609 4174 Ita
2644 4124 2785 4173 facil·

1715 4191 1842 4240 lume
1862 4191 1965 4240 sine
1986 4194 2164 4242 invidia
2184 4195 2371 4242 laudem
2405 4191 2619 4240 invenias
2650 4190 2719 4238 A.
2738 4189 2783 4246 i,

1783 4319 1999 4370 Invidus.
2062 4321 2134 4371 At
2163 4321 2277 4369 istos
2320 4319 2504 4368 invidos
2545 4318 2619 4372 Di
2670 4331 2781 4382 pcr-
