3192 4975
585 395 781 466 lxxiv

588 558 1204 676 iurgatuggdadoletscentuli·
1232 564 1423 606 tractare
1454 557 1578 606 Hea.
1601 559 1644 633 i,

622 658 637 675 .
896 639 989 686 gna
1010 639 1086 670 um
1126 638 1333 684 unicum,
1355 638 1495 684 quem
1517 637 1638 685 pan-

587 699 659 739 ter
681 689 751 736 uti
770 689 845 736 his
866 688 1029 736 decuit
1060 687 1184 736 Hea.
1204 687 1241 741 i,
1267 691 1311 736 1.
1334 691 1397 736 80
1431 686 1546 744 Ubi,
1558 687 1640 734 cui

591 752 753 801 decuit
774 753 940 816 primo,
962 751 1049 798 tibi
1087 767 1185 798 non
1203 751 1339 800 licuit
1358 767 1440 814 per
1458 760 1505 798 te
1524 750 1640 797 mihi

590 818 701 876 dare
724 816 843 868 Hea.
860 833 913 873 s,
933 821 982 866 2.
1005 819 1066 865 12
1110 815 1300 872 Fecisti,
1332 823 1389 863 ut
1418 816 1643 864 decuerat

591 881 685 929 He.
705 879 773 936 iv,
794 885 846 930 4.
868 885 933 930 66
966 879 1023 927 In
1048 895 1105 927 eo
1128 880 1387 944 disputant,
1408 878 1640 928 contami-

595 943 696 992 nari
716 960 811 992 non
833 946 999 994 decere
1020 945 1201 992 fabulas
1234 942 1298 994 A.
1321 943 1447 992 Prol.
1472 948 1535 993 16

657 1007 861 1057 Decido.
904 1008 1094 1065 Quanta
1114 1010 1176 1056 de
1198 1024 1281 1071 spe
1302 1008 1493 1056 decidi!
1516 1007 1641 1055 Hea.

590 1074 645 1128 ii,
668 1075 717 1121 3.
741 1078 775 1122 9
807 1073 999 1130 Quanta
1020 1087 1103 1135 spe
1124 1072 1311 1120 decidi!
1347 1071 1471 1121 Hea.
1503 1072 1571 1126 iv,
1593 1075 1644 1122 8.

593 1145 650 1190 11
712 1137 902 1200 Anguis
940 1152 1022 1199 per
1056 1137 1332 1200 impluvium
1370 1137 1551 1186 decidit
1581 1136 1646 1183 de

592 1201 765 1268 tegulis
785 1201 878 1250 Ph.
898 1201 966 1258 iv,
986 1205 1035 1250 4.
1056 1205 1121 1250 27

660 1265 903 1315 Decimus.
993 1264 1141 1327 Virgo
1184 1279 1242 1311 ex
1281 1280 1341 1312 eo
1381 1277 1648 1325 compressu

628 1331 791 1382 tavida
803 1329 927 1377 facta
946 1337 1018 1377 est
1038 1345 1049 1376 ι
1073 1329 1245 1378 mensis
1256 1329 1336 1377 hic
1349 1329 1558 1376 decimus
1575 1332 1650 1374 est

643 1398 693 1444 d.
712 1394 783 1449 iii,
805 1397 855 1443 4.
871 1397 936 1443 29

661 1457 883 1521 Decipio.
946 1455 1131 1506 Siccine
1153 1456 1277 1504 hunc
1299 1453 1515 1517 decipis?
1550 1453 1649 1501 Do.

594 1524 747 1572 Immo
770 1522 895 1570 enim
915 1537 1042 1577 vero,
1064 1520 1301 1596 Antipho,
1324 1520 1399 1568 hic
1422 1534 1497 1566 me
1517 1517 1648 1566 deci-

595 1589 671 1652 pit
702 1589 792 1636 Ph.
812 1586 885 1642 iii,
908 1590 958 1634 2.
981 1589 1045 1634 43
1079 1584 1350 1648 Decipiam,
1373 1598 1429 1631 ac
1446 1598 1545 1630 non
1566 1597 1650 1630 ve-

594 1652 724 1699 niam
755 1650 879 1698 Hea.
900 1650 967 1706 iv,
988 1653 1037 1697 4.
1058 1652 1091 1698 6
1135 1648 1277 1705 Quod
1301 1649 1343 1695 si
1361 1649 1403 1696 is
1424 1662 1549 1694 nunc
1574 1661 1649 1694 me

595 1715 837 1778 deceperit
865 1713 986 1761 Hea-
1014 1713 1077 1769 iv,
1100 1718 1152 1765 4.
1174 1717 1204 1762 3
1253 1712 1496 1776 Deceptus
1528 1726 1650 1765 sum,

596 1786 647 1827 at
658 1795 753 1826 non
762 1777 1045 1841 defatigatus
1065 1775 1261 1833 A.iv.1.
1274 1781 1339 1827 46
1363 1777 1560 1838 Propter
1574 1790 1651 1821 me

596 1843 729 1890 illam
746 1842 904 1904 decipi
925 1841 1134 1889 miseram
1152 1841 1299 1887 sinam
1319 1841 1337 1887 ?
1378 1838 1444 1890 A.
1466 1839 1503 1895 i,
1521 1845 1570 1888 5.
1584 1843 1653 1887 36

598 1906 715 1954 Νοιι
748 1914 820 1954 est
857 1919 1057 1969 aequom,
1078 1920 1153 1952 me
1178 1911 1367 1967 propter
1388 1919 1470 1950 vos
1492 1902 1653 1964 decipi

598 1971 692 2020 Ph.
718 1986 762 2025 v,
786 1975 835 2020 7.
858 1973 922 2020 34
971 1968 1048 2016 Ne
1070 1968 1183 2032 quid
1224 1975 1416 2031 propter
1446 1975 1571 2014 tuam
1594 1966 1652 2012 fi-

599 2037 710 2083 dem
730 2036 931 2096 decepta
953 2040 1186 2094 pateretur
1205 2033 1318 2079 mali
1340 2031 1430 2081 Ph.
1451 2031 1526 2087 iii,
1550 2035 1597 2079 1.
1620 2035 1650 2078 5

667 2099 888 2146 Declam.
950 2097 1091 2154 Quae,
1133 2095 1365 2160 cujusque
1408 2095 1650 2158 ingenium

596 2169 653 2210 ut
674 2165 749 2219 sit,
772 2161 980 2210 declarat
1000 2176 1209 2208 maxume
1230 2160 1355 2210 Hea.
1375 2160 1430 2218 ii,
1452 2165 1499 2209 3.
1519 2163 1585 2208 43

664 2226 887 2275 Declino.
972 2225 1145 2287 Neque
1188 2224 1469 2272 declinatam
1514 2223 1649 2286 quic-

601 2306 742 2388 quam
758 2290 839 2398 I1121)
875 2288 1071 2401 alialrugn
1106 2288 1298 2351 ingenio
1335 2287 1481 2335 ullam
1518 2302 1653 2350 repe·

597 2369 688 2402 nas
706 2391 717 2400 .
808 2368 851 2402 e.
874 2367 927 2409 ιι,
983 2385 997 2400 .

664 2416 968 2478 Decrepitus,
1000 2430 1046 2469 a,
1082 2429 1177 2461 um.
1242 2414 1439 2472 Mirum,
1476 2413 1529 2461 ni
1562 2428 1652 2476 ego

600 2497 677 2529 me
698 2481 896 2544 turpiter
914 2479 1056 2528 hodie
1080 2478 1156 2527 hic
1172 2479 1296 2526 dabo
1318 2494 1423 2528 cum
1447 2496 1552 2527 meo
1572 2480 1656 2527 de·

599 2546 782 2608 crepito
826 2546 916 2593 hoc
970 2544 1201 2592 Eunucho
1255 2543 1347 2590 Eu.
1391 2545 1443 2601 ii,
1489 2549 1535 2592 l.
1587 2548 1651 2591 25

600 2610 764 2657 Αιιιιιιι
806 2609 1092 2673 decrepitam
1128 2608 1327 2656 ducam!
1373 2608 1473 2657 Ad.
1516 2624 1564 2665 v,
1602 2612 1654 2655 8.

667 2737 933 2787 Decumbo.
998 2737 1133 2785 Prior
1152 2734 1305 2795 bibas,
1328 2737 1451 2799 prior
1463 2738 1659 2785 decum-

603 2802 689 2851 bas
724 2803 815 2851 Ph.
837 2803 892 2860 ii,
914 2808 964 2852 2.
980 2806 1044 2851 28

667 2866 935 2915 Dedecoro.
1000 2865 1121 2922 Quas
1143 2881 1237 2922 me,
1258 2872 1306 2913 et
1338 2872 1403 2922 te,
1434 2874 1486 2913 et
1519 2864 1658 2913 fami-

603 2931 715 2979 liam
736 2932 993 2979 dedecoras
1024 2930 1120 2978 He.
1142 2930 1196 2985 ii,
1221 2934 1267 2979 1.
1291 2934 1351 2979 13

620 3035 625 3040 .
670 2995 911 3045 Dedecus.
976 2993 1057 3042 An
1080 3010 1137 3041 ea
1158 3009 1348 3056 quoque
1365 2994 1548 3042 dicetur
1568 2993 1656 3040 hu-

597 3058 697 3121 jus,
714 3060 757 3107 si
772 3072 869 3107 una
879 3061 982 3108 haec
996 3058 1218 3107 dedecori
1230 3066 1302 3106 est
1316 3073 1479 3122 parum
1495 3058 1512 3105 ?
1535 3058 1662 3105 Hea.

600 3123 654 3180 ii,
678 3128 724 3171 3.
743 3128 809 3172 93

622 3227 626 3231 .
669 3187 831 3237 Dedo.
891 3186 1018 3241 Tibi,
1040 3192 1189 3247 pater,
1211 3200 1287 3231 me
1308 3186 1432 3232 dedo
1464 3184 1527 3232 A.
1549 3201 1595 3241 v,
1612 3189 1660 3233 3.

601 3254 667 3299 26
701 3249 844 3296 Dedo
865 3249 985 3311 patri
1009 3264 1083 3295 me
1104 3263 1231 3295 nunc
1246 3247 1349 3310 jam
1385 3249 1507 3296 Hea.
1530 3249 1593 3305 iv,
1611 3253 1658 3297 3.

602 3317 635 3361 3
669 3310 882 3359 Ancillas
901 3312 1027 3359 dedo
1059 3310 1153 3360 He.
1189 3329 1235 3368 v,
1273 3316 1322 3360 2.
1359 3316 1390 3361 7
1442 3312 1660 3361 Verberi-

602 3376 691 3421 bus
712 3390 885 3423 caesum
907 3383 971 3430 te,
1010 3374 1165 3431 Dave,
1205 3377 1255 3422 in
1293 3375 1536 3438 pistrinum
1573 3379 1658 3426 de-

602 3438 712 3486 dam
754 3454 905 3503 usque
942 3440 1003 3486 ad
1046 3455 1210 3488 necem
1242 3439 1305 3489 A.
1330 3440 1364 3496 i,
1386 3444 1435 3489 2.
1456 3445 1522 3489 28
1556 3440 1658 3489 Da·-

602 3519 665 3551 vo
686 3520 777 3567 ego
798 3504 919 3553 istuc
940 3504 1111 3552 dedam
1127 3503 1228 3567 jam
1252 3504 1414 3567 negoti
1455 3504 1520 3553 A.
1540 3523 1587 3563 v,
1609 3511 1659 3556 4.

602 3572 669 3617 5⁰
702 3568 902 3630 Egone?
934 3576 987 3617 ut
1006 3568 1174 3616 Thaidi
1196 3585 1269 3617 me
1288 3569 1461 3617 dedam
1496 3571 1589 3621 Eu.
1610 3588 1660 3627 v,

603 3636 655 3683 8.
677 3637 709 3681 2
760 3633 883 3682 Cum
919 3633 1090 3695 quibus
1126 3642 1227 3681 erat
1244 3648 1446 3697 cumque
1466 3652 1576 3692 una,
1600 3636 1662 3683 iis

604 3712 707 3744 sese
729 3698 902 3746 dedere
934 3698 999 3745 A.
1019 3698 1053 3756 i,
1077 3702 1125 3749 1.
1146 3702 1211 3747 36
1259 3697 1505 3747 Habebam
1542 3700 1658 3748 alibi

603 3762 811 3809 animum
833 3764 979 3809 amori
1010 3762 1224 3809 deditum
1257 3762 1351 3811 He.
1386 3762 1461 3823 iii,
1502 3769 1549 3813 1.
1593 3768 1656 3813 14

602 3824 763 3873 Mater
794 3834 844 3873 et
879 3835 1025 3887 pater,
1048 3827 1182 3889 quasi
1204 3827 1365 3874 dedita
1386 3843 1545 3890 opera,
1568 3829 1656 3875 do-

603 3891 668 3937 mi
689 3898 822 3937 erant
854 3891 944 3941 Eu.
967 3907 1015 3947 v,
1035 3894 1082 3939 2.
1105 3896 1137 3940 2

670 3953 891 4003 Deduco.
912 3954 929 3971 ‘
980 3954 1183 4002 Uxorem
1228 3954 1422 4003 deducit
1463 3955 1653 4003 domum

607 4016 701 4067 He.
725 4020 759 4074 i,
782 4024 831 4068 2.
848 4024 912 4067 60
947 4018 1207 4066 Deducunt
1226 4017 1381 4067 cibum
1417 4018 1508 4066 Eu.
1532 4018 1582 4075 ii,
1607 4024 1658 4068 3.

604 4085 667 4129 23
702 4082 813 4131 Cito
833 4084 959 4131 hunc
981 4084 1165 4131 deduce
1186 4083 1247 4130 ad
1265 4082 1458 4131 militem
1480 4082 1570 4132 Eu.
1584 4084 1657 4140 iii,

604 4145 653 4193 3.
674 4149 738 4193 32
788 4146 1013 4202 Domum,
1049 4154 1103 4194 ut
1125 4146 1359 4209 mancipia
1378 4146 1479 4194 haec
1502 4146 1654 4195 dedu-

605 4220 707 4253 cam
731 4209 789 4257 ad
809 4209 1039 4259 Thaidem
1073 4211 1163 4258 Eu.
1186 4211 1303 4267 ii,s.
1318 4214 1381 4260 72
1415 4210 1522 4259 Huc
1547 4228 1654 4274 pro-

1566 407 1808 458 INDEX

1711 557 1786 614 iii,
1811 561 1856 606 1.
1878 561 1908 606 5
1941 554 2036 604 Sed
2057 570 2188 604 cesso
2209 555 2271 603 ad
2287 554 2518 603 Thaidem
2540 557 2663 607 hanc
2679 561 2764 609 de·

1714 621 1920 669 ducere?
1953 619 2046 670 Eu.
2069 620 2118 677 ii,
2141 625 2191 668 2.
2215 624 2278 668 35
2329 618 2503 684 Neque
2523 621 2564 670 is
2585 625 2764 674 deduc-

1714 692 1790 732 tus
1811 685 1950 732 etiam
1985 685 2104 732 dum
2136 685 2194 731 ad
2237 699 2342 731 eam
2375 684 2469 732 Eu.
2506 686 2578 742 iii,
2615 694 2662 735 5.
2697 694 2764 738 22

1714 748 1813 805 Qui
1833 750 1895 796 ad
1929 764 2014 795 vos
2047 748 2281 796 deductus
2312 748 2454 796 hodie
2475 759 2548 797 est
2581 751 2675 801 Eu.
2697 753 2764 810 iv,

1713 816 1762 861 4.
1787 818 1849 862 10
1893 812 1972 860 Ad
2011 827 2096 859 nos
2129 813 2362 860 deductus
2395 814 2535 861 hodie
2555 822 2629 863 est
2648 817 2765 864 ado-

1712 876 1996 925 lescentulus
2027 876 2117 923 Eu.
2133 875 2199 931 iv,
2223 881 2271 925 4.
2298 881 2360 925 19
2389 877 2482 925 Pro
2501 886 2549 925 te
2567 881 2661 928 huc
2683 882 2768 928 de·

1714 943 1884 989 ductus
1903 941 2012 990 est?
2045 941 2136 988 Eu.
2175 942 2242 996 iv,
2273 945 2322 990 4.
2355 947 2414 991 41
2471 942 2520 989 Is
2557 959 2644 1006 pro
2683 945 2768 993 illo

1717 1005 1948 1054 Eunucho
1986 1006 2045 1052 ad
2077 1005 2304 1052 Thtridem
2326 1004 2556 1055 deductus
2569 1015 2642 1056 est
2673 1009 2767 1060 Eu.

1717 1086 1766 1130 v,
1783 1075 1831 1118 6.
1853 1075 1914 1120 21
1952 1067 2061 1118 Ηιιο
2078 1071 2282 1118 deducta
2305 1077 2378 1116 est
2396 1071 2456 1117 ad
2480 1073 2768 1121 meretricem

1716 1133 1942 1181 Thaidem
1978 1134 2068 1182 Eu.
2090 1133 2144 1190 ii,
2167 1139 2214 1182 3.
2237 1138 2303 1183 60
2351 1135 2430 1180 An
2464 1135 2514 1182 id
2537 1136 2767 1198 flagitium

1720 1205 1809 1254 est,
1843 1199 1884 1245 si
1922 1199 1972 1246 in
1994 1199 2184 1246 domum
2207 1199 2507 1246 meretriciam
2529 1201 2765 1248 deducar?

1721 1261 1812 1310 Eu.
1838 1261 1888 1318 ii,
1913 1267 1961 1311 3.
1982 1267 2044 1311 91
2082 1261 2193 1318 Fac,
2213 1261 2280 1308 ita
2301 1269 2354 1309 ut
2363 1261 2502 1325 jussi,
2527 1265 2766 1314 deducan-

1721 1333 1796 1374 tur
1811 1326 1885 1373 isti
1902 1327 1994 1375 Eu.
2015 1325 2069 1381 ii,
2089 1330 2134 1374 1.
2156 1331 2178 1375 1
2209 1325 2276 1373 Ut
2291 1342 2373 1389 pro
2388 1328 2472 1375 illo
2481 1327 2675 1391 jubeam
2695 1345 2771 1376 me

1719 1389 1836 1438 illuc
1856 1392 2082 1440 deducier
2111 1391 2202 1438 Eu.
2223 1390 2294 1446 iii,
2310 1397 2358 1438 5.
2378 1395 2441 1442 24
2476 1393 2550 1440 An
2570 1400 2621 1440 tu
2644 1395 2771 1441 hunc

1721 1455 1961 1503 credidisti
1984 1471 2104 1512 esse,
2127 1456 2335 1510 obsecro,
2373 1457 2432 1503 ad
2469 1473 2554 1504 nos
2591 1458 2771 1506 deduc·

1723 1519 1856 1567 tum?
1892 1519 1984 1568 Eu.
2020 1521 2082 1572 iv,
2105 1524 2154 1569 4.
2178 1523 2238 1568 13
2287 1520 2539 1577 Credebas,
2570 1521 2697 1568 illam
2721 1523 2771 1568 in

1722 1584 1989 1632 cubiculum
2026 1582 2082 1632 iri
2121 1585 2373 1632 deductum
2419 1586 2644 1634 domum?
2676 1585 2774 1637 Ad.

1721 1646 1771 1693 iv
1809 1653 1856 1696 5.
1875 1653 1939 1697 60

1773 1683 2032 1776 ’Βεῖαιίςα
2097 1711 2175 1761 Ne
2213 1719 2260 1760 te
2295 1713 2567 1762 adolescens
2610 1715 2776 1762 mulier

1725 1775 1955 1839 defatiget
1985 1776 2074 1824 Ph.
2096 1793 2143 1834 v,
2166 1781 2214 1826 3.
2238 1780 2296 1826 11
2331 1777 2409 1824 Ita
2423 1794 2474 1826 se
2488 1779 2772 1842 defatigarit,

1727 1839 1884 1894 velim,
1907 1849 1962 1887 ut
1983 1839 2080 1888 Ad.
2101 1841 2167 1897 iv,
2189 1845 2237 1890 1.
2251 1845 2280 1890 3
2317 1841 2561 1904 Deceptus
2583 1859 2701 1900 sum,
2725 1851 2776 1890 at

1726 1919 1820 1951 non
1845 1905 2126 1968 defatigatus
2179 1903 2243 1954 A.
2264 1905 2331 1961 iv,
2356 1911 2402 1954 1.
2423 1911 2489 1956 46
2537 1907 2672 1970 Opus
2704 1909 2774 1955 fa-

1727 1969 1864 2024 ciam,
1888 1975 1943 2017 ut
1963 1969 2191 2031 defatiger
2211 1985 2359 2032 usque
2391 1970 2481 2020 Eu.
2502 1971 2556 2028 ii,
2579 1977 2625 2021 1.
2648 1977 2712 2021 14

1792 2031 2032 2083 Defende.
2097 2034 2288 2081 Summa
2308 2034 2355 2080 vi
2380 2035 2630 2084 defendam
2654 2037 2776 2084 hanc

1728 2093 1825 2144 Ad.
1863 2096 1932 2152 iii,
1969 2101 2020 2150 4.
2056 2101 2119 2146 47
2175 2097 2295 2145 Haec
2333 2105 2380 2145 te
2415 2100 2572 2148 dicere
2593 2116 2776 2163 aequom

1725 2159 1833 2214 fuit,
1855 2168 1906 2209 et
1927 2161 1972 2207 id
1996 2160 2247 2210 defendere
2283 2161 2382 2209 Ad.
2416 2163 2483 2218 iv,
2518 2170 2567 2215 5.
2599 2168 2658 2213 41
2715 2164 2776 2212 In

1726 2224 2179 2338 {chindpiqrgdanad
2212 2225 2557 2339 dgfgniderbdarg
2589 2227 2776 2276 noxiam

1806 2304 1878 2345 .ι,
1936 2323 1949 2337 .
2137 2305 2230 2337 ea
2319 2307 2426 2338 een
2463 2307 2780 2340 enamcau·

1724 2366 1822 2402 sam
1845 2353 1979 2400 adest
2009 2353 2102 2403 Ph.
2123 2352 2174 2410 ii,
2197 2358 2242 2404 1.
2265 2358 2330 2404 36

1793 2415 2041 2467 Defensor.
2105 2416 2332 2478 Arbitror,
2345 2417 2445 2481 jam
2460 2421 2662 2483 aliquem
2677 2437 2782 2470 esse

1728 2481 1930 2529 amicum
1952 2490 2002 2531 et
2023 2481 2313 2533 defensorem
2347 2485 2394 2533 ei
2430 2482 2494 2533 A.
2526 2488 2591 2548 iv,
2628 2492 2677 2535 5.
2716 2492 2778 2536 18

1730 2544 1857 2593 Huic
1891 2545 1984 2609 ipsi
2023 2554 2096 2595 est
2125 2563 2246 2611 opus
2284 2556 2498 2611 patrono,
2533 2566 2672 2613 quem
2693 2552 2777 2598 de-

1727 2608 1957 2658 fensorem
1978 2627 2092 2674 paro
2123 2611 2215 2660 Eu.
2233 2612 2300 2669 iv,
2321 2618 2370 2661 6.
2393 2618 2457 2663 32

1795 2674 1986 2723 Defero.
2051 2675 2183 2732 Quin
2219 2684 2406 2739 egomet
2441 2680 2540 2741 jam
2575 2678 2636 2725 ad
2675 2694 2778 2726 eam

1727 2737 1932 2786 deferam
1963 2739 2086 2787 Hea.
2105 2739 2171 2796 iv,
2195 2746 2242 2789 5.
2283 2746 2343 2789 51
2391 2742 2499 2790 Jarn
2535 2751 2780 2806 argentum

1727 2804 1790 2849 ad
1811 2818 1913 2851 eam
1931 2804 2112 2851 deferes
2131 2804 2256 2858 Hea.
2279 2805 2342 2863 ἰν,
2365 2810 2414 2855 6.
2432 2810 2495 2855 18
2515 2806 2609 2853 Sed
2629 2806 2784 2855 nihilo

1732 2867 1884 2914 secius
1929 2883 2034 2915 mox
2068 2869 2281 2916 deferent
2317 2886 2510 2933 puerum
2545 2872 2638 2918 huc
2670 2878 2782 2918 ante

1729 2931 1901 2978 ostium
1922 2930 1988 2983 A.
2008 2932 2075 2988 iii,
2091 2938 2140 2982 2.
2160 2937 2224 2982 27
2258 2933 2393 2997 Cape
2409 2937 2501 2982 hoc
2523 2943 2782 2998 argentum,

1732 3009 1788 3043 ac
1810 2995 1943 3043 defer
1975 2996 2100 3044 Hea.
2120 2997 2185 3053 iv,
2209 3001 2257 3047 7.
2283 3002 2313 3047 3
2361 2999 2446 3046 Sin
2471 2998 2589 3047 lenis
2609 3007 2698 3056 est,
2719 3000 2780 3047 ad

1732 3059 1875 3106 aliurn
1910 3061 2114 3108 defertur
2146 3076 2333 3125 gregem
2377 3062 2502 3111 Hea.
2543 3062 2672 3110 Prol.
2715 3068 2779 3112 45

1731 3122 1993 3185 Epistulam
2029 3124 2189 3172 audivi
2223 3127 2283 3172 ad
2305 3126 2552 3189 portitores
2574 3142 2676 3174 esse
2695 3128 2784 3175 de-

1733 3186 1876 3234 latam
1909 3189 2000 3237 Ph.
2022 3188 2058 3246 i,
2079 3194 2126 3239 2.
2151 3194 2246 3237 100

1798 3250 2051 3302 Deferveo.
2115 3253 2365 3315 Sperabam
2393 3252 2492 3316 jam
2527 3254 2781 3303 defervisse

1733 3314 2095 3364 adolescentiam
2126 3317 2224 3367 Ad.
2246 3318 2282 3375 i,
2301 3322 2350 3366 2.
2371 3322 2436 3367 72

1797 3378 2077 3430 Defetiscor.
2141 3381 2388 3432 Defessus.
2452 3382 2624 3446 Neque
2661 3384 2783 3432 adeo

1731 3442 1980 3492 defetiscar
1998 3461 2203 3509 unquam
2225 3446 2488 3511 experirier,
2511 3449 2662 3494 donec
2691 3448 2785 3494 Ph.

1730 3506 1795 3563 iv,
1817 3512 1864 3558 1.
1886 3513 1950 3558 23
2000 3510 2228 3558 Defessus
2246 3528 2349 3559 sum
2369 3510 2649 3559 ambulando
2684 3510 2784 3559 Ad.

1728 3570 1795 3629 ἰν,
1818 3577 1865 3621 6.
1887 3578 1912 3623 1
1939 3574 1987 3621 N
1990 3591 2051 3622 on
2069 3590 2225 3639 queo:
2245 3576 2315 3624 ita
2337 3576 2545 3623 defessus
2565 3590 2666 3622 sum
2689 3575 2787 3623 He.

1728 3634 1799 3689 iii,
1819 3641 1868 3687 4.
1893 3642 1958 3685 29
2006 3638 2109 3701 Ego
2131 3640 2418 3703 vapulando,
2437 3639 2520 3687 ille
2542 3640 2784 3687 verberan-

1730 3699 1812 3756 do,
1836 3716 1986 3764 usque
2007 3704 2145 3750 ambo
2181 3703 2356 3752 defessi
2389 3720 2546 3751 sumus
2587 3702 2686 3750 Ad.
2727 3704 2781 3760 ii,

1729 3767 1778 3873 ἒ.
1799 3769 1830 3812 5
1864 3764 2064 3814 Defessa
2079 3767 2182 3830 jam
2203 3783 2307 3815 sum
2329 3768 2494 3817 misera
2517 3776 2562 3816 te
2584 3768 2782 3815 ridendo

1777 3843 1820 3877 u.
1842 3844 1892 3887 r,
1912 3833 1959 3878 7.
1978 3834 2008 3878 7

1793 3891 1997 3943 Deficio.
2062 3893 2155 3941 Sed
2195 3911 2253 3943 ea
2291 3912 2430 3944 causa
2465 3897 2617 3944 nihilo
2637 3897 2788 3959 magis

1729 3956 1986 4005 defecimus
2019 3958 2113 4011 Ph.
2132 3958 2205 4015 iii,
2229 3965 2278 4010 1.
2299 3965 2330 4009 8
2375 3960 2435 4007 In
2469 3962 2688 4008 subsidiis
2707 3962 2786 4008 bic

1727 4035 1807 4097 ero
1828 4023 2212 4081 succenturiatus,
2253 4025 2294 4071 si
2325 4024 2444 4087 quid
2467 4025 2658 4073 deficies
2691 4024 2785 4073 Ph.

1729 4101 1762 4141 ι’
1783 4089 1942 4199 ῗόεόῆί.
2007 4150 2143 4199 Nihil
2163 4168 2271 4200 cum
2293 4159 2381 4208 est,
2407 4153 2526 4199 nihil
2564 4152 2679 4200 defit
2713 4159 2784 4197 ta-

1731 4229 1838 4263 men
1871 4214 1961 4263 Eu.
2003 4215 2056 4272 ii,
2096 4221 2146 4266 2.
2193 4222 2256 4266 12
2327 4215 2471 4272 Aliis,
2505 4216 2616 4279 quia
2649 4216 2783 4271 defit,

606 4268 725 4327 viso,
748 4280 815 4329 ut,
840 4275 920 4321 ubi
940 4283 1123 4339 tempus
1154 4276 1261 4333 siet,
1299 4276 1531 4323 deducam
1564 4277 1655 4327 Eu.
1725 4279 1852 4340 quod
1871 4288 2045 4337 amant,
2057 4296 2176 4343 aegre
2193 4287 2290 4328 est:
2310 4281 2541 4343 tibi,quia
2556 4288 2786 4345 superest,
