3192 4975
580 393 658 462 lii

584 567 753 616 leder·
774 581 829 615 os
848 565 948 616 Ad.
965 585 1015 626 v,
1029 568 1081 619 4.
1109 569 1169 616 10
1202 565 1344 616 Hanc
1360 566 1640 616 clementem

586 632 733 680 vitam
776 632 1021 689 urbanam,
1076 638 1219 695 atque.
1262 631 1411 680 otium
1450 638 1640 680 secutus

586 711 687 744 sum
722 694 818 744 Ad.
834 696 869 752 i.
894 701 940 747 1.
967 700 1026 747 17
1074 695 1231 754 Quam
1252 696 1379 744 fideli
1400 696 1573 751 auimo,
1590 702 1642 744 et

586 758 791 822 benigno
814 759 863 807 in
884 759 1032 817 illam,
1054 768 1105 809 et
1122 759 1340 810 elementi
1362 760 1431 808 fui
1451 759 1545 809 He.
1564 761 1641 817 iii,

653 887 939 938 Clementia.
1003 887 1253 937 Facilitate
1274 888 1390 936 nihil
1420 903 1523 936 esse
1552 888 1639 935 ho·

586 952 703 1001 mini
724 951 906 1014 melius,
924 969 1078 1017 neque
1096 952 1345 1002 clementia
1358 952 1457 1001 Ad.
1480 968 1527 1008 v,
1548 957 1636 1002 4.7

652 1016 833 1066 Cliens.
902 1017 1083 1074 Cliens,
1110 1016 1307 1076 amicus,
1327 1018 1519 1082 hospes,
1552 1033 1636 1064 ne-

586 1097 664 1130 mo
686 1087 758 1130 est
776 1079 943 1129 vobis?
976 1081 1076 1130 Ad.
1097 1081 1163 1138 iv,
1184 1086 1229 1130 1.
1251 1082 1314 1131 13

652 1144 905 1195 clientela.
966 1145 1113 1193 Thais
1148 1145 1269 1208 patri
1306 1161 1357 1194 se
1398 1161 1638 1195 commen-

588 1210 722 1258 davit
740 1210 789 1258 iu
810 1208 1079 1258 clientelam
1100 1217 1150 1258 et
1170 1210 1311 1258 fidem
1344 1209 1435 1258 Eu.
1466 1225 1515 1269 v,
1535 1213 1586 1260 9.
1605 1214 1640 1260 9

654 1273 828 1323 Clinia.
894 1274 1048 1331 Erras,
1075 1282 1125 1322 et
1152 1290 1227 1322 me
1260 1275 1445 1336 ignoras
1481 1273 1640 1323 Clinia

588 1339 713 1389 Heu.
736 1338 771 1396 i,
797 1343 841 1389 1.
864 1343 927 1388 53
962 1339 1051 1387 Ille
1074 1338 1245 1388 Cliniae
1264 1355 1421 1386 servus
1438 1339 1638 1386 budius-

588 1403 723 1453 culus
744 1409 818 1451 est
848 1402 969 1452 Hea.
1003 1403 1074 1460 iii,
1094 1409 1145 1454 2.
1168 1407 1199 1451 4
1251 1404 1519 1458 Phaedrum,
1558 1410 1641 1450 aut

588 1467 812 1523 Cliniam.
847 1467 1071 1516 dicebaut
1117 1466 1182 1517 A.
1216 1468 1253 1529 i,
1280 1473 1323 1517 1.
1344 1473 1409 1517 59
1460 1467 1636 1532 passim

590 1533 706 1580 alibi

656 1596 889 1660 Clitipho.
937 1595 1145 1646 Necesse
1166 1604 1254 1653 est,
1278 1595 1509 1659 Clitipho,
1525 1611 1642 1644 cou-

590 1659 695 1707 silia
725 1662 951 1725 consequi
986 1661 1246 1710 consimilia
1294 1661 1417 1708 Hea.
1447 1661 1483 1716 i,
1505 1665 1554 1708 2.
1576 1665 1640 1710 35

590 1725 740 1772 Senex
766 1728 981 1775 resciscet
1008 1725 1140 1782 ilico,
1176 1741 1276 1772 esse
1298 1727 1495 1772 amicam
1518 1726 1641 1772 hanc

592 1788 879 1850 Clitiphonis
911 1790 1033 1841 Hea.
1070 1790 1137 1846 iv,
1157 1795 1206 1838 3.
1233 1793 1293 1838 19
1324 1789 1497 1852 passim
1530 1789 1644 1836 alibi

658 1852 837 1902 Clivus.
904 1854 1069 1904 Clivus
1110 1854 1327 1902 deorsum
1368 1869 1530 1901 vorsus
1569 1861 1646 1901 est

598 1916 696 1965 Ad.
720 1918 782 1974 iv,
800 1923 849 1967 2.
870 1923 935 1967 36

657 1982 856 2032 Coelum.
920 1980 1049 2038 Quid
1075 1981 1113 2028 si
1137 1997 1263 2030 nunc
1298 1980 1468 2030 coelum
1504 1983 1645 2030 ruat?

592 2045 717 2095 Hea.
754 2046 818 2102 iv,
844 2051 890 2095 3.
912 2051 974 2095 41
1035 2046 1079 2093 Ο
1122 2046 1320 2094 coelum!
1362 2062 1392 2092 o
1425 2047 1575 2094 terra!
1615 2063 1646 2094 o

594 2111 738 2159 maria
756 2111 1000 2174 Neptuni!
1036 2110 1136 2161 Ad.
1159 2128 1206 2167 v,
1223 2115 1317 2160 3.4
1352 2110 1451 2166 Qui
1470 2111 1648 2172 templa

590 2176 696 2224 coeli
720 2191 900 2224 summa
921 2175 1079 2223 sonitu
1092 2175 1304 2225 concutit
1320 2175 1411 2222 Eu.
1426 2175 1499 2232 iii,
1520 2179 1644 2224 5.42

657 2239 856 2289 Οοίἑωο.
921 2239 1179 2296 Coe‘misse,
1222 2240 1331 2287 hinc
1372 2255 1479 2303 quae
1530 2239 1646 2288 illuc

590 2305 801 2360 veheres,
822 2303 971 2351 multa
1007 2303 1101 2350 Ad.
1118 2303 1171 2361 ii,
1188 2307 1239 2352 2.
1258 2308 1319 2353 17

657 2367 822 2418 Coena.
891 2367 1041 2414 Coena
1062 2368 1205 2414 dubia
1226 2367 1516 2430 apponitur?
1551 2366 1642 2418 Ph.

592 2429 645 2486 ii,
667 2436 719 2480 2.
742 2435 806 2480 28
840 2430 927 2478 Ibo
950 2431 1058 2478 hinc
1080 2431 1216 2486 iutro,
1242 2439 1294 2477 ut
1309 2431 1493 2478 videam
1508 2433 1647 2480 nobis

592 2496 708 2560 quid
731 2512 875 2543 coenoe
898 2497 986 2543 siet
1019 2496 1140 2544 Hea.
1178 2496 1211 2552 i,
1231 2502 1281 2545 2.
1306 2500 1369 2544 37
1419 2496 1562 2544 Olera
1594 2506 1645 2545 et

592 2559 845 2623 pisciculos
867 2560 1069 2608 minutos
1092 2561 1207 2609 ferre
1225 2561 1363 2608 obolo
1385 2559 1437 2607 in
1461 2574 1642 2608 coenam

592 2624 693 2671 seni
726 2623 792 2674 A.
817 2625 867 2681 ii,
890 2630 939 2674 2.
960 2629 1022 2674 32
1056 2624 1210 2681 Quem
1246 2625 1308 2671 ad
1343 2640 1521 2671 coenam
1556 2642 1638 2672 vo-

591 2690 711 2735 cabo
741 2704 945 2737 meorum
980 2689 1265 2752 aequalium?
1315 2688 1382 2737 A.
1421 2689 1473 2745 ii,
1502 2694 1549 2737 6.
1570 2694 1636 2739 22

590 2750 671 2799 Ad
692 2769 871 2801 coenani
893 2762 1066 2801 vocant
1112 2754 1205 2803 Eu.
1228 2754 1284 2806 ii.
1304 2758 1352 2801 2.
1374 2758 1439 2802 28
1488 2753 1636 2803 Cesso

591 2816 791 2878 rogitare
812 2818 873 2865 ad
898 2834 1077 2866 coenam
1100 2827 1153 2864 ut
1174 2819 1362 2865 veniat?
1398 2818 1489 2867 Eu.
1513 2818 1564 2873 ii.
1587 2823 1638 2870 2.

590 2885 655 2933 35
689 2882 864 2929 Eunus
886 2898 997 2946 ergo
1030 2884 1092 2930 ad
1123 2898 1319 2933 coenam.
1353 2882 1465 2946 quid
1506 2884 1637 2930 stas?

591 2945 684 2993 Eu.
723 2946 792 3002 iii,
814 2952 863 2995 2.
890 2952 921 2995 6
956 2946 1098 3010 'Ego,
1140 2946 1313 3009 inquit,
1358 2947 1416 2993 ad
1457 2963 1638 2995 coenam

590 3008 701 3057 hinc
722 3026 779 3059 eo
814 3011 905 3059 Eu.
926 3010 997 3067 iii,
1020 3018 1069 3061 5.
1088 3015 1151 3063 82
1186 3011 1345 3059 Video
1362 3010 1507 3059 lectos
1522 3021 1638 3059 ster·

590 3088 722 3131 nere,
764 3090 945 3123 coeuain
980 3090 1203 3138 apparare
1252 3075 1375 3122 Ilea.
1420 3077 1452 3131 i,
1494 3081 1539 3123 1.
1572 3082 1639 3127 74

590 3137 790 3187 Monere
812 3146 997 3202 oportet
1020 3156 1095 3187 me
1117 3141 1361 3194 Phaniam,
1379 3141 1439 3185 ad
1456 3156 1637 3187 coenam

590 3210 644 3249 ut
664 3204 822 3251 veniat
856 3204 976 3250 Hea.
1012 3203 1045 3263 i,
1070 3207 1118 3250 1.
1144 3208 1239 3252 118
1286 3202 1634 3250 Advenientem

588 3264 701 3317 iiico
723 3265 897 3313 abduxi
919 3266 976 3311 ad
1001 3281 1182 3313 coenain
1217 3265 1340 3313 Hea.
1362 3266 1395 3319 i,
1419 3272 1467 3315 2.
1489 3273 1521 3317 9
1578 3267 1638 3315 Ei

591 3345 732 3377 unam
753 3346 933 3377 eoenam
954 3338 1095 3391 atque
1117 3329 1221 3392 ejus
1242 3330 1492 3379 comitibus
1523 3331 1638 3379 dedi

590 3392 714 3440 Hea.
740 3392 809 3449 iii,
838 3398 880 3441 1.
902 3398 966 3441 46
999 3394 1085 3441 Me
1106 3396 1167 3441 ad
1189 3410 1367 3441 coenam
1388 3411 1503 3443 voca
1546 3397 1637 3443 Ph.

590 3472 636 3511 v,
658 3462 709 3504 8.
733 3462 795 3506 64
830 3456 943 3505 Non
970 3458 1109 3505 rediit
1138 3459 1225 3505 hac
1262 3466 1403 3507 nocte
1440 3475 1469 3506 a
1500 3476 1636 3509 coeua

590 3522 846 3571 AEschinus
880 3520 977 3571 Ad.
999 3521 1035 3578 i,
1061 3528 1107 3573 l.
1133 3527 1156 3572 1

652 3586 817 3635 Coeno.
884 3588 1023 3647 Qum,
1048 3602 1154 3634 cum
1176 3595 1381 3637 amatore
1411 3605 1497 3636 suo
1528 3606 1636 3637 cum

589 3659 795 3708 coenant,
820 3651 1041 3714 liguriunt
1076 3652 1165 3701 Eu.
1189 3669 1236 3709 v,
1257 3657 1306 3701 4.
1333 3657 1392 3703 14
1434 3654 1635 3717 Symbo-

587 3714 678 3763 lam
703 3716 855 3772 dedit,
877 3716 1081 3763 eoenavit
1111 3715 1175 3766 A.
1198 3716 1230 3773 i,
1256 3721 1303 3764 1.
1323 3724 1385 3767 62

642 3779 801 3829 Coeo.
864 3779 978 3828 Heri
995 3780 1174 3844 aliquot
1190 3782 1525 3831 adolescentuli
1540 3783 1640 3831 coi-

588 3860 692 3892 mus
710 3845 761 3892 in
785 3844 980 3909 Pyraeeo
1016 3845 1105 3893 Eu.
1123 3846 1192 3899 iii.
1214 3852 1263 3895 4.
1288 3851 1327 3894 1·

653 3908 806 3971 Coepi.
870 3910 995 3957 Satis
1019 3907 1181 3972 pericli
1204 3910 1324 3973 coepi
1342 3908 1472 3956 adire
1506 3908 1571 3957 A.
1592 3928 1638 3965 v,

590 3977 637 4022 l.
661 3979 691 4022 2
743 3973 873 4030 Quid
892 3972 1059 4023 ‘multa
1104 3974 1278 4021 verba?
1327 3989 1479 4021 amare
1514 3975 1639 4037 coepi

587 4036 677 4084 Eu.
699 4037 769 4094 iii,
788 4044 836 4087 5.
859 4043 923 4087 20
955 4037 1156 4113 Egomet
1190 4052 1379 4100 quoque
1419 4037 1469 4085 id
1505 4054 1639 4101 spec-

588 4106 683 4148 tare
705 4102 833 4165 coepi
865 4102 955 4150 Eu.
987 4102 1059 4157 iii,
1083 4109 1133 4151 5.
1156 4106 1220 4151 38
1270 4102 1401 4149 Dum
1442 4116 1520 4148 rus
1561 4118 1638 4158 eo,

584 4165 1137 4279 ffipi.²⁸i'⁰¹1⁶‘n'{li³32.¹¹..¹
1164 4166 1640 4292 ἷὲἶὲἷᾶὴίἑξῗῗῗᾶξ

596 4292 1071 4343 humanitustractarc
1128 4296 1251 4345 Hea.
1288 4294 1323 4350 i,
1351 4299 1395 4343 1.
1418 4299 1482 4345 47
1542 4296 1638 4345 Ubi

580 4356 721 4406 video
744 4356 876 4418 haec3
927 4360 1050 4425 coepi
1072 4360 1273 4423 cogitare
1308 4359 1427 4408 lica.
1454 4360 1485 4424 i,
1512 4366 1553 4409 1.
1577 4365 1642 4410 76

1564 414 1808 464 INDEX

2709 511 2749 538 Q

1713 567 1892 615 Mane:
1915 566 2024 622 hoc,
2057 565 2188 629 quod
2215 565 2358 629 coepi,
2395 564 2596 628 primum
2634 580 2770 618 cnar-

1711 647 1828 689 rem,
1851 630 2064 694 Clitipho
2097 629 2220 678 Hea.
2257 631 2311 686 ii,
2333 635 2383 680 3.
2404 635 2468 680 32
2519 631 2624 698 Ego
2657 631 2771 688 hoc,

1747 695 1825 742 uia
1845 695 2026 743 dudum
2046 701 2180 742 tanto
2307 694 2531 758 jusseras,
2559 711 2620 742 eo
2641 697 2768 759 coepi

1712 712 1840 807 alea.
1877 759 1947 815 iv,
1969 766 2018 809 5.
2039 763 2103 808 39
2207 773 2280 806 am
2305 759 2432 808 hunc
2453 760 2580 808 diem
2601 761 2768 808 misere

1714 824 1855 871 nimis
1877 823 2038 887 cupio,
2061 831 2116 870 ut
2135 823 2276 886 coepi,
2299 832 2578 888 perpetuum
2605 824 2656 870 in
2685 825 2766 872 lae·

1713 888 1818 938 titia
1840 888 1902 935 de
1934 903 2011 936 ere
2044 886 2143 935 Ad.
2177 887 2245 944 iv,
2269 892 2316 937 1.
2339 893 2373 938 6
2404 887 2604 936 Easdem
2629 903 2768 952 agere

1713 950 1839 1016 coepi
1921 968 1964 1000 e.
1991 950 2094 1001 Alt.
2122 951 2252 1028 Prpl.
2292 955 2354 1001 10
2405 954 2524 1003 Cum
2564 953 2764 1015 primum

1713 1015 2765 1143 ssffeoeffioenoffffloegffififfiss'„ssss‘tssdffe

1711 1144 1808 1195 He.
1875 1144 1981 1194 Ait.
2045 1143 2176 1194 Prol.
2228 1150 2296 1194 29
2368 1145 2586 1208 Pergam,
2667 1161 2764 1209 quo

1710 1209 1851 1273 coepi,
1927 1211 2017 1258 hoc
2069 1209 2159 1258 iter
2223 1208 2318 1260 ne.
2377 1210 2414 1270 i,
2455 1215 2504 1260 2.
2546 1213 2644 1260 119
2700 1210 2766 1258 Vi

1711 1274 1838 1337 coepi
1878 1289 2044 1337 eogere
2077 1273 2171 1322 He.
2209 1272 2266 1330 ii,
2301 1278 2352 1323 2.
2389 1279 2456 1324 26
2509 1274 2766 1337 Postquam

1711 1337 1870 1393 video,
1915 1337 2077 1386 nescio
2130 1337 2249 1401 quid
2301 1338 2580 1403 suspicarier
2617 1338 2768 1401 magis

1713 1402 1834 1466 coepi
1868 1402 1966 1450 He.
1985 1418 2032 1456 v,
2053 1406 2189 1452 3.29
2222 1402 2360 1466 coepi
2396 1403 2630 1450 advorsari
2669 1403 2764 1466 pri-

1716 1483 1791 1514 mo
1825 1467 1917 1515 Ph.
1940 1467 1976 1524 i,
1999 1471 2050 1515 2.
2073 1471 2134 1514 25
2169 1465 2308 1529 coepi
2339 1468 2400 1514 iis
2417 1468 2579 1515 omnia
2595 1467 2768 1527 facere,

1714 1532 1912 1594 obsequi
1933 1547 2040 1595 quae
2063 1530 2238 1579 vellent
2271 1532 2362 1582 Ph.
2385 1532 2422 1591 i,
2435 1536 2484 1581 2.
2501 1536 2566 1580 28
2588 1530 2766 1578 Aurem

1713 1596 1900 1644 admovi
1920 1613 1932 1643 ε
1957 1597 2023 1642 ita
2041 1595 2250 1642 animum
2270 1595 2393 1659 coepi
2411 1597 2653 1644 attendere
2676 1596 2769 1643 Pb.

1715 1676 1762 1716 v,
1784 1665 1834 1709 6.
1857 1664 1922 1708 28
1956 1659 2095 1715 Illuc,
2118 1675 2298 1722 quaeso,
2316 1660 2436 1722 redi,
2455 1675 2552 1723 quo
2565 1660 2768 1723 coepisti,

1716 1725 1949 1774 AEschiue
1982 1725 2080 1775 Ad.
2109 1724 2162 1779 ii,
2186 1729 2230 1773 l.
2251 1727 2318 1772 36
2372 1724 2533 1772 Mater
2571 1726 2650 1771 ubi
2687 1740 2768 1773 ac-

1716 1789 1862 1850 cepit,
1906 1788 2053 1851 coepit
2105 1788 2314 1836 studiose
2369 1789 2528 1836 omnia
2580 1790 2768 1847 docere,

1715 1853 1917 1902 educare
1949 1853 2042 1902 Eu.
2081 1851 2118 1909 i,
2139 1858 2186 1902 2.
2211 1858 2277 1902 36
2322 1853 2400 1901 Ibi
2443 1854 2581 1900 horno
2623 1855 2769 1916 coepit

1718 1933 1794 1964 me
1815 1918 2058 1966 obsecrare
2091 1917 2184 1966 Eu.
2213 1917 2266 1972 ii.
2289 1922 2339 1966 2.
2365 1923 2429 1966 30
2462 1917 2600 1965 Forte
2621 1918 2767 1966 habui

1719 1989 1920 2029 scortum
1939 1999 1950 2029 :
1973 1981 2119 2044 coepit
2139 1982 2198 2028 ad
2217 1981 2266 2030 id
2284 1982 2492 2030 alludere
2523 1981 2613 2029 Eu.
2635 1982 2705 2037 iii,
2723 1987 2769 2032 1.

1719 2051 1784 2094 34
1819 2045 1916 2094 Ubi
1937 2047 2076 2094 satias
2097 2045 2240 2108 coepit
2271 2046 2389 2105 fieri,
2426 2055 2661 2094 commuto
2699 2047 2768 2094 lo·

1720 2127 1827 2158 cum
1861 2109 1952 2158 Eu.
1975 2127 2020 2167 v,
2042 2115 2091 2160 6.
2113 2115 2142 2159 3
2180 2108 2298 2173 Ejus
2320 2111 2463 2158 filiam
2501 2111 2582 2158 ille
2617 2127 2770 2160 amare

1721 2174 1865 2238 eoepit
1885 2175 2071 2238 perdite
2102 2175 2226 2224 Hea.
2249 2174 2285 2231 i,
2311 2180 2356 2225 1.
2380 2180 2442 2224 45
2495 2175 2567 2223 Ea
2603 2185 2770 2225 coacta

1722 2239 1932 2302 ingratiis
1973 2247 2082 2300 post
2117 2239 2201 2286 illa
2241 2240 2387 2302 coepit
2419 2238 2592 2288 victum
2625 2241 2768 2304 vulgo

1723 2319 1926 2365 quaerere
1961 2303 2081 2350 Hea.
2119 2304 2190 2360 iii,
2214 2308 2258 2352 1.
2281 2308 2344 2352 38
2388 2304 2608 2352 Gaudere.
2648 2307 2769 2353 adeo

1721 2368 1881 2430 coepit,
1905 2368 2035 2431 quasi
2059 2369 2142 2430 qui
2174 2368 2376 2431 cupiunt
2407 2369 2596 2432 nuptias
2647 2371 2772 2418 Hea.

1720 2448 1769 2489 v,
1797 2437 1840 2481 1.
1864 2436 1925 2481 12
1979 2432 2139 2496 Coepit
2179 2433 2396 2489 clamare,
2439 2450 2470 2480 ο
2509 2435 2766 2482 AEschine!

1721 2495 1817 2544 Ad.
1839 2497 1907 2559 iii,
1928 2500 1975 2545 3.
1993 2502 2056 2545 53
2090 2497 2280 2546 Interim
2307 2498 2430 2546 miris
2449 2499 2599 2547 modis
2615 2500 2770 2548 odisse

1721 2562 1868 2624 coepit
1902 2562 2154 2609 Sostratam
2210 2562 2304 2613 He.
2349 2563 2381 2619 i,
2409 2568 2458 2611 2.
2481 2566 2575 2612 104
2629 2564 2770 2613 Hanc

1725 2642 1878 2674 amare
1935 2626 2081 2689 coepit
2133 2626 2317 2689 perdite
2390 2626 2482 2675 Ph.
2528 2627 2563 2684 i,
2613 2634 2662 2678 2.
2703 2634 2768 2681 32

1712 2692 1821 2740 Jam
1865 2690 2000 2738 scio:
2047 2704 2202 2739 amare
2243 2690 2385 2753 coepit
2440 2692 2528 2739 Ph.
2572 2692 2609 2749 i,
2632 2698 2682 2743 2.
2702 2698 2766 2742 61

1721 2756 1895 2810 Video,
1919 2770 2014 2801 non
2039 2755 2195 2811 licere,
2217 2763 2272 2802 ut
2289 2772 2535 2818 coeperam,
2559 2758 2648 2804 hoc
2665 2774 2770 2819 per-

1714 2820 1903 2867 tendere
1936 2819 2058 2868 Hea.
2081 2836 2125 2875 v,
2146 2826 2196 2867 5.
2217 2824 2251 2868 9
2281 2820 2358 2867 Sic
2382 2821 2462 2881 pol
2482 2823 2771 2869 commodius

1713 2900 1815 2932 esse
1838 2884 1889 2929 in
1911 2900 2076 2931 omnes
2099 2884 2310 2941 arbitror,
2345 2900 2486 2947 quam
2528 2893 2580 2932 ut
2613 2901 2768 2948 ωερε-

1713 2965 1786 2995 ras
1841 2948 1933 2997 Ph.
1980 2965 2028 3008 v,
2055 2951 2187 2997 3.31
2244 2948 2296 2995 Si
2339 2949 2591 3012 quicquam
2629 2951 2770 2999 bodie

1713 3013 1789 3060 hic
1817 3013 1961 3059 turbae
1983 3013 2199 3075 coeperis,
2223 3012 2410 3071 faciam,
2431 3020 2488 3073 ut
2521 3014 2616 3062 Eu.
2638 3015 2700 3072 iv,
2721 3021 2771 3064 7.
2793 3062 2798 3066 ,

1713 3084 1778 3126 30
1833 3076 1914 3125 An
1955 3092 2051 3123 uon
2093 3092 2173 3124 sex
2213 3076 2326 3124 totis
2369 3079 2604 3125 mensibus
2643 3080 2770 3141 prius

1712 3141 1991 3195 olfecissem,
2008 3156 2149 3204 quam
2179 3141 2260 3189 ille
2278 3141 2529 3205 quicquam
2543 3144 2732 3206 coeperit
2750 3146 2769 3192 ἓ

1712 3204 1814 3253 Ad.
1835 3204 1909 3260 iii,
1931 3211 1982 3253 3.
2004 3210 2068 3257 43

1779 3269 1969 3329 Coepto.
2036 3268 2166 3325 Quid
2203 3268 2280 3317 hic
2311 3270 2520 3332 coeptat?
2553 3279 2638 3319 aut
2670 3286 2771 3334 quo

1711 3334 1883 3381 evadet
1899 3334 2043 3381 hodie
2062 3334 2080 3380 ἓ
2114 3333 2204 3382 Ph.
2227 3335 2290 3390 iv,
2309 3338 2360 3383 3.
2375 3340 2437 3383 21

1745 3420 1758 3435 ·
1779 3398 1970 3459 Cogito.
2038 3397 2168 3454 Quid
2193 3414 2346 3461 agam,
2368 3397 2526 3461 cogito
2560 3399 2623 3448 A.
2647 3399 2701 3458 ii,
2717 3406 2767 3450 2.

1711 3466 1773 3511 21
1848 3462 2068 3511 Profecto
2123 3470 2301 3527 quanto
2349 3463 2494 3525 magis
2525 3465 2766 3527 magisque

1710 3526 1868 3590 cogito
1904 3527 1996 3576 Eu.
2016 3526 2088 3583 iii,
2109 3530 2156 3576 3.
2180 3531 2205 3576 1
2243 3526 2366 3591 Ego,
2409 3527 2522 3590 quia
2563 3543 2657 3576 non
2693 3545 2764 3576 re-

1710 3590 1783 3638 dit
1801 3590 1942 3646 filius,
1965 3607 2071 3654 quae
2093 3590 2253 3653 cogito
2282 3590 2295 3639 l
2319 3590 2418 3641 Ad.
2446 3591 2480 3648 i,
2500 3595 2548 3639 1.
2576 3596 2636 3641 10
2668 3593 2766 3643 Vc·

1709 3670 1809 3767 13¹3?
1827 3655 2213 3781 ssssfiissffls‘issssd
2227 3653 2685 3783 33..z⁸‘;{‘¹23¹’;·
2701 3664 2770 3774 ἓξ

2191 3754 2206 3776 n
2510 3754 2523 3768 ·
2598 3756 2611 3778 ν
2667 3756 2681 3771 0

1712 3782 1811 3831 Ubi
1831 3782 1938 3831 illas
1961 3799 2049 3845 ego
2070 3800 2196 3831 nunc
2219 3786 2418 3847 reperire
2455 3785 2648 3847 possim,
2681 3805 2760 3837 ρο.

1712 3847 1813 3909 gito
1846 3846 1936 3893 Ph.
1957 3847 2023 3904 iv,
2044 3854 2092 3897 5.
2118 3853 2174 3896 15
2234 3848 2404 3912 Neque
2445 3850 2639 3897 modum
2681 3853 2762 3900 be·

1713 3909 1973 3974 nignitatis,
1995 3927 2167 3975 neque.
2187 3913 2300 3975 quid
2325 3928 2399 3961 me
2428 3928 2547 3969 ores,
2581 3916 2762 3978 cogitas

1711 3975 1775 4023 A.
1799 3992 1843 4031 v,
1868 3979 1916 4025 1.
1940 3980 1971 4025 7
2006 3976 2149 4034 Quod
2173 3992 2298 4025 nunc
2322 3984 2420 4025 tute
2443 3984 2599 4026 tecum
2621 3980 2762 4029 iratus

1713 4040 1892 4101 cogitas
1939 4039 2029 4087 Eu.
2070 4040 2103 4096 i,
2131 4045 2174 4089 1.
2198 4044 2262 4089 19
2318 4041 2600 4089 Peniculon’
2643 4060 2762 4108 pug-

1713 4120 1841 4159 nare,
1864 4104 1944 4167 qui
1963 4103 2087 4151 istuc
2108 4106 2201 4153 hnc
2225 4112 2397 4167 portes,
2419 4104 2636 4170 cogitas?
2670 4110 2762 4158 Eu.

1713 4170 1777 4225 iv,
1795 4173 1845 4217 7.
1867 4173 1898 4216 7
1933 4168 2077 4216 Hunc
2099 4178 2150 4216 tu
2173 4170 2225 4218 in
2259 4171 2402 4217 aedes.
2423 4187 2480 4219 co
2517 4171 2605 4221 ‘tas
2642 4175 2760 4221 reci·

1717 4249 1826 4294 pere
1850 4234 2077 4294 posthac?
2111 4234 2204 4281 Eu.
2228 4250 2272 4289 v,
2295 4239 2342 4283 2.
2365 4238 2430 4283 58
2531 4252 2594 4283 on
2628 4238 2760 4300 cogi-

1716 4306 1784 4343 tas
1818 4297 1928 4347 hinc
1964 4297 2153 4359 longule
2186 4298 2321 4345 esse?
2381 4298 2502 4347 Hea.
2545 4300 2598 4358 ii,
2622 4307 2671 4351 2.
2698 4308 2758 4351 10

1716 4361 1845 4418 Quid
1862 4361 2028 4412 faciam
2045 4363 2062 4410 ἓ
2098 4362 2182 4411 ch.
2209 4362 2410 4419 Quidvis
2425 4364 2599 4427 potius,
2616 4382 2759 4429 quam
