3192 4975
589 493 594 500 .
609 436 782 500 1604

612 591 738 656 quid
775 596 876 652 est,
901 590 1086 655 inquit,
1105 586 1323 639 Poiitsm‘
1348 590 1669 653 vituperare,

610 668 710 717 nisi
742 666 808 715 ad
831 663 1022 715 famem
1057 666 1315 728 rejicere?
1347 680 1464 715 nam
1484 656 1665 714 Poetoe

609 738 759 805 probi
783 757 902 791 suas
927 740 1218 791 vendebant
1253 739 1474 802 fabulas,
1505 746 1559 790 et
1575 740 1665 788 ha-

609 830 725 867 rum
748 817 927 881 pretiis
949 816 1234 866 alebantur.
1255 816 1406 865 Idem.
1517 814 1530 821 '

607 930 614 934 .
676 892 768 941 111«
797 895 860 941 ad
879 890 1064 952 samem
1100 891 1221 941 hanc
1255 890 1315 939 ab
1351 888 1528 952 studio]
1558 891 1667 940 Cur

603 969 882 1021 lacessitus
921 967 1236 1032 respondes?
1271 976 1535 1018 certamen
1560 973 1665 1029 est,

608 1043 798 1107 inquit.
829 1044 980 1095 Idem·
1456 1058 1458 1061 ’

673 1117 750 1167 Ab
801 1119 959 1168 studio
1007 1118 1216 1181 studuit]
1279 1117 1529 1167 Vetuste:
1585 1123 1666 1179 ut,

607 1192 842 1243 ‘luserat
878 1191 1087 1243 ludum'
1129 1200 1187 1243 et
1230 1194 1246 1221 4
1273 1206 1496 1255 pugnam
1535 1206 1665 1256 pug-

610 1266 791 1320 navit?
826 1267 980 1317 laem.

672 1340 751 1392 Ab
767 1340 948 1404 studio]
979 1343 1222 1395 Donatus
1254 1342 1373 1391 hic:
1405 1342 1474 1391 ub
1509 1342 1665 1391 studio

608 1417 812 1467 studuit.
868 1423 1090 1468 vetuste.
1146 1424 1226 1480 ut,
1288 1418 1305 1447 ‘
1337 1418 1534 1467 luserat
1589 1418 1667 1467 lu-

609 1492 770 1557 dum,'
823 1497 880 1542 et
931 1493 1188 1558 ‘pugnam
1213 1488 1478 1557 ‘pugnavit
1501 1496 1534 1542 ι’
1570 1492 1665 1542 sed

605 1564 824 1617 fallitur.
859 1580 976 1616 nam
999 1568 1044 1615 is
1067 1567 1195 1617 ordo
1233 1566 1525 1630 verborum,
1561 1574 1664 1615 stu-

607 1643 716 1691 duit
747 1642 926 1692 reicere
960 1641 1021 1707 (i.
1059 1642 1306 1707 rejicere)
1340 1643 1400 1692 ab
1425 1643 1582 1693 studio
1602 1644 1667 1691 ad

551 1756 556 1763 .
597 1714 798 1775 sconem.
830 1729 1037 1780 nempe,
1059 1723 1116 1765 ut
1155 1724 1392 1767 cessante
1414 1716 1590 1766 studio
1609 1724 1667 1767 et

512 1842 518 1845 ,
607 1789 868 1849 industria
919 1789 1058 1841 fame
1096 1792 1314 1854 periret,
1364 1797 1420 1841 et
1469 1792 1664 1854 inopia.

605 1865 764 1920 Nam.
786 1865 804 1893 4
824 1864 1078 1928 Magister
1096 1865 1224 1915 artis
1248 1865 1543 1928 ingeniique
1565 1866 1667 1913 iar-

611 1940 751 2001 gitor
791 1938 1007 2001 venter‚’
1039 1945 1100 1988 ut
1132 1939 1284 1989 Pers.
1307 1941 1357 1987 in
1383 1940 1583 2003 prolog.
1609 1946 1665 1987 et

603 2014 805 2077 Theog.
827 2013 884 2061 Ἦ
897 2012 1034 2063 πενία
1048 2012 1281 2075 Διόφαννε
1311 2012 1428 2074 μόνη
1442 2013 1530 2063 τὰς
1547 2011 1665 2075 τέχ-

607 2092 692 2139 νας
725 2088 906 2153 ἐγείρει.
975 2090 1202 2141 Suedium
1219 2095 1390 2138 autem
1436 2104 1556 2149 vox,
1596 2102 1664 2137 ex

606 2166 748 2217 Eeb.
773 2184 916 2240 Πηγ,
949 2168 1087 2232 quod
1120 2167 1136 2194 ‘
1160 2164 1434 2231 quaerere,’
1465 2169 1482 2194 4
1508 2180 1663 2214 vena·

604 2248 654 2296 ri
673 2246 690 2271 '
730 2247 1002 2311 significat.
1036 2247 1099 2296 Id
1121 2247 1259 2295 enim
1276 2246 1550 2308 primorum
1573 2245 1664 2293 ho·

605 2322 802 2371 minum
820 2321 1139 2385 praecipuum
1161 2320 1410 2383 studium,
1433 2321 1657 2369 venetio.

607 2396 738 2453 Mer.
767 2396 1082 2446 omnibonus.

670 2473 734 2519 21
767 2469 1049 2520 Benedictis
1069 2469 1114 2518 si
1136 2468 1384 2533 certasset]
1421 2470 1558 2522 Quia
1579 2485 1662 2520 su-

611 2559 710 2607 pra
731 2543 884 2606 dixit,
931 2544 948 2573 4
965 2544 1028 2593 In
1067 2545 1238 2594 medio
1273 2545 1507 2594 omnibus
1551 2546 1663 2608 pal-

607 2630 743 2668 mam
760 2632 874 2668 esse
892 2618 1146 2681 positam!
1168 2621 1311 2683 quasi
1331 2619 1497 2680 dicat,
1519 2621 1662 2683 quic-

609 2693 733 2757 quid
765 2693 818 2742 in
849 2699 1115 2742 certamen
1150 2695 1373 2756 venerit,
1390 2694 1443 2742 in
1466 2708 1530 2744 eo
1553 2695 1663 2742 vin-

609 2767 802 2818 cendos
825 2770 1037 2817 aemulos
1055 2781 1188 2818 esse.
1221 2768 1460 2819 Donatus.

675 2843 734 2892 Si
756 2844 1008 2907 certasset]
1035 2842 1168 2892 'Arri
1188 2845 1274 2893 τοῦ
1293 2849 1662 2908 provocassetz

613 2918 678 2968 ab
703 2932 768 2968 eo
786 2920 921 2983 quod
941 2921 1211 2982 praeeedit,
1234 2921 1287 2969 id
1311 2919 1449 2984 quod
1492 2921 1664 2984 sequi·

609 2999 716 3041 tur.
747 2993 1017 3056 Virgilius,
1035 2995 1050 3022 4
1068 2995 1183 3044 Nec
1208 3001 1262 3044 te
1278 2999 1508 3045 certasse
1528 2995 1664 3058 prio-

619 3083 728 3118 rem
751 3067 1049 3119 Poeniteat.'
1092 3070 1242 3119 Idem.
1372 3097 1380 3106 -

669 3145 898 3194 Audisses
919 3143 1054 3205 bene]
1083 3145 1218 3194 Bene
1235 3146 1418 3206 audire,
1439 3151 1519 3194 est
1532 3143 1667 3194 bene

607 3219 730 3279 dici,
752 3219 973 3266 laudari.
1001 3219 1152 3266 Idem.

671 3295 899 3343 Audisset
939 3293 1074 3356 bene]
1117 3295 1356 3343 Donatus
1419 3294 1666 3356 supplere

611 3369 824 3432 ἔλλειψιν
845 3370 1070 3431 videtur,
1082 3369 1286 3433 quando
1303 3376 1480 3419 notat:
1505 3370 1666 3420 ‘bene

611 3443 828 3505 audire,'
870 3447 968 3492 διο.
1012 3444 1209 3507 plenius
1227 3461 1242 3492 ι
1292 3445 1424 3494 bene
1466 3445 1667 3506 audire,

609 3526 712 3580 est,
734 3519 912 3568 audire
931 3520 1063 3569 bene
1082 3519 1201 3568 dici.
1219 3519 1296 3567 ita
1306 3520 1439 3568 male
1465 3519 1667 3583 audire,

609 3601 709 3655 est,
742 3595 919 3644 audire
942 3595 1076 3642 male
1113 3592 1236 3655 dici,
1266 3593 1365 3642 sibi
1390 3600 1480 3642 aut
1503 3593 1570 3643 de
1592 3608 1666 3643 se.

603 3668 720 3718 haec
752 3669 906 3718 unica
927 3667 1061 3716 ratio
1084 3667 1374 3718 locutionis.
1406 3669 1665 3719 Boeclerus.

631 3747 636 3754 '
676 3747 740 3792 22
777 3743 923 3800 Quod
938 3742 998 3791 ab
1018 3743 1120 3805 ipso
1141 3743 1336 3792 allatum
1366 3743 1458 3808 est]
1478 3742 1544 3791 Id
1565 3751 1669 3808 est,

611 3817 966 3867 maledictum.
999 3818 1233 3867 Donatus.

679 3894 819 3949 Quod
849 3893 1030 3956 abipso
1050 3893 1244 3940 allatum
1265 3896 1355 3954 est,
1383 3892 1476 3942 sibi
1498 3907 1597 3942 esse
1614 3893 1668 3942 ic

607 3970 825 4018 rellatum
837 3967 994 4031 putet]
1009 3966 1344 4016 Proverbiale
1361 3975 1460 4030 est,
1483 3969 1498 3996 4
1511 3969 1665 4021 Quod

608 4043 774 4102 dedit,
815 4039 1049 4103 recepit.’
1114 4041 1183 4089 Et
1220 4042 1499 4104 geminavit
1531 4045 1566 4092 1.
1607 4049 1667 4093 ut

608 4118 625 4146 ‘
641 4115 923 4179 Reiliquias
949 4115 1227 4165 Danaum.’
1263 4118 1410 4166 Idem.

676 4190 736 4237 Id
756 4190 850 4237 sibi
871 4205 966 4238 esse
991 4191 1230 4254 reiensem]
1253 4192 1446 4242 Versus
1468 4201 1665 4242 susten-

611 4277 754 4318 tatur
777 4271 1130 4320 contrahendo
1151 4273 1206 4320 in
1238 4273 1526 4334 scansione,
1555 4271 1666 4336 sibi,

1307 447 1527 496 No'rAE
1576 447 1977 497 VARmRUM
2026 448 2108 496 ΙΝ

1739 589 1791 638 in
1826 602 1976 638 tinam
2012 586 2281 652 syllabam,
2304 584 2389 636 vel
2424 584 2635 636 elisione
2666 587 2699 637 d
2728 602 2795 637 ex
2884 604 2896 612 ·

1737 666 1807 723 id,
1831 672 1887 714 ut
1912 666 1980 715 sit
2014 664 2251 726 dactylus
2276 662 2328 709 in
2350 660 2509 710 tertia
2528 668 2585 709 et
2612 670 2797 725 quarta

1741 738 1885 803 sede.
1923 738 2154 789 Faernus.

1807 814 1945 870 Quod
1956 812 2017 861 ab
2036 813 2119 860 illo
2139 812 2336 860 cllum
2354 815 2445 872 est,
2464 808 2519 858 id
2528 809 2619 858 sibi
2630 808 2797 872 reka]

1738 889 1866 939 Jure
1899 903 1955 937 se
2001 887 2254 937 defendit.
2296 886 2363 936 de
2394 899 2497 949 qno
2533 885 2662 935 iliud
2679 898 2797 950 pro·

1741 962 1970 1013 verbiale
2026 962 2167 1025 apud
2220 962 2487 1010 Donatum
2533 965 2793 1009 testatur:

1739 1038 1935 1093 §Quod
1960 1037 2137 1099 dedit‚,·
2165 1034 2405 1098 recepit!
2470 1033 2631 1098 Apud
2670 1035 2797 1085 Sne·

1740 1116 1937 1165 tonium
1971 1114 2318 1177 Vespasianus
2359 1111 2425 1161 de
2458 1111 2633 1175 jurgio
2671 1125 2797 1175 quo·
2894 1143 2905 1148 -

1740 1189 1857 1239 dam
1878 1190 2141 1240 Senatoris
2168 1187 2471 1252 Equitisque
2495 1187 2707 1237 Romani
2724 1186 2799 1236 ita

1741 1266 2127 1329 pronuntiavit:
2170 1267 2187 1293 ‘
2212 1266 2331 1317 Non
2375 1271 2621 1327 oportere
2642 1264 2799 1313 maie·

1741 1338 1847 1391 dici
1885 1340 2251 1401 Senatoribus:
2296 1336 2592 1387 remaiedici
2642 1337 2797 1388 civile

1739 1413 1923 1481 fasque
1962 1414 2115 1465 esse?
2177 1414 2431 1477 Ulpianus
2468 1423 2671 1477 quoque
2704 1426 2799 1475 pu·

1740 1496 1819 1539 tat
1840 1490 2205 1555 ignoscendum
2227 1490 2297 1551 ei,
2316 1488 2405 1553 qui
2436 1488 2601 1537 voiuit
2634 1502 2691 1537 se
2720 1488 2797 1538 ui-

1741 1566 1865 1616 cisci
1888 1573 2218 1629 provocatus,
2233 1562 2581 1628 retorquendo
2598 1562 2800 1612 scilieet

1739 1640 1793 1689 in
1816 1655 1933 1689 eum
1968 1640 2202 1701 crimina,
2219 1653 2248 1687 a
2270 1652 2371 1703 quo
2394 1638 2591 1701 petitus
2615 1645 2729 1686 erat
2761 1638 2796 1686 Ι.
2835 1628 2841 1635 ’

1741 1727 1857 1763 xiv.
1880 1717 1975 1779 §6.
1993 1715 2059 1764 de
2083 1715 2245 1764 Bonis
2270 1714 2471 1764 Libert.
2507 1712 2653 1761 Bene
2678 1714 2693 1740 4
2719 1712 2797 1775 ig·

1741 1788 2091 1840 noscendum.'
2114 1789 2373 1837 Boeclcrus.

1810 1864 2132 1921 Quodabillo
2159 1864 2357 1913 allatum
2390 1868 2482 1924 est,
2508 1862 2797 1913 sibiidcssc

1739 1940 1981 2010 rellatum]
2017 1940 2167 2001 Quod
2189 1938 2351 2001 Angli
2382 1940 2535 2001 vulgo
2558 1945 2797 2001 venuste,

1740 2014 1867 2064 Such
1888 2031 1941 2063 os
1959 2031 2048 2079 you
2070 2015 2229 2076 bring,
2244 2017 2327 2077 qv.
2369 2014 2503 2063 Mer.
2526 2014 2745 2063 Casaub.
2840 2020 2847 2027 '

1802 2094 1866 2139 23
1905 2091 1983 2139 De
2003 2088 2201 2149 mojam
2217 2089 2371 2155 finem
2398 2086 2587 2148 jaciam
2604 2089 2798 2137 dicundi

1736 2168 1877 2231 mila]
1908 2165 2027 2215 Ἀπὸ
2045 2167 2134 2224 τῆς
2168 2162 2409 2214 ἐπιεικείας
2442 2164 2529 2211 τοῦ
2557 2162 2798 2223 λέγοντος.

1742 2241 1983 2292 Donatus.

1802 2318 2015 2367 Dicendi
2035 2318 2171 2378 mhi,
2196 2316 2435 2367 Peccandi
2458 2332 2599 2379 quum
2613 2317 2717 2379 ipse
2737 2319 2795 2366 de

1735 2392 1945 2457 sefinem
1975 2409 2068 2442 non
2092 2392 2243 2455 facit]
2278 2394 2349 2441 Et
2380 2392 2516 2453 mihi,
2548 2397 2605 2440 et
2639 2394 2701 2441 de
2726 2406 2795 2453 se,

1737 2470 1944 2533 proprie
1990 2468 2212 2533 positum
2252 2475 2374 2519 est:
2432 2474 2487 2518 et
2540 2474 2799 2532 praterea

1735 2545 2011 2607 ἀμφιβολία.
2053 2546 2204 2596 Idem.
2806 2561 2811 2566 “

1800 2625 1863 2670 24
1900 2621 2157 2683 Peccandi]
2190 2619 2565 2670 Maledieendi.
2595 2621 2747 2671 Idem.

1803 2697 2038 2746 Peccandi
2053 2711 2159 2744 cum
2178 2696 2280 2758 ipse
2296 2696 2354 2744 de
2366 2693 2599 2759 seflnem]
2620 2695 2795 2758 Prius,

1736 2769 1925 2832 inquit,
1980 2785 2078 2834 ego
2122 2770 2189 2818 de
2235 2771 2322 2819 illo
2372 2769 2527 2818 finem
2586 2768 2800 2830 faciam,

1740 2862 1891 2911 quam
1915 2849 2028 2909 ipse
2051 2848 2116 2896 de
2137 2861 2210 2896 se.
2273 2845 2378 2907 An,
2399 2846 2553 2895 Prius
2584 2847 2793 2898 dicendi

1737 2913 1833 2984 ego
1875 2921 2083 2982 faciam,
2122 2937 2275 2986 quam
2313 2922 2403 2971 ille
2437 2922 2691 2986 peccandi
2732 2923 2796 2972 fi-

1737 2999 1889 3046 nem?
1925 2997 2197 3059 Nonfacs‘t,
2235 3011 2329 3059 pro
2365 3011 2464 3044 uon
2487 2997 2682 3045 faciat:
2714 3007 2794 3058 ut,

1736 3073 1753 3102 4
1776 3073 1969 3121 Mirum
2006 3073 2059 3120 ni
2087 3087 2186 3135 ego
2207 3071 2429 3134 turpiter
2448 3071 2601 3121 hodie
2624 3071 2797 3121 daha*

1738 3146 1891 3194 Idem.

1804 3222 1883 3272 De
1903 3221 1977 3283 se]
2007 3220 2089 3270 Au
2111 3223 2169 3270 de
2200 3235 2249 3270 sc
2288 3220 2521 3270 additum
2568 3222 2632 3271 ad
2669 3237 2791 3272 cou-

1738 3295 2035 3344 einnitatem
2075 3295 2369 3357 sententiae,
2409 3302 2470 3345 nt
2512 3299 2582 3358 τῷ·
2615 3300 2675 3348 de
2709 3300 2794 3348 illo

1738 3370 2087 3432 respondeat?
2123 3385 2206 3426 an,
2235 3371 2292 3418 de
2320 3385 2388 3431 se,
2422 3371 2457 3421 i.
2496 3371 2585 3434 ἀφ’
2607 3373 2797 3436 {cuv-rob]⁴

1738 3447 1949 3508 propria
1990 3447 2251 3494 voluntate
2286 3453 2341 3494 et
2375 3453 2549 3508 motu;
2582 3449 2723 3496 nulla
2759 3463 2792 3497 a

1724 3534 1819 3567 -me
1851 3520 2044 3584 injuria
2079 3527 2425 3583 provocatur?
2456 3522 2585 3572 Mer.
2610 3523 2787 3572 Carau-

1737 3595 1903 3648 bonus.

1802 3676 1865 3721 25
1902 3671 2043 3721 Nunc
2064 3672 2179 3735 quid
2204 3671 2365 3734 velim,
2396 3672 2607 3722 «niumm
2634 3679 2791 3724 atm-

1735 3746 1859 3811 dite]
1909 3748 2078 3797 Deest
2118 3747 2353 3810 qum-itis.
2402 3754 2459 3796 ut
2506 3749 2593 3810 sit,
2632 3748 2790 3799 Nunc

1736 3823 1858 3885 quid
1878 3823 2051 3884 veiim,
2073 3822 2343 3886 quaeritis?
2374 3824 2597 3874 animum
2621 3831 2790 3876 atten-

1736 3896 1864 3947 dite.
1897 3898 2133 3948 Donatus.

1799 3973 2015 4034 Adporto
2054 3972 2245 4035 novam]
2296 3973 2503 4037 Novum,
2548 3972 2789 4025 Latinam

1736 4047 1881 4097 dicit.
1910 4047 2059 4096 Idem.

1800 4130 1865 4174 26
1898 4125 2318 4189 Epidicazomenon
2339 4140 2475 4189 qwm
2506 4131 2675 4175 vocant
2707 4143 2786 4176 co·

1735 4199 1973 4262 moediam]
2009 4201 2113 4250 Hic
2135 4200 2406 4251 manifeste
2437 4208 2575 4250 errat
2594 4203 2788 4250 'Peren-

1736 4277 1856 4326 tius.
1892 4290 2007 4326 nam
2044 4277 2156 4327 haec
2192 4276 2368 4326 fabula
2388 4288 2541 4338 quam
2561 4281 2789 4327 transtu·
