3192 4975
587 433 750 499 clxii

587 600 816 655 desinam,
837 599 989 647 donec
1011 599 1247 663 perfecero
1283 601 1391 648 hoc.
1446 600 1537 650 Ph.
1559 602 1645 650 In-

588 666 713 731 eptis
747 666 837 713 Ph.
861 664 912 720 ii,
935 668 983 711 3.
1007 668 1070 713 73

653 728 867 791 Ineptus,
889 744 934 787 a,
950 744 1046 778 um.
1111 728 1218 776 Hoc
1237 744 1374 777 nemo
1389 730 1480 777 fuit
1492 730 1646 778 minus

585 794 796 855 ineptus,
816 792 962 855 magis
983 808 1167 840 severus
1201 793 1291 841 Eu.
1313 794 1366 852 ii,
1390 800 1434 843 l.
1459 799 1519 844 21
1567 794 1647 843 Ne

585 858 873 969 mergum-ne
895 870 1133 933 protervos
1155 858 1316 968 vitiza:
1338 858 1481 933 'Hea.
1505 860 1576 920 iii,
1600 864 1646 907 3.

587 926 896 1049 {gtuslfflss'
922 929 1182 1033 3155qu
1215 924 1649 1044 ..d}Z’¹1i3.⁸v,¹¹i.

585 1054 618 1099 4
653 1051 776 1113 Age,
799 1050 992 1113 inepte!
1019 1050 1181 1111 Eu.ii‚
1197 1054 1245 1100 3.
1264 1056 1342 1099 19.
1366 1050 1463 1101 Ad.
1485 1052 1597 1107 ii,4.
1617 1058 1647 1101 7

589 1114 720 1171 Quid
743 1131 844 1171 vos,
867 1115 1041 1162 malum
1061 1115 1070 1161 !
1121 1131 1233 1177 ergo
1253 1131 1329 1162 me
1349 1116 1416 1163 sic
1439 1116 1651 1164 ludifica-

587 1180 915 1241 mini‚inepti?
939 1180 1026 1229 Ph.
1046 1197 1091 1240 v,
1107 1184 1230 1229 7.56
1251 1180 1338 1226 Est
1349 1182 1651 1245 hercleinep·

589 1252 638 1291 ta
655 1260 714 1291 ne
731 1246 881 1292 dicam
899 1244 1028 1300 dolo,
1042 1252 1182 1307 atque
1199 1245 1397 1291 absurda
1413 1245 1508 1292 Ad.
1521 1246 1587 1303 iii,
1606 1251 1651 1294 3.

588 1312 650 1357 21
677 1308 847 1373 Inepta
861 1308 1029 1356 lenitas
1049 1309 1210 1371 patris,
1224 1316 1274 1357 et
1291 1309 1492 1357 facilitas
1511 1326 1655 1373 prava

588 1372 688 1420 Ad.
703 1374 769 1429 iii,
792 1379 835 1421 3.
853 1378 916 1422 36
938 1373 1040 1421 Aut
1059 1374 1198 1419 ullam
1217 1388 1420 1431 causam,
1443 1374 1653 1437 ineptam

591 1438 775 1498 saltem,
791 1438 970 1491 falsam,
987 1438 1196 1501 iniquam
1231 1437 1292 1487 A.
1311 1438 1348 1494 i,
1367 1444 1490 1488 5.22
1527 1440 1653 1497 Eho,

591 1502 773 1567 inepta,
796 1504 947 1549 nescis
970 1503 1083 1565 quid
1109 1504 1168 1549 sit
1189 1510 1343 1549 actum
1364 1505 1381 1549 ?
1430 1504 1490 1551 A.
1511 1504 1578 1561 ir,
1602 1509 1651 1553 4.

591 1572 657 1615 52
693 1566 823 1623 Quid
847 1574 934 1621 est,
953 1567 1116 1629 inepta
1135 1562 1162 1613 ?'
1187 1568 1276 1615 Eu.
1294 1584 1341 1623 v,
1357 1572 1403 1615 7.
1419 1573 1452 1615 6
1485 1570 1654 1625 Miror,

594 1632 832 1695 quomodo
855 1638 948 1677 tam
970 1632 1183 1693 ineptum
1205 1631 1456 1695 quicquam
1478 1633 1565 1680 tibi
1604 1635 1654 1680 in

592 1702 797 1742 mentem
819 1697 975 1743 venire
995 1696 1198 1757 potuerit
1231 1696 1354 1743 Hea.
1371 1712 1418 1751 v,
1437 1702 1484 1745 3.
1503 1702 1532 1745 3
1568 1698 1654 1744 Et-

594 1760 630 1806 si
655 1761 744 1805 hoc
766 1760 881 1805 mihi
916 1776 1125 1822 pravum,
1148 1761 1380 1823 ineptum,
1403 1762 1653 1809 absurdum

593 1824 781 1871 videtur
825 1823 924 1870 Ad.
946 1839 991 1880 v,
1016 1828 1062 1873 8.
1086 1828 1149 1872 22
1201 1825 1373 1886 Inepta
1394 1826 1495 1872 haec
1534 1842 1652 1882 esse,

595 1904 684 1935 nos
707 1902 812 1950 quae
833 1889 1044 1944 facimus,
1066 1889 1218 1935 sentio
1254 1888 1350 1938 Ad.
1373 1890 1442 1949 iii,
1465 1894 1512 1937 3.
1535 1895 1601 1939 76

661 1952 809 2001 Iners.
875 1953 1274 2015 Quandoquidem
1295 1962 1386 1999 tarn
1403 1954 1541 2011 iners,
1558 1962 1653 2001 tam

596 2016 715 2064 nulli
753 2017 939 2064 consilii
977 2032 1078 2064 sum
1135 2017 1194 2063 A.
1218 2018 1284 2072 iii,
1307 2024 1358 2068 5.
1377 2024 1409 2067 2
1465 2020 1514 2065 Si
1539 2020 1655 2067 scire

595 2082 686 2138 vis,
707 2082 858 2128 dicam
881 2099 892 2127 ε
937 2098 1083 2143 gerro,
1125 2082 1264 2136 iners,
1305 2084 1446 2136 fraus,
1480 2084 1659 2145 helluo,

771 2147 779 2179 ¹
1297 2147 1306 2156 .

598 2163 749 2257 {irai}
768 2146 1190 2273 nedizafnzisff‘alii)
1202 2147 1521 2267 illlalschcclItitii:
1530 2164 1656 2261 41¹³}

666 2275 851 2321 Inesco.
894 2276 1007 2331 Abi,
1029 2276 1180 2321 nescis
1201 2276 1406 2323 inescare
1429 2277 1660 2341 homines,

599 2338 778 2389 Sannio
813 2337 907 2385 Ad.
930 2340 984 2394 ii,
1007 2344 1056 2386 2.
1088 2344 1146 2387 12

665 2402 987 2449 Inexorabilis.
1042 2402 1230 2448 Adeon'
1245 2403 1433 2464 ingenio
1451 2419 1552 2451 esse
1568 2404 1657 2451 du-

601 2482 653 2518 ro
677 2475 740 2522 te,
763 2473 906 2528 atque
927 2466 1234 2521 inexorabili?
1269 2467 1358 2514 Ph.
1382 2467 1452 2527 iii,
1476 2473 1523 2516 2.
1549 2473 1611 2518 12

667 2531 886 2580 Infamia.
952 2531 1162 2578 Infamis.
1229 2532 1335 2588 Vis,
1359 2541 1556 2594 egestas,
1583 2534 1656 2580 in-

597 2593 799 2658 justitia,
837 2595 1058 2650 solitudo,
1096 2595 1288 2643 infamia
1341 2595 1436 2645 Ad.
1460 2597 1532 2652 iii,
1555 2602 1605 2646 2.
1630 2603 1660 2646 5

605 2659 762 2716 Cavit,
784 2675 844 2706 ne
869 2676 1071 2722 unquam
1093 2660 1300 2707 infamiae
1323 2676 1379 2707 ea
1399 2677 1468 2708 res
1489 2663 1578 2709 sibi
1592 2678 1663 2709 es-

605 2731 678 2770 set
709 2725 770 2773 A.
795 2724 850 2780 ii,
865 2731 912 2774 6.
935 2730 997 2774 13
1033 2724 1231 2787 Propter
1252 2741 1391 2788 quam
1415 2727 1463 2772 in
1487 2743 1668 2775 summa

605 2789 802 2836 infamia
827 2805 926 2836 sum
961 2789 1082 2838 Hea.
1098 2790 1146 2843 ii,
1168 2795 1217 2838 3.
1237 2793 1299 2839 18
1321 2789 1434 2836 Non
1453 2807 1510 2838 ea
1525 2807 1667 2839 causa

603 2855 752 2916 magis
791 2854 956 2915 patiar,
977 2854 1167 2916 flagitiis
1205 2856 1296 2901 tuis
1331 2871 1406 2902 me
1441 2854 1667 2904 infamem

558 2919 566 2925 ’
609 2917 710 2966 fieri
745 2918 868 2968 Hea.
890 2935 938 2980 V,
960 2923 1009 2967 4.
1035 2923 1097 2967 14

670 2981 921 3043 Infandus,
943 2999 986 3038 a,
1011 2999 1106 3029 um.
1169 2981 1286 3030 Tam
1314 2983 1559 3030 infandum
1597 2985 1667 3032 fa-

607 3046 760 3102 cinus,
784 3063 887 3095 mea
910 3056 979 3104 tu,
1001 3063 1062 3095 ne
1086 3048 1244 3094 audivi
1266 3047 1456 3111 quidem
1491 3047 1581 3099 Eu.
1602 3049 1667 3106 iv,

673 3175 902 3233 Infectus,
925 3193 970 3234 a,
1003 3193 1098 3224 um.
1164 3176 1350 3224 Infecta
1385 3192 1520 3240 pace,
1545 3178 1667 3225 ultro

611 3240 671 3287 ad
694 3256 796 3287 eam
821 3242 978 3288 venies
1012 3241 1104 3290 Eu.
1129 3242 1164 3296 i,
1192 3247 1236 3289 l.
1259 3246 1289 3289 8
1344 3242 1548 3298 Quando
1566 3243 1666 3305 jam

609 3305 878 3351 accusando
900 3305 999 3352 fieri
1021 3305 1250 3352 infectum
1271 3321 1368 3352 non
1407 3313 1577 3369 potest,
1596 3308 1668 3370 ig-

610 3383 754 3415 nosce
787 3369 878 3416 Ph.
901 3385 948 3431 v,
967 3374 1014 3418 8.
1037 3373 1099 3417 45

677 3432 954 3481 Infelicitas.
1023 3433 1153 3489 Quid
1191 3435 1299 3492 hoc,
1336 3434 1510 3482 malurn
1531 3435 1541 3481 !
1593 3434 1669 3483 in-

611 3496 848 3545 felicitatis
867 3499 884 3545 ?
918 3497 1018 3545 Ad.
1040 3499 1102 3554 iv,
1127 3503 1174 3547 2.
1197 3505 1226 3547 5

677 3561 949 3612 Infeliciter.
977 3562 1166 3610 Infelix.
1199 3563 1248 3610 Is
1269 3563 1324 3609 fit
1340 3564 1454 3611 mihi
1469 3564 1671 3612 obviam.

611 3627 700 3676 Pa.
724 3625 1030 3675 Incommode
1051 3629 1220 3675 hercle.
1266 3627 1354 3678 Ch.
1377 3629 1528 3676 Immo
1550 3629 1673 3676 infe-

613 3690 763 3739 liciter
817 3690 906 3743 Eu,
929 3693 980 3749 ii,
999 3697 1044 3741 3.
1069 3696 1129 3740 37
1186 3691 1290 3754 Ego
1312 3693 1494 3749 infelix,
1517 3708 1672 3756 neque

615 3755 839 3806 ridiculus
861 3772 962 3804 esse
986 3772 1172 3819 possum
1207 3757 1300 3804 Eu.
1326 3758 1374 3812 ii,
1398 3762 1444 3806 2.
1468 3761 1528 3806 13
1581 3758 1674 3805 Nae

615 3837 705 3884 ego
745 3822 884 3867 homo
926 3837 1026 3869 sum
1064 3821 1229 3868 infelix
1249 3821 1259 3867 !
1317 3819 1416 3867 Ad.
1449 3821 1514 3880 iv,
1551 3826 1603 3870 2.
1643 3829 1669 3872 1

615 3886 715 3943 Qui
748 3886 914 3933 infelix
945 3887 1071 3934 haud
1105 3886 1223 3940 scio,
1244 3901 1305 3932 an
1343 3886 1472 3932 illam
1509 3886 1675 3935 misere

614 3966 742 3999 nunc
779 3957 906 3997 amat
953 3950 1050 3998 Ad.
1071 3951 1141 4012 iv,
1162 3956 1207 3999 5.
1231 3953 1294 3998 33
1351 3949 1481 4006 Quid
1519 3965 1675 4013 agam,

616 4015 776 4063 infelix
801 4015 820 4062 ?
874 4015 970 4063 He.
988 4014 1059 4070 iii,
1080 4018 1129 4062 4.
1151 4019 1216 4063 40
1272 4013 1331 4060 In
1375 4030 1484 4061 eum
1525 4015 1676 4062 incidi

615 4080 782 4128 infelix
821 4078 992 4136 locum,
1017 4086 1071 4126 ut
1126 4079 1216 4126 Ph.
1236 4079 1274 4137 i,
1299 4082 1346 4126 3.
1368 4083 1431 4127 23
1486 4079 1675 4126 Adeon’

617 4143 852 4190 hominem
874 4160 976 4192 esse
997 4145 1314 4203 invenustum,
1337 4151 1417 4189 aut
1437 4143 1675 4192 infelicem

618 4221 902 4270 quenquam,
928 4217 980 4255 ut
995 4224 1083 4271 ego
1099 4223 1199 4256 sum
1219 4207 1228 4253 !
1257 4206 1320 4256 A.
1338 4208 1372 4264 i,
1393 4213 1437 4255 5.
1455 4211 1517 4255 10
1541 4207 1586 4254 Ο
1602 4209 1675 4255 in·

619 4269 803 4317 felicem
819 4271 1240 4320 adolescentulum!
1268 4272 1417 4328 Eum,
1431 4278 1477 4320 5.
1495 4277 1520 4320 1
1547 4272 1677 4329 Heu,

621 4349 695 4388 ,me
717 4333 950 4382 infelicem
973 4337 984 4384 Ξ
1021 4337 1114 4385 He.
1137 4337 1208 4392 iii.
1231 4341 1276 4388 1.
1297 4342 1330 4387 2
1379 4336 1548 4385 Infelix
1569 4337 1580 4383 !
1618 4337 1678 4384 si·-

1569 452 1819 503 11⁸1an

1721 602 1911 665 quidem
1936 607 1987 650 tu
2010 602 2138 655 istaec
2161 618 2271 651 vera
2292 603 2519 665 praedicas
2554 603 2643 653 Eu.
2666 620 2712 663 v,
2735 608 2783 659 1.

1724 672 1786 717 12
1822 667 1958 715 Itane
1980 684 2029 715 es
2054 671 2240 729 paratus
2262 668 2415 717 facere
2438 684 2512 716 me
2535 672 2779 719 advorsum

1722 732 1897 788 omnia,
1922 732 2120 779 infelix?
2156 733 2247 781 Ph.
2266 732 2319 787 ii,
2342 736 2389 781 3.
2414 738 2475 783 81

1790 795 2028 845 Infenaus.
2094 797 2183 845 Me
2202 797 2417 845 infensus
2456 805 2607 845 servat
2657 798 2721 849 A.
2746 798 2783 859 i,

1790 923 1952 971 Inferi.
2038 923 2108 971 Ut
2149 930 2197 971 te
2254 925 2445 988 quidem
2487 940 2648 973 omnes
2696 926 2789 987 Di„

1724 988 1955 1052 Deaeque,
1978 988 2163 1049 Superi,
2184 988 2350 1047 Inferi,
2387 989 2521 1039 malis
2558 992 2787 1055 exemplis

1725 1053 1955 1117 perdant!
1996 1054 2083 1101 Ph.
2108 1054 2173 1108 iv,
2194 1058 2243 1104 4.
2264 1059 2296 1103 6

1790 1117 1967 1165 Infero.
2036 1118 2132 1174 Qui
2154 1126 2200 1165 te
2222 1120 2283 1165 ad
2316 1118 2560 1181 scopulum
2594 1135 2622 1166 e
2660 1126 2788 1165 tran·

1724 1181 1873 1247 quillo
1898 1182 2065 1229 inferat
2097 1182 2188 1230 Ph.
2212 1184 2280 1238 iv,
2302 1188 2351 1232 4.
2374 1190 2407 1232 9

1792 1246 1997 1293 Inficias.
2062 1246 2111 1293 Si
2155 1248 2246 1295 hoc
2293 1248 2448 1309 palam
2492 1246 2783 1309 proferimus,

1728 1311 1807 1359 ille
1828 1310 2008 1357 inficias
2030 1311 2131 1364 ibit,
2156 1319 2228 1357 sat
2248 1310 2362 1357 scio.
2401 1312 2481 1359 So.
2503 1312 2587 1358 Sin
2608 1312 2788 1359 inficias

1726 1376 1833 1431 ibit,
1858 1376 1985 1423 testis
2010 1390 2190 1423 mecum
2214 1381 2285 1422 est
2305 1376 2473 1427 anulus
2517 1374 2615 1425 Ad.
2639 1377 2711 1439 iii,
2734 1381 2785 1426 2.

1793 1503 2005 1553 Infimus.
2070 1502 2195 1550 Tace
2217 1509 2287 1559 tu,
2312 1519 2451 1567 quern
2473 1519 2563 1565 ego
2586 1518 2689 1552 esse
2711 1503 2788 1549 in-

1728 1568 1798 1616 fra
1817 1569 2001 1616 infimos
2023 1583 2183 1615 omnes
2205 1574 2321 1631 puto
2356 1568 2569 1615 homines
2602 1568 2695 1627 Eu.
2717 1568 2791 1625 iii,

1794 1696 2059 1744 Infirmitas.
2128 1696 2260 1753 Quid
2283 1697 2436 1744 adhue
2458 1697 2638 1744 habent
2656 1696 2785 1745 infixa

1730 1763 1906 1809 mitatis
1926 1761 2138 1825 nuptiae?
2174 1760 2266 1807 He.
2290 1761 2323 1817 i,
2346 1766 2395 1809 2.
2423 1763 2511 1809 101

1794 1827 2030 1885 Infirmus,
2070 1840 2115 1881 a,
2155 1842 2252 1873 um.
2322 1826 2421 1881 Qui
2442 1841 2523 1873 eos
2565 1826 2793 1888 gubernat

1729 1891 1927 1945 animus,
1962 1890 2197 1937 infirmum
2232 1897 2399 1951 gerunt
2454 1890 2545 1937 He.
2564 1891 2629 1946 iii,
2657 1895 2701 1939 Ι.
2722 1894 2786 1942 31

1732 1956 1854 2004 Cum
1876 1956 2040 2003 scirem
2061 1953 2267 2001 infirmas
2285 1954 2476 2017 nuptias
2510 1955 2647 2002 hasce
2684 1970 2789 2002 esse

1732 2021 1822 2068 Ph.
1847 2036 1892 2078 ν,
1915 2025 1959 2067 l.
1980 2025 2012 2068 6

1796 2084 2134 2131 Infortunatus.
2183 2081 2227 2131 Ο
2246 2081 2580 2130 infortunatum
2597 2098 2755 2131 senem
2774 2082 2787 2129 !

1733 2148 1824 2197 Eu.
1848 2149 1901 2205 ii,
1927 2153 1972 2197 3.
1996 2152 2026 2195 7

1798 2213 2127 2259 Infortunium.
2190 2210 2336 2259 Haud
2356 2212 2549 2259 multum
2571 2228 2599 2259 a
2614 2227 2690 2259 me
2708 2212 2791 2259 ιὼς

1733 2278 1821 2325 erit
1842 2278 2145 2337 infortunium
2180 2276 2301 2323 Hea.
2322 2277 2389 2336 iv,
2413 2281 2461 2327 2.
2482 2282 2505 2324 1
2544 2277 2591 2324 Si
2607 2277 2790 2337 attigis-

1733 2358 1823 2395 ses,
1841 2342 1980 2389 ferres
1994 2340 2300 2388 infortunium
2332 2340 2428 2388 Ad.
2442 2342 2491 2396 ii,
2509 2346 2553 2390 1.
2567 2344 2631 2389 24
2666 2340 2791 2389 Faxo

1734 2407 1817 2453 tali
1838 2422 1943 2453 eum
1968 2413 2239 2461 mactatum,
2260 2412 2402 2469 atque
2424 2406 2501 2454 hic
2536 2413 2625 2468 est,
2646 2405 2791 2452 infor-

1736 2470 1866 2518 tunio
1902 2471 1991 2518 Ph.
2020 2486 2067 2526 v,
2092 2474 2139 2518 8.
2162 2474 2229 2519 39

1798 2535 1945 2583 Infra.
2004 2535 2159 2591 Quem
2182 2551 2281 2582 esse
2298 2533 2417 2581 infra
2430 2534 2617 2583 infimos
2634 2550 2795 2582 omnes

1738 2607 1853 2662 puto
1875 2597 2088 2647 homines
2121 2599 2211 2646 Eu.
2234 2599 2302 2662 iii,
2318 2603 2366 2648 2.
2391 2603 2455 2647 36

1802 2664 2033 2725 Infringo.
2100 2664 2296 2711 Homini
2316 2664 2482 2710 misero
2514 2662 2621 2726 plus
2655 2662 2795 2725 quin-

1739 2737 1903 2790 gentos
1926 2729 2150 2794 colaphos
2169 2727 2364 2792 infregit
2383 2726 2500 2776 mihi
2553 2727 2651 2775 Ad.
2673 2727 2727 2784 ii,
2750 2732 2795 2776 l.

1804 2857 2070 2920 Ingenium.
2137 2857 2215 2904 Ita
2236 2863 2289 2904 ut
2310 2857 2549 2920 ingenium
2585 2862 2658 2902 est
2694 2870 2796 2908 om-

1738 2921 1868 2968 nium
1892 2923 2133 2968 hominum
2155 2923 2214 2968 ab
2238 2922 2395 2969 labore
2418 2920 2624 2984 proclive
2646 2919 2706 2966 ad
2725 2919 2797 2966 lu-

1741 2985 1949 3033 bidinem
2004 2985 2065 3033 A.
2088 2987 2121 3040 i,
2150 2991 2195 3034 1.
2219 2991 2283 3034 50
2338 2985 2645 3050 Experimini,
2667 2984 2798 3046 inge-

1740 3051 1868 3097 nium
1891 3051 2007 3114 quid
2042 3051 2192 3113 possit
2227 3067 2380 3097 meum
2436 3051 2561 3098 Hea.
2586 3049 2711 3098 Prol.
2734 3053 2799 3104 47

1743 3115 1882 3171 Quae,
1905 3115 2132 3177 cujusque
2154 3115 2393 3176 ingenium
2417 3123 2471 3160 ut
2494 3116 2573 3174 sit,
2594 3113 2803 3160 declarat

1740 3175 1863 3229 ΗΕΘ..
1888 3179 1940 3234 ii,
1962 3183 2008 3226 3.
2029 3183 2093 3226 43
2148 3178 2227 3224 Sic
2249 3185 2321 3224 est
2355 3179 2595 3240 ingenium
2650 3178 2743 3224 Ph.
2766 3179 2805 3238 i,

1740 3248 1791 3292 2.
1814 3248 1879 3290 20
1914 3243 2032 3290 Haec
2052 3258 2139 3304 ego
2163 3244 2386 3304 putabam
2409 3258 2510 3288 csse
2534 3242 2689 3288 omnia
2711 3243 2803 3287 hu-

1741 3308 1867 3354 mani
1902 3307 2079 3368 ingeni,
2105 3307 2427 3369 mansuetique
2462 3306 2604 3353 animi
2645 3305 2803 3352 officia

1742 3370 1806 3418 A.
1822 3373 1857 3427 i,
1874 3377 1919 3418 l.
1936 3375 1999 3420 86
2031 3370 2179 3435 Apud
2195 3378 2242 3420 te
2260 3387 2363 3420 meo
2378 3371 2664 3434 eritingenio
2679 3371 2800 3418 fides

1743 3436 1837 3484 He.
1858 3435 1931 3492 iii,
1955 3442 2002 3484 5.
2024 3441 2088 3485 24
2143 3435 2303 3483 Antea
2339 3437 2421 3499 qui
2463 3437 2581 3484 scire
2620 3449 2803 3497 posses,

1742 3508 1826 3548 aut
1845 3501 2088 3564 ingenium
2109 3502 2335 3548 noscere?
2369 3499 2429 3549 A.
2450 3500 2487 3556 i,
2508 3504 2550 3547 1.
2570 3504 2635 3548 26
2667 3499 2803 3552 Bene

1742 3572 1793 3612 et
1814 3566 1987 3628 pudice
2024 3565 2127 3628 ejus
2166 3567 2354 3612 doctum
2394 3572 2535 3626 atque
2573 3564 2801 3610 eductum

1745 3631 1893 3678 sinam
1914 3638 2121 3692 egestate
2141 3630 2379 3691 ingenium
2401 3627 2717 3675 immutarier?
2744 3627 2803 3675 A.

1744 3694 1778 3750 i,
1796 3699 1920 3743 5.40
1941 3695 2007 3740 ‘l'e
2026 3709 2108 3756 per
2125 3694 2245 3740 hanc
2264 3694 2471 3740 dextram
2491 3702 2650 3749 oro,et
2666 3692 2809 3754 inge-

1745 3759 1876 3814 nium
1892 3767 2020 3804 tuum
2045 3756 2107 3804 A.
2130 3761 2174 3811 1,
2194 3763 2243 3805 5.
2264 3762 2329 3806 54
2352 3757 2542 3805 Bonum
2560 3757 2801 3820 ingenium

1746 3838 1900 3870 narras
1923 3821 2250 3869 adolescentis.
2286 3822 2396 3886 My.
2422 3823 2684 3885 Optumum
2732 3819 2801 3868 A.

1744 3888 1816 3942 iii,
1842 3892 1884 3934 1.
1908 3890 1939 3934 8
1989 3885 2118 3933 Novi
2140 3886 2381 3950 ingenium
2406 3887 2647 3934 mulierum
2670 3903 2683 3932 z
2716 3900 2803 3931 no-

1746 3953 1869 4010 lunt,
1891 3951 1972 3998 ubi
1994 3950 2109 3998 velis
2142 3951 2233 3998 Eu.
2248 3952 2319 4010 iv,
2340 3956 2388 3999 7.
2406 3957 2471 4001 42
2504 3952 2646 4008 Mihi,
2664 3949 2805 4014 quale

1744 4016 1997 4128 iI-rigeni‘pnzlt
2035 4017 2273 4130 {wlff—‘⁵³’-
2297 4017 2387 4062 fuit
2427 4016 2605 4091 indicio
2656 4015 2805 4061 oratio

1798 4097 1871 4130 ea.
1896 4096 1946 4137 u,
2002 4115 2015 4131 .
2176 4096 2339 4129 occrne
2359 4096 2430 4128 rue
2450 4095 2666 4126 miserum
2704 4095 2805 4132 non

1748 4145 1886 4193 licere
1904 4160 2009 4192 meo
2031 4147 2173 4192 modo
2188 4145 2429 4206 ingenium
2449 4144 2539 4190 frui
2558 4143 2569 4188 !
2604 4142 2729 4191 Hea.
2750 4143 2805 4200 ii,

1748 4216 1797 4260 4.
1822 4216 1883 4260 21
1920 4209 2127 4258 Rursum
2148 4211 2209 4257 ad
2232 4207 2469 4270 ingenium
2486 4207 2609 4254 redit
2652 4206 2749 4254 Ad.
2770 4208 2807 4269 i,

1750 4281 1797 4324 1.
1819 4279 1886 4324 46
1918 4274 2169 4339 Ingenium
2190 4273 2298 4320 novi
2320 4281 2451 4318 tuum
2484 4271 2673 4320 liberale
2708 4272 2805 4318 Ad.

1748 4339 1814 4402 iv,
1837 4345 1885 4389 5.
1908 4343 1974 4389 49
2005 4339 2132 4388 Scire
2153 4345 2225 4386 est
2244 4337 2437 4385 liberum
2452 4336 2711 4402 ingenium,
2734 4343 2806 4383 at·
