3192 4975
530 2968 534 2972 '
616 2959 760 3007 lium.
793 2960 943 3009 Idem.

616 430 786 515 mss

611 610 749 660 illius
775 605 1028 671 partibus,
1041 621 1142 657 non
1160 606 1298 656 ilium
1317 608 1554 657 tuereris.
1587 608 1667 657 M.

619 682 935 735 Casaubonus.

679 765 746 811 40
778 760 838 809 Si
869 764 958 821 est,
978 765 1163 823 patrue,
1181 760 1362 822 culpam
1381 765 1436 809 ut
1456 759 1671 823 Antipho

613 836 668 887 in
687 852 736 886 se
755 836 1026 897 admiserit]
1049 884 1054 889 ,
1077 836 1397 899 Principium
1430 850 1526 899 per
1549 836 1671 884 insi·

613 914 915 963 nuationem.
937 912 1195 963 subtilem.
1263 915 1333 963 Et
1355 914 1574 965 honesta
1592 916 1671 964 lo-

615 990 790 1040 cutio:
827 990 842 1015 ‘
865 989 918 1037 Si
939 994 1020 1037 est
1043 996 1100 1037 ut
1125 989 1389 1039 admiserit
1409 987 1441 1038 ι’
1491 1006 1601 1055 pro,
1628 991 1671 1041 si

616 1064 839 1115 admisit.
871 1065 1108 1114 Donatus.

621 1162 630 1169 ·
668 1140 740 1189 -Si
773 1138 860 1200 est,
899 1146 1085 1203 patrue,
1118 1142 1302 1204 eulpam
1340 1148 1400 1191 ut
1434 1142 1671 1205 Antipho]

617 1214 919 1265 Oratorium
958 1216 1268 1279 principium
1291 1215 1382 1265 ἀπὸ
1418 1220 1506 1277 τῆς
1534 1220 1670 1267 ἐπιει-

615 1290 742 1343 κείας
756 1292 852 1340 τοῦ
865 1290 1117 1342 αἰτοῦντος.
1153 1288 1303 1343 Idem.

680 1368 848 1427 Siest,
864 1373 1052 1431 patrue,
1073 1370 1254 1435 culpem
1275 1376 1330 1418 ut
1347 1371 1401 1419 in
1420 1370 1496 1434 se]
1530 1372 1671 1421 Pris-

617 1444 796 1494 cianus
820 1444 904 1494 lib.
929 1457 1043 1493 xvr.
1069 1444 1164 1495 hoc
1188 1446 1300 1495 loco
1320 1446 1378 1495 τὸ
1399 1454 1454 1496 ut
1475 1464 1566 1511 per
1595 1448 1673 1497 ὅτι

614 1520 1002 1582 interpretatur.
1069 1521 1312 1571 Ceterum
1351 1524 1470 1573 huic
1499 1524 1671 1588 epolo-

615 1597 716 1659 giae
731 1610 974 1659 compara
983 1599 1267 1647 orationem
1281 1600 1520 1663 Lysitelis
1532 1601 1671 1665 apud

615 1673 864 1721 Plautum
899 1673 1191 1722 Trinummo
1233 1688 1296 1723 11.
1329 1680 1376 1725 2.
1411 1680 1523 1727 246.
1567 1680 1668 1727 διο.

613 1748 731 1799 Nisi
743 1748 1088 1799 festinandum
1101 1758 1254 1815 esset,
1268 1754 1673 1816 ostenderemus,

614 1836 763 1890 quam
791 1826 968 1887 pulcro
993 1826 1211 1877 artificio
1235 1828 1421 1889 omnia,
1443 1844 1558 1893 quae
1591 1843 1673 1878 ses

615 1912 720 1949 nex
745 1906 973 1960 accusat,
998 1917 1028 1949 a
1065 1900 1336 1952 defensore
1360 1902 1672 1953 transferan-

616 1982 702 2025 tur
735 1976 801 2025 ad
837 1976 1070 2023 molliora
1089 1984 1141 2025 et
1165 1977 1498 2041 placabiliora
1521 1993 1669 2029 voca·

614 2050 755 2099 bula.
789 2051 1047 2101 Boeclerus.
1079 2070 1086 2075 ·

637 2114 643 2136 ¹
685 2126 744 2175 In
764 2140 814 2174 se
833 2126 1104 2190 admiserit]
1152 2128 1301 2177 Bono
1326 2136 1509 2179 ornatu
1528 2130 1671 2179 addi-

617 2201 714 2258 dit,
734 2201 786 2249 in
805 2216 884 2251 se:
906 2216 1072 2265 -quum
1099 2210 1153 2251 et
1177 2204 1284 2251 sine
1325 2204 1420 2253 hoc
1462 2206 1669 2267 plenum

617 2277 782 2327 videri
819 2280 996 2339 possit.
1064 2278 1134 2327 Et
1162 2280 1244 2327 hic
1273 2288 1370 2339 est,
1395 2295 1542 2343 quem
1579 2281 1671 2331 Ci—

619 2366 739 2401 cero
779 2366 988 2402 succum
1017 2354 1266 2403 orationis
1291 2356 1539 2419 appellat.
1569 2358 1673 2406 Do·
1710 2382 1715 2387 ·

616 2432 773 2477 natm.

682 2508 743 2554 41
785 2504 867 2553 Ex
883 2521 974 2568 qua
995 2520 1048 2554 re
1067 2506 1220 2554 minus
1247 2507 1320 2558 rei
1339 2509 1472 2570 foret
1496 2509 1673 2568 outfa-

617 2579 730 2642 moe]
759 2581 933 2641 Nota3
966 2581 1048 2630 hic
1071 2585 1421 2646 comparativa
1450 2587 1672 2650 qualitas

519 2657 522 2660 ’
619 2663 703 2706 est
725 2656 982 2719 pauperis,
1003 2673 1170 2722 neque
1205 2662 1420 2712 strenui.
1455 2689 1458 2694 -
1485 2665 1555 2717 Et
1579 2663 1671 2712 do-

618 2731 749 2792 cuit,
791 2733 844 2780 in
887 2733 1094 2794 negotio
1115 2737 1428 2798 -nuptiarum
1453 2737 1672 2787 duabus

619 2807 775 2856 rebus
793 2809 1009 2870 consuli,
1043 2809 1122 2858 rei
1159 2818 1213 2859 et
1246 2809 1418 2868 faniae,
1440 2813 1545 2862 hoc·
1572 2821 1673 2876 est,

614 2883 952 2932 facultatibus
975 2885 1134 2948 dotis,
1144 2887 1504 2952 honestatique
1525 2897 1673 2940 nata·

684 3037 778 3084 Ex·
799 3051 892 3100 qua
935 3053 986 3087 re
1021 3038 1178 3088 minus
1211 3039 1284 3088 rei
1313 3040 1472 3103 soret]
1539 3041 1673 3091 Haec

617 3115 860 3182 tractatio
883 3120 966 3165 est
983 3114 1208 3164 criminis
1227 3116 1452 3164 oratoria
1471 3133 1482 3163 e
1505 3117 1558 3164 in
1573 3133 1677 3182 qua

619 3187 860 3238 defensor
905 3195 1116 3238 accusat
1169 3189 1383 3252 crimen,
1428 3204 1675 3256 reumque

617 3271 840 3327 purgat.·
859 3263 1009 3311 Idem.

684 3340 769 3387 Ex
779 3353 880 3401 qua
901 3338 976 3400 re]
1010 3337 1167 3387 Hand
1190 3346 1404 3392 venuste
1426 3341 1674 3392 insertum

613 3425 824 3476 re,·cum
846 3415 1214 3478 praeposuisset
1231 3419 1426 3480 culpam.
1460 3418 1627 3470 Idem.

685 3491 770 3538 Ex
789 3504 880 3553 qua
899 3489 976 3553 re]
1010 3481 1166 3538 Haud
1187 3499 1400 3542 venuste
1423 3493 1672 3544 insertum

618 3575 827 3630 re,'cum
850 3567 1220 3630 pra-posuisset
1253 3571 1454 3633 culpam,
1475 3571 1550 3620 ait
1585 3572 1672 3621 hic

618 3643 688 3692 1).
771 3642 931 3707 Atqui
975 3644 1048 3693 ita
1084 3643 1302 3695 Terent.
1337 3647 1474 3696 haud
1511 3647 1670 3698 dubie

619 3721 852 3768 consulto
873 3720 1073 3776 maluit,
1095 3729 1154 3770 ut
1188 3721 1408 3772 orationi
1433 3730 1673 3773 venusta-

619 3802 726 3845 tem
749 3809 814 3844 ex
838 3795 1084 3845 allusione
1107 3796 1157 3844 in
1181 3797 1374 3860 verbis,
1396 3814 1469 3861 re,
1491 3805 1547 3848 et
1579 3800 1672 3862 rei,

620 3871 672 3920 in
697 3871 900 3920 diversa
921 3869 1299 3934 significati-one
1324 3873 1526 3937 positis,
1547 3888 1671 3924 con·

618 3948 838 3998 eiliaret.
904 3947 1097 3996 Notum
1137 3953 1221 3994 est
1254 3946 1480 4010 Atticos,
1516 3962 1671 4012 agno-

618 4021 982 4071 minationibus
1023 4021 1173 4070 valde
1211 4020 1497 4072 delectatos
1525 4037 1670 4075 esse·

621 4099 1020 4161 quos-imitatus
1055 4098 1171 4146 Ter.
1208 4099 1387 4162 plenus
1432 4106 1512 4149 est
1553 4103 1673 4153 illis.

620 4171 726 4221 Sed
752 4179 805 4221 et
822 4182 971 4223 extra
991 4172 1193 4237 πλοκὴν,
1225 4174 1282 4223 τὸ
1307 4189 1384 4224 res
1411 4177 1671 4230 interdum

623 4247 888 4308 eleganter
909 4250 1162 4312 repetitur
1181 4267 1196 4298 ε
1233 4258 1291 4301 ut
1309 4266 1339 4300 a
1354 4251 1464 4303 Cic.
1480 4253 1673 4306 cle-Off.

619 4324 635 4351 ‘
661 4321 923 4372 valetudo
960 4331 1276 4376 sustentatur
1313 4327 1673 4381 observatione

1300 459 1514 513 »το-ωε
1541 450 1965 511 'VAmoRuM
2014 462 2094 509 m

1744 619 1917 669 earum
1942 620 2264 671 rerumque·
2304 616 2388 655 res
2426 604 2801 671 eut-prodesse

1744 684 1946 732 soleant
1984 688 2075 731 aut
2115 680 2335 732 obesse!
2381 688 2438 731 et
2474 680 2539 730 ad
2577 683 2679 734 Qu.
2711 682 2798 732 Fr.

1744 760 1759 785 ‘
1785 760 1915 809 Quae
1944 772 2029 807 res
2060 758 2124 806 ad
2155 756 2377 808 officium
2400 757 2619 821 imperii·
2642 756 2801 820 perti,

1745 835 1963 897 nebunt,
1976 834 2041 883 d‘e
2056 835 2119 883 iis
2134 835 2289 883 rebus
2306 847 2373 882 ne
2390 833 2652 897 attinge&
2670 832 2804 893 Mer.

1751 910 2069 959 Casmenas.

1809 988 1978 1037 Minus
2007 986 2081 1035 rei
2110 982 2267 1049 soret]
2321 984 2460 1037 Quia
2500 996 2798 1048 pauperem.

1746 1062 1993 1112 Donatus.

1809 1138 1927 1201 Rei]
1958 1136 2244 1188 Familiaris
2261 1135 2372 1185 scil.
2390 1133 2577 1185 Cicero
2599 1146 2801 1196 quoque

1742 1216 1877 1265 hand
1902 1215 2064 1264 multo
2088 1213 2259 1275 aliter,
2293 1212 2309 1239 ‘
2336 1213 2439 1261 Res
2462 1216 2634 1259 autem
2656 1206 2802 1256 fami-

1742 1294 1887 1342 liaris
1908 1289 2321 1356 quaeridebetiis
2341 1287 2532 1351 rebus,’
2548 1290 2649 1337 &m
2670 1286 2801 1335 Mer.

1748 1368 2074 1419 casaubonus.

1809 1446 1993 1509 Famoe]
2030 1446 2165 1497 Quia
2182 1444 2476 1507 ignobilem
2511 1442 2748 1491 Donatus.

1812 1519 2135 1585 Temperans]
2160 1520 2465 1580 Consulens,
2506 1516 2805 1581 providens,

1743 1599 2058 1649 moderatus.
2091 1603 2168 1658 ut,
2202 1597 2271 1647 J
2279 1610 2360 1645 am
2384 1594 2481 1644 sibi
2503 1600 2613 1643 tum
2634 1592 2803 1641 curvis

1744 1676 1877 1723 male
1895 1680 2159 1738 temper-at
2186 1671 2321 1721 unda
2338 1670 2555 1721 carinis:
2588 1670 2737 1719 Idem.

1807 1754 1875 1799 42
1896 1750 2023 1799 ’Νοπ
2052 1762 2238 1797 causum
2270 1746 2398 1809 dico]
2450 1747 2569 1797 Non
2602 1757 2803 1807 recuso,

1744 1839 1843 1874 non
1866 1824 2134 1889 deprecor.
2169 1824 2322 1871 Idem.
2790 1845 2799 1859 ι

1754 1926 1761 1933 -
1812 1900 1941 1955 Quin
1962 1900 2081 1961 quod
2102 1899 2296 1947 meritus
2316 1897 2401 1957 sit,
2417 1894 2805 1959 feratJ-Rheto·

1746 1976 1909 2024 ricum
1953 1973 2163 2039 θεώρημα
2198 1974 2248 2021 in
2282 1972 2576 2038 hujusmodi
2614 1986 2807 2035 excep-

1747 2050 1972 2099 tionibus
1991 2066 2004 2098 :
2042 2064 2143 2113 quo
2160 2050 2238 2097 uti
2255 2050 2405 2111 solet,
2419 2050 2506 2113 qui
2524 2048 2804 2112 propositae

1708 2174 1715 2185 ,
1746 2139 1915 2175 causae
1940 2122 2183 2177 fiduciam
2207 2124 2361 2187 gerit.
2429 2125 2483 2173 Si
2509 2124 2605 2171 hoc
2628 2129 2719 2171 aut
2738 2122 2800 2171 i}-

1743 2201 1855 2263 lud,
1888 2215 1992 2249 non
2030 2214 2121 2249 oro
2163 2200 2381 2261 veniam,

1747 2292 1967 2343 poenam.
2003 2278 2152 2327 Idevn.
2190 2306 2199 2311 -
2792 2305 2799 2314 ·

1814 2353 1942 2408 Quin
1962 2354 2083 2421 quod
2100 2353 2295 2402 meritus
2314 2352 2405 2415 sit]
2450 2350 2607 2401 Hunc
2628 2348 2805 2399 defen-

1746 2444 1915 2480 sor-em
1938 2431 2119 2494 magis,
2141 2437 2195 2480 et
2218 2444 2320 2479 non
2348 2428 2585 2495 judicem
2620 2426 2807 2476 dicam.

1746 2507 1839 2557 sed
1874 2509 1955 2557 hie
1993 2507 2259 2570 colligitur
2292 2506 2664 2571 patrocinantis
2687 2515 2809 2552 anc-

1744 2584 1928 2633 toritas
1943 2600 1959 2632 ἐ
1996 2597 2098 2633 non
2122 2584 2255 2631 enim
2275 2582 2432 2643 dixit,
2447 2584 2569 2644 quod
2590 2580 2810 2641 voluerit,

1746 2659 1839 2708 sed
1874 2662 1997 2721 quod
2030 2659 2223 2706 meritus
2258 2659 2341 2720 sit,
2372 2663 2613 2706 manente
2647 2669 2729 2717 eo,
2764 2655 2810 2703 si

1746 2733 2045 2798 pec-caverit
2068 2740 2260 2782 tamen.
2296 2733 2449 2782 Idem.
2578 2766 2583 2770 -

1792 2815 1856 2860 43
1880 2810 1973 2860 Sed
1986 2810 2043 2858 -si
2060 2810 2307 2876 quisforte
2328 2811 2513 2858 malitia
2522 2809 2683 2870 fretus
2697 2807 2808 2870 sua]

2413 2212 2517 2247 non
2556 2198 2809 2263 deprecor

1750 2887 1892 2936 Forte
1910 2886 2056 2952 quasi
2079 2901 2177 2934 non
2195 2883 2523 2945 defensurus,
2542 2884 2634 2932 sed
2656 2883 2809 2932 simul

1745 2978 1951 3013 causam
2002 2961 2306 3026 cogniturus
2350 2961 2657 3010 advenerit.
2684 2969 2807 3010 'nec

1746 3038 2019 3088 contendit
2058 3053 2233 3088 verum
2266 3051 2379 3087 esse
2402 3039 2538 3102 quod
2562 3039 2709 3101 dicit,
2744 3051 2809 3086 ne

1747 3115 2025 3163 sollicitum
2049 3112 2209 3161 faciat
2230 3113 2294 3161 ad
2316 3113 2647 3163 credendum.
2720 3114 2809 3166 Sie

1749 3189 1888 3252 apud
1908 3189 2187 3251 Virgilium
2206 3189 2387 3251 Sinon,
2400 3191 2415 3216 ‘
2436 3191 2570 3238 Dum
2589 3189 2705 3238 vela
2721 3190 2809 3240 da·

1748 3271 1882 3328 rent,
1916 3265 1957 3313 si
1980 3263 2118 3314 forte
2138 3263 2444 3314 dedissent-³
2472 3267 2620 3314 Idem.
2788 3289 2799 3304 ·

1809 3345 1874 3396 44
1909 3341 2119 3390 Insidias
2135 3346 2311 3390 ποθέω
2318 3335 2448 3400 ficit
2460 3343 2805 3406 adoleat-eutice]

1708 3432 1713 3440 ¹
1747 3418 1891 3468 Bene
1916 3432 1971 3467 se
1996 3418 2230 3482 adjungit
2244 3417 2312 3468 ad
2331 3418 2543 3481 crimen,
2560 3424 2619 3466 ut
2635 3416 2811 3468 elevet

1746 3495 1969 3558 eulpam.
2010 3495 2160 3544 Idem.
2548 3558 2553 3564 ι

1811 3571 2022 3620 Insidias
2070 3576 2243 3620 nostrae
2283 3570 2408 3630 fecit
2458 3569 2807 3634 adolescentie]

1745 3646 1883 3696 Mire
1905 3647 2105 3697 insidias
2122 3646 2288 3697 dixit:
2313 3655 2375 3696 nt
2398 3647 2485 3696 din
2503 3655 2809 3711 comparata

1746 3737 1922 3787 cansa,
1940 3738 2035 3788 per
2051 3724 2401 3788 ignorantiam
2394 3723 2653 3789 dolosque
2666 3725 2808 3789 cepti

1749 3799 2035 3848 videantur.
2067 3799 2216 3848 Idem·
2508 3831 2513 3836 -
2614 3831 2621 3840 -

1835 3875 2199 3938 Adolexentioe]
2266 3875 2580 3940 Opportuna
2634 3830 2807 3928 aetatis

1745 3951 2192 4076 {cmmemoratim
2236 3951 2359 4016 Πρὸς
2384 3952 2475 4012 τὴν
2509 3952 2808 4016 συγγνώμην.

1776 4028 1881 4075 dem
2200 4055 2210 4064 -

1757 4107 1873 4153 45
1900 4103 2139 4153 Nostrone
2160 4118 2216 4154 ea
2236 4107 2373 4170 eulpa
2392 4113 2479 4166 est,
2494 4107 2807 4171 «affudit-um]

1746 4180 2023 4230 Potentior
2043 4179 2187 4232 facta
2207 4183 2467 4232 sententia
2488 4193 2571 4234 est
2605 4185 2671 4249 τῇ·
2697 4184 2806 4248 ἐρω-

1746 4253 1894 4314 τήσει.
1958 4256 2029 4304 Et
2048 4257 2291 4320 oratorie,
2316 4258 2467 4307 Nosti·
2466 4275 2555 4310 ane
2571 4261 2723 4323 culpa,
2742 4275 2810 4308 αοι

1732 4331 1951 4392 judicum
1966 4329 1993 4383 ξ’
2025 4332 2215 4397 duplex
2254 4331 2513 4394 μετάθεσις.
2551 4336 2717 4386 altera
2752 4335 2807 4384 in
