3192 4975
1143 415 1226 466 m
1269 415 1747 466 TERENTIUM.

375 569 490 634 quis
511 568 640 618 veria
653 572 782 616 nesta
803 572 1052 616 ex'ornstus
1085 565 1181 614 fuit
1221 565 1314 617 Eu.
1357 566 1428 628 ir,

377 640 426 682 4.
449 638 515 684 16
544 633 690 695 Virgo
725 632 958 680 conscissa
997 637 1126 678 veste
1167 631 1428 679 lacrumans

379 698 555 746 obticet
586 697 682 745 Eu.
703 711 752 752 v,
776 701 824 745 1.
841 699 874 744 4
907 694 1036 744 Nolo
1057 709 1132 742 me
1149 695 1201 742 in
1223 696 1303 742 vis
1322 711 1428 745 cum

378 763 614 815 hncxeste
631 761 792 808 videat
838 759 930 808 Eu.
967 776 1014 815 v,
1035 763 1084 808 2.
1103 764 1170 808 68
1212 759 1430 808 Offendi·

380 841 482 876 tuus
501 823 794 872 mediocriter
831 823 1047 872 vestitam
1082 831 1210 872 veste
1249 824 1431 887 lugubri

379 889 502 946 Hes.
543 889 594 943 ii,
617 892 666 936 3.
685 892 752 938 45
803 887 910 937 Jan
943 887 1138 938 ancillas
1165 903 1324 936 secum
1345 889 1432 936 ad·

379 953 514 1004 duxit
534 953 643 1016 plus
662 953 846 1008 decem,
869 961 1082 1000 oneratas
1103 961 1250 1010 veste,
1289 961 1432 1016 atque

381 1033 494 1071 auro
527 1016 651 1064 Hes.
671 1016 744 1072 iii,
761 1020 809 1066 1.
831 1019 894 1066 43

447 1080 678 1128 Vestitus.
745 1080 840 1137 Qui
862 1080 1008 1136 color,
1028 1080 1170 1135 nitor.
1203 1078 1429 1129 vestitus!

379 1145 472 1192 Eu.
493 1143 547 1199 ii,
569 1149 618 1194 2.
642 1148 701 1193 11
739 1145 870 1202 Quid
892 1145 982 1192 sibi
1003 1144 1077 1194 hic
1097 1143 1290 1192 vestitus
1307 1159 1436 1207 qum-

381 1209 476 1266 rit?
509 1208 602 1256 Eu.
621 1209 690 1265 iii,
713 1215 764 1257 5.
783 1214 845 1258 10
877 1208 954 1256 Ibi
977 1216 1072 1256 tuae
1088 1209 1298 1256 stultitiae
1315 1225 1436 1257 sem-

383 1287 470 1335 per
487 1273 576 1320 erit
596 1272 881 1336 praesidium,
901 1273 1072 1335 victus,·
1085 1273 1278 1322 vestitus
1311 1273 1440 1321 Hea-

381 1353 432 1397 ν,
451 1341 500 1385 2.
523 1337 830 1401 15‚Cnpillus
851 1353 1032 1400 passus,
1062 1339 1218 1384 nudus
1239 1351 1341 1400 pes,
1363 1338 1438 1399 ip-

383 1416 436 1462 sa
458 1401 674 1461 horrida3
698 1401 932 1463 lacrumas,
951 1401 1147 1450 vestitus
1170 1401 1316 1466 turpis
1348 1402 1440 1451 Pb.

384 1465 419 1520 i.
441 1469 490 1514 2.
511 1471 574 1514 57
615 1465 726 1515 ,Ubi
751 1467 864 1514 siem
885 1467 1104 1514 vestitum
1129 1468 1252 1514 hunc
1275 1475 1440 1514 nactus

385 1529 478 1644 {1:¹-
519 1530 590 1589 iii,
625 1535 673 1580 ο.
707 1534 739 1578 8
790 1529 979 1579 Vestitu
1033 1531 1180 1578 nimio
1223 1530 1439 1596 indulges

469 1625 482 1640 .
505 1593 543 1650 i,
565 1599 612 1642 1.
635 1599 700 1644 88

388 1703 394 1708 .
453 1657 719 1707 Veterator.
788 1657 920 1714 Quid
963 1659 1040 1707 hic
1083 1659 1181 1706 volt
1213 1665 1442 1708 veterator

387 1721 509 1778 fibi?
545 1722 608 1770 A.
631 1723 684 1779 ii,
706 1728 754 1772 6.
775 1727 842 1772 26
875 1723 1155 1772 Veterator!
1191 1723 1296 1774 Me.
1329 1723 1442 1770 Ms-

387 1786 478 1849 gis‚
499 1787 538 1832 si
558 1787 706 1851 magis
728 1786 870 1842 noris.
893 1795 1030 1850 putes
1062 1787 1186 1835 Heu.
1209 1793 1326 1844 v‚,1.
1349 1793 1412 1839 16

391 1895 402 1904 .
445 1850 754 1904 .Veternosus.
819 1851 914 1899 Hic
955 1861 1028 1900 est
1067 1859 1220 1906 vetus,
1273 1852 1443 1909 vietus,

385 1922 674 1972 veternosus,
694 1931 852 1971 senex,
869 1917 1026 1964 colore
1045 1917 1314 1964 mustellino
1348 1916 1442 1967 Eu.

388 1979 456 2034 iv,
477 1983 528 2034 4,-
551 1984 614 2030 21

454 2043 594 2094 Veto.
659 2043 774 2091 Non
827 2045 992 2106 sinam,
1054 2044 1262 2108 inquam.
1329 2044 1446 2102 Clit.

389 2107 586 2167 Quaeso,
605 2109 860 2171 paulisper.
891 2109 978 2172 Sy.
1009 2108 1132 2158 Veto
1166 2109 1292 2158 Heu.
1319 2110 1373 2166 ii,
1395 2115 1443 2158 3.

392 2176 486 2222 137
518 2171 638 2220 Tute
661 2172 866 2248 loqueris
886 2189 902 2238 :¹
925 2188 1000 2220 me
1025 2181 1154 2221 vetas
1187 2173 1280 2222 He.
1305 2173 1374 2230 iii,
1400 2178 1444 2222 1.

389 2239 454 2288 3⁷.
485 2235 564 2284 An
605 2251 812 2300 proximo
839 2237 972 2300 jussa
1003 2245 1075 2284 est
1109 2238 1228 2294 dari,
1265 2246 1318 2286 ut
1339 2254 1446 2286 cum

387 2309 691 2354 nnoaetntem
715 2301 940 2364 degeret?
965 2303 1092 2365 quod
1117 2310 1169 2349 tu
1192 2310 1322 2350 vetus
1341 2302 1448 2350 .Ph.

387 2363 442 2422 ii,
463 2369 515 2414 3.
537 2370 601 2413 70
647 2366 895 2428 Haruspex
917 2366 1068 2414 vetuit
1097 2373 1208 2415 ante
1238 2368 1448 2414 brumam

389 2427 568 2493 aliquid
591 2431 702 2480 novi
725 2428 888 2492 negoti
921 2428 1130 2493 incipere
1180 2430 1270 2481 Ph.
1307 2431 1376 2493 iv,
1396 2434 1446 2479 4.

389 2497 458 2544 29
487 2494 592 2553 Ait,
611 2510 712 2544 esse
736 2496 931 2543 vetitum
953 2495 1074 2541 intro
1097 2497 1158 2542 ad
1181 2496 1338 2543 heram
1366 2509 1446 2542 ac-

389 2559 557 2613 cedere
592 2558 683 2606 Ph.
702 2574 751 2611 v,
771 2561 822 2605 6.
844 2561 908 2605 25

393 2660 400 2667 .
458 2621 630 2673 Vetus.
697 2619 794 2667 Hic
813 2627 888 2667 est
909 2628 1059 2679 vetus,
1094 2619 1262 2672 vietus,
1298 2626 1450 2667 veter·

391 2698 550 2745 nesus,
573 2698 733 2738 senex,
753 2682 912 2730 colore
942 2682 1207 2729 mustellino
1257 2682 1348 2729 En.
1385 2682 1451 2738 iv,

393 2753 442 2797 4.
466 2752 526 2797 21
563 2748 682 2799 Tum
703 2746 834 2809 quod
855 2746 1112 2793 malevolus
1133 2753 1266 2793 vetus
1295 2745 1452 2794 Po'eta

395 2812 584 2868 dictitat
618 2811 740 2861 Hes.
761 2810 890 2861 Ptol.
909 2814 974 2859 22
1007 2810 1262 2872 Postquam
1297 2810 1456 2859 Poeta

392 2883 528 2934 yetus
563 2875 765 2924 Poetam
803 2890 898 2921 non
938 2882 1096 2935 potest
1130 2876 1360 2923 retrahere
1392 2875 1453 2921 ab

394 2940 574 2993 studio.
631 2940 796 2993 Vetus
813 2940 856 2991 ai
877 2938 1032 2991 Poeta
1063 2954 1158 2987 nou
1197 2938 1456 2989 lacessisset

397 3006 525 3067 prior
556 3004 648 3051 Ph.
690 3003 819 3055 Prol.
842 3008 890 3053 1.
915 3007 978 3052 14
1015 3004 1110 3051 Sed
1131 3002 1216 3069 qui
1238 3002 1454 3052 malevoli

397 3069 566 3117 steteris
588 3067 754 3119 Poe‘tae
778 3068 1038 3128 maledictis,
1075 3069 1355 3130 respondeat
1386 3066 1453 3115 A.

399 3132 528 3183 Ptol.
552 3138 583 3181 7
635 3132 858 3182 Colaeem
891 3142 994 3184 esse
1011 3130 1182 3195 Naeve,
1199 3139 1250 3179 et
1279 3132 1454 3189 Plauti,

396 3206 601 3261 ‚veterem
620 3196 862 3245 Fabulam.
926 3197 1050 3254 Quae
1068 3204 1248 3245 veteres
1269 3196 1454 3245 fectita—

399 3269 523 3318 runt,
563 3262 603 3309 si
640 3261 822 3322 faciunt
857 3262 970 3309 novi
1025 3261 1116 3309 Eu.
1138 3261 1266 3308 Ptol.
1287 3266 1368 3310 25.
1390 3266 1454 3311 48

399 3326 575 3379 ,Vetere
613 3324 663 3375 in
697 3340 822 3373 nova
857 3326 980 3389 coepi
1015 3325 1084 3372 uti
1115 3324 1458 3374 consuetudine

401 3390 500 3439 He.
541 3388 646 3441 Alt.
680 3390 808 3441 Ptol.
829 3394 895 3440 29
941 3390 1095 3439 Vetus
1131 3390 1324 3437 verbum
1367 3392 1458 3439 hoo

401 3454 594 3517 quidem
614 3462 689 3503 est
721 3454 816 3503 Ad.
851 3470 897 3510 v,
920 3459 969 3503 3.
997 3459 1057 3503 17
1107 3454 1343 3515 Tuumne,
1373 3456 1458 3502 ob-

403 3534 534 3567 secro
555 3527 619 3576 te,
642 3520 734 3569 hoc
755 3520 936 3569 dictum
959 3518 1095 3567 erut?
1127 3526 1262 3567 vetus
1279 3519 1461 3568 credidi

403 3582 500 3629 Eu.
515 3584 590 3641 iii,
613 3589 662 3634 1.
682 3588 751 3633 '³8
1220 3620 1228 3629 .

470 3647 582 3697 via.
647 3648 784 3698 Eho!
829 3652 1008 3713 quasso.
1049 3662 1146 3696 una
1199 3646 1463 3697 accedundi

407 3710 482 3768 pia
502 3712 608 3759 est?
642 3712 766 3763 Hes.
801 3713 874 3771 iii,
897 3718 945 3763 3.
967 3716 1032 3762 22
1070 3712 1266 3761 Factum
1286 3718 1360 3759 est
1377 3728 1462 3775 pe·

409 3760 608 3831 siculum
627 3792 639 3822 t
659 3776 758 3839 jam
781 3778 954 3841 pedum
977 3777 1078 3827 viss
1097 3784 1172 3826 est
1185 3778 1266 3825 ‚via
1297 3776 1386 3823 Ph.
1413 3776 1463 3832 ii,

407 3844 460 3891 2.
484 3844 560 3889 12,
590 3839 661 3888 Te
685 3857 786 3897 oro,
807 3842 964 3896 Deve.
1001 3849 1054 3888 ut
1083 3842 1246 3890 redeat
1273 3840 1376 3904 jam
1411 3842 1464 3889 in

407 3904 532 3965 viam
549 3902 630 3959 A.
649 3904 684 3965 i,
701 3909 751 3955 2.
771 3911 834 3955 19
866 3904 977 3954 Nisi
992 3921 1189 3970 puerum
1207 3906 1354 3967 tollis,
1363 3904 1464 3969 jam

409 3984 502 4032 ego
524 3969 656 4017 hunc'
672 3970 721 4016 in
739 3970 942 4021 mediam
967 3972 1089 4019 viam
1109 3968 1380 4033 provolvsm
1399 3970 1468 4019 A.

409 4034 476 4095 iv,
496 4038 548 4085 4.
569 4037 638 4087 37,
667 4032 772 4098 Ego
793 4035 914 4083 adeo
937 4036 1060 4083 hanc
1098 4035 1271 4098 primus
1306 4035 1467 4085 inveni

414 4097 536 4154 priam
589 4096 684 4146 Eu.
726 4098 783 4160 ii,
817 4104 866 4149 2.
902 4103 967 4149 16
1019 4098 1117 4147 Ubi
1153 4100 1464 4163 investigem?

413 4164 854 4271 {uempercouten’
893 4178 1036 4226 quum
1065 4163 1274 4211 insistam
1306 4164 1466 4212 viam?

461 4238 512 4274 u.
534 4225 585 4281 ii,
605 4232 654 4275 3.
679 4233 708 4278 3
741 4228 806 4275 Et
827 4227 1124 4291 vesperascit,
1143 4235 1192 4275 et
1209 4245 1306 4276 non
1323 4244 1468 4277 nove-

415 4297 530 4355 runt
549 4290 692 4349 viam.
751 4291 1022 4355 Disciplina
1042 4301 1114 4341 est
1132 4293 1328 4351 eisdem,
1367 4310 1466 4341 mu·

421 4352 617 4403 netarier
661 4351 852 4409 ancillas
894 4359 1110 4422 primum,
1143 4359 1202 4405 ad
1258 4358 1468 4407 dominas

2254 400 2565 468 -ccclxvil

1535 564 1584 614 ui
1627 565 1853 614 affectant
1896 565 2021 630 viam
2076 563 2199 615 Hes.
2241 565 2295 624 ii,
2330 569 2379 614 3.
2410 569 2461 616 7.
2494 571 2563 618 66

1546 630 1677 693 spite
1695 631 1895 695 primum
1917 629 1969 678 in
2004 637 2169 678 terram
2200 635 2465 687 statuerem,
2502 638 2561 680 ut

1501 697 1691 743 cerebro
1733 695 1973 758 dispergat
2012 694 2136 742 viem
2193 693 2289 745 Ad.
2331 694 2402 757 iii,
2422 701 2474 744 2.
2496 700 2563 746 19

1502 759 1663 806 Multo
1696 761 1866 807 rectius
1898 765 1989 822 est,
2025 773 2166 824 quam
2202 758 2330 807 illam
2363 774 2566 824 puerpe-

1503 839 1601 870 ram
1622 838 1750 871 nunc
1789 823 1901 872 duci
1936 825 2029 872 huc
2054 837 2147 887 per
2178 824 2299 871 viam
2340 831 2563 887 aegrotnm

1503 887 1602 937 Ad.
1626 905 1675 949 ν,
1700 892 1751 937 7.
1770 891 1835 937 23
1885 887 2013 944 Quid
2038 887 2049 934 i
2090 901 2187 935 non
2206 887 2365 936 sciunt
2385 889 2477 951 ipsi
2498 887 2571 938 vio

1505 967 1601 1009 am,
1626 953 1815 1000 domum
1838 967 1933 1016 qua
1954 953 2185 1000 redeant?
2218 951 2313 1001 He.
2334 951 2409 1009 iii,
2429 957 2479 1001 2.
2498 957 2563 1002 25

1507 1016 1700 1066 Certum
1744 1015 1985 1064 obfirmare
2029 1026 2102 1065 est
2138 1017 2261 1064 viam
2296 1031 2387 1073 me,
2430 1031 2573 1080 quam

1507 1080 1695 1129 decrevi
1714 1079 1931 1144 persequi
1948 1080 2057 1131 He.
2078 1081 2149 1138 iii,
2164 1087 2213 1130 6.
2232 1085 2263 1130 4
2298 1080 2365 1128 Hi
2380 1080 2565 1143 gladie·

1507 1145 1629 1192 torio
1650 1145 1809 1193 animo
1830 1147 1890 1193 ad
1916 1161 1989 1193 me
2006 1145 2232 1194 affectant
2248 1145 2367 1192 viam
2403 1144 2497 1194 Ph.
2518 1160 2568 1207 v,

1508 1213 1560 1258 7.
1581 1214 1643 1258 71
1695 1209 1837 1274 Ipsus
1858 1225 2016 1258 secum
2038 1225 2142 1258 eam
2166 1225 2260 1258 rem
2282 1217 2409 1258 recta
2431 1225 2570 1274 repu-

1510 1273 1628 1320 tavit
1647 1273 1723 1321 via
1756 1273 1818 1324 A.
1844 1275 1894 1330 ii,
1916 1279 1965 1323 6.
1991 1279 2048 1323 11
2097 1273 2217 1330 Illis,
2368 1281 2478 1321 sunt
2496 1274 2569 1322 in-

1511 1346 1605 1395 tus,
1646 1339 1819 1387 clamat
1850 1340 1913 1387 de
1948 1339 2027 1385 via
2057 1337 2119 1386 A.
2154 1337 2225 1394 iii,
2248 1343 2296 1387 2.
2318 1341 2378 1389 11
2426 1337 2571 1395 Quid

1511 1417 1665 1451 causae
1686 1409 1779 1462 est,
1800 1403 1915 1467 quin
1936 1403 2047 1451 hinc
2080 1403 2129 1450 in
2165 1402 2413 1466 pistrinum
2449 1411 2578 1451 recta
2631 1402 2641 1413 “

1512 1465 1781 1531 proficiscar
1801 1468 1910 1515 via?
1954 1468 2020 1518 A.
2054 1467 2126 1524 iii,
2142 1471 2192 1515 4.
2214 1471 2276 1516 21
2330 1466 2439 1516 Hac
2472 1481 2571 1514 non

1515 1531 1762 1594 successit,
1780 1531 1875 1579 alia
1896 1530 2223 1595 aggrediemur
2243 1531 2319 1579 vin
2350 1531 2417 1580 A.
2439 1531 2505 1588 iv,
2529 1536 2577 1581 1.

1513 1600 1577 1643 47
1612 1595 1735 1643 Tota
1756 1611 1877 1643 erras
1899 1596 1975 1643 via
2006 1595 2097 1644 Eu.
2118 1596 2170 1653 ii,
2194 1599 2243 1645 2.
2268 1599 2329 1644 14
2384 1595 2483 1644 Ubi
2504 1595 2573 1642 vi·
2650 1593 2665 1604 ”

1513 1660 1663 1707 disti?
1718 1659 1809 1709 Ch.
1849 1659 1907 1707 In
1928 1660 2006 1707 via
2056 1660 2149 1709 Eu.
2182 1660 2233 1716 ii,
2257 1659 2573 1724 8.·80·Hsud

1515 1725 1754 1780 convenit,
1775 1739 1871 1772 una
1892 1725 1959 1772 ire
1994 1739 2101 1772 cum
2134 1725 2286 1772 amics
2319 1724 2577 1788 imperato-

1515 1803 1613 1836 rem
1636 1788 1687 1836 iu
1710 1790 1784 1836 via
1832 1788 2035 1846 Eu.·iii,
2056 1793 2105 1839 2.
2127 1793 2193 1840 42
2245 1788 2375 1837 ΝοῙο
2414 1803 2488 1836 me
2524 1788 2577 1836 in

1518 1853 1596 1899 ria
1616 1869 1724 1901 cum
1745 1853 1835 1902 hnc
1865 1860 1996 1902 veste
2028 1853 2188 1901 videat
2233 1852 2327 1904 Eu.
2366 1869 2417 1914 v,
2438 1858 2487 1902 2.
2509 1856 2576 1902 67

1517 1917 1615 1974 Qui
1661 1933 1813 1981 nuper
1854 1917 1973 1966 fecit
2002 1933 2135 1966 servo
2174 1918 2381 1966 currenti
2410 1918 2464 1966 in
2502 1916 2581 1963 via

1517 1986 1711 2030 decesse
1749 1983 1979 2046 populum
2030 1982 2153 2030 Hes.
2176 1981 2305 2030 Prol.
2326 1985 2387 2030 31
2440 1980 2582 2044 Coepi

1519 2061 1615 2094 non
1655 2046 1923 2095 humanitus
1962 2053 2177 2103 tractare,
2216 2047 2299 2094 sed
2336 2046 2385 2092 vi
2418 2052 2469 2094 et
2501 2045 2578 2093 vin

1522 2111 1795 2174 pervulgata
1836 2118 2021 2176 patrum
2054 2109 2177 2158 Hea.
2202 2110 2237 2170 i,
2260 2116 2306 2160 l.
2325 2113 2393 2159 49
2440 2109 2581 2166 Tum,

1519 2176 1649 2236 quod
1674 2173 1743 2238 illi
1765 2182 2006 2240 argentum
2028 2189 2079 2222 es
2114 2174 2373 2238 pollicitus,
2410 2173 2577 2222 eadem

1505 2239 1611 2287 ·hac
1632 2239 1869 2287 inveniam
1892 2239 1969 2286 via
2000 2239 2121 2286 Hea.
2165 2239 2217 2294 ii,
2239 2243 2287 2288 3.
2309 2242 2374 2287 88
2406 2238 2581 2295 Immo,

1523 2311 1578 2350 ut
1608 2310 1735 2352 recta
1770 2304 1845 2350 vis
1882 2319 1978 2351 rem
2015 2310 2171 2350 narret
2200 2303 2363 2350 ordine
2392 2317 2581 2350 omnem

1522 2367 1645 2414 Hea.
1686 2368 1753 2425 iv,
1778 2371 1829 2416 3.
1850 2372 1915 2416 28
1947 2366 2075 2414 Volo
2098 2373 2145 2414 te
2165 2367 2277 2416 dare
2300 2377 2506 2430 operam,
2528 2371 2584 2412 nt

1522 2431 1625 2489 fiat,
1662 2446 1818 2477 verum
1855 2430 1949 2479 alin
1982 2431 2061 2478 vin
2093 2430 2217 2478 Hes.
2254 2431 2321 2488 ἰν,
2342 2435 2391 2478 5.
2414 2435 2475 2480 41
2512 2429 2583 2478 Ut

1522 2508 1578 2541 en
1600 2495 1677 2541 via
1698 2495 1779 2542 abs
1802 2502 1848 2541 te
1879 2504 2123 2557 argentum
2155 2496 2409 2542 auferretur
2458 2494 2585 2545 Heu.

1524 2558 1590 2611 iv,
1612 2562 1661 2604 8.
1684 2560 1717 2604 9
1764 2556 1865 2603 Aut
1884 2572 1979 2619 qua
2003 2558 2077 2604 via
2096 2565 2145 2605 te
2175 2564 2387 2621 captent,
2416 2558 2584 2607 eadem

1527 2620 1656 2681 ipsos
1677 2620 1821 2682 cupi?
1868 2620 1963 2667 He.
2001 2620 2036 2673 i,
2062 2625 2108 2668 1.
2132 2623 2198 2669 16
2244 2620 2367 2677 Nec,
2425 2622 2586 2672 nsvin

1523 2682 1759 2730 sententis
1778 2682 1881 2744 ejus
1904 2684 2051 2745 possit
2070 2684 2255 2739 mutari.
2274 2684 2373 2733 scio
2456 2702 2501 2734 e.
2520 2686 2587 2745 iv,

1526 2750 1576 2794 1.
1597 2751 1664 2796 54
1705 2746 1863 2794 Homo
1886 2761 1937 2795 se
1958 2748 2132 2795 fatetur
2152 2748 2216 2810 vi,
2236 2748 2285 2795 in
2306 2748 2403 2805 via,
2424 2750 2587 2798 nescio

1559 2824 1666 2857 unm
1704 2810 2033 2874 compressisse
2078 2812 2172 2861 He.
2214 2830 2263 2870 v,
2298 2816 2347 2861 3.
2368 2817 2433 2862 80
2488 2813 2587 2863 Ubi

1575 2875 1849 2937 ntiphonem
1870 2876 2133 2937 reperiam?
2156 2885 2241 2925 aut
2262 2892 2357 2939 qua
2378 2892 2586 2941 quaerera

1526 2938 1735 2987 insistam
1760 2940 1836 2987 vin
1860 2940 1879 2987 ?
1910 2939 2003 2987 Ph.
2036 2941 2075 2997 i,
2096 2946 2146 2991 4.
2171 2946 2230 2991 15
2264 2940 2339 2989 Eo
2360 2948 2488 2989 rectu
2508 2942 2586 2991 vin

1527 3003 1747 3067 equidem
1769 3003 1881 3053 illuc
1915 3004 2006 3052 Ph.
2040 3006 2095 3061 ii,
2116 3011 2163 3056 1.
2183 3009 2249 3055 80
2290 3005 2401 3062 Qua
2420 3006 2500 3053 vis.
2518 3006 2587 3055 is·

1528 3074 1611 3116 tnc
1631 3068 1809 3116 facies?
1849 3067 1941 3116 Ph.
1974 3068 2045 3126 iii,
2066 3074 2115 3119 3.
2139 3074 2203 3119 34
2254 3069 2389 3117 Dum
2407 3086 2483 3118 rus
2504 3087 2583 3129 eo,

1528 3132 1859 3246 Eoepieggmpt
1882 3148 2063 3182 mecum
2096 3134 2221 3183 inter
2249 3135 2349 3182 vias
2372 3136 2581 3199 cogitare

1573 3212 1623 3243 u.
1646 3212 1713 3252 w,
1771 3230 1784 3245 .

1596 3260 1807 3309 Vicinis.
1856 3260 2036 3311 Mulier
2050 3278 2108 3311 ex
2130 3263 2291 3311 Andro
2306 3263 2590 3329 commigra-

1531 3325 1601 3373 vit
1619 3326 1713 3375 huc
1736 3325 1921 3375 viciniae
1941 3326 2005 3374 A.
2039 3326 2075 3384 i,
2099 3333 2145 3377 1.
2167 3332 2231 3379 43
2265 3328 2419 3377 Modo
2437 3344 2590 3393 quan-

1531 3392 1643 3502 am
1659 3390 1761 3439 vidi
1782 3390 2008 3454 virginem
2042 3392 2121 3443 hic
2151 3393 2337 3441 vicinia
2372 3393 2587 3443 miserem

1608 3455 1679 3511 ..i,
1698 3460 1751 3504 2.
1771 3458 1833 3503 46

1569 3519 1846 3570 ·Vicinitas.
1906 3519 2087 3569 Temen
2108 3520 2184 3568 vel
2202 3520 2349 3570 virtus
2380 3527 2465 3569 tua
2494 3536 2591 3579 me,

1533 3584 1608 3631 vel
1631 3583 1845 3633 vicinitas
1865 3585 1998 3642 facit,
2018 3594 2073 3633 ut
2105 3585 2229 3636 Hes.
2252 3585 2286 3642 i,
2312 3588 2357 3635 1.
2377 3590 2410 3635 4

1596 3649 1815 3705 Vicinus,
1837 3665 1882 3706 a,
1904 3665 2002 3697 um.
2060 3649 2207 3698 Cesso
2222 3648 2404 3712 pultare
2416 3650 2591 3699 ostium

1533 3712 1713 3763 vicini?
1746 3714 1871 3763 Hes.
1893 3714 1966 3773 iii,
1988 3718 2033 3762 1.
2050 3718 2088 3761 2
2120 3713 2393 3777 Despondit
2412 3715 2459 3763 ei
2476 3730 2595 3779 gnu-

1535 3786 1632 3825 tam
1669 3777 1811 3841 hujus
1849 3778 1991 3826 vicini
2027 3778 2221 3841 proximi
2261 3777 2359 3826 He.
2395 3778 2433 3840 i,
2453 3782 2504 3827 2.
2526 3782 2593 3829 49

1535 3843 1737 3891 Monere
1760 3849 1949 3907 oportet
1968 3858 2043 3890 me
2064 3843 2191 3891 hunc
2222 3841 2429 3890 vicinum
2465 3841 2593 3892 Pha·

1535 3907 1663 3955 nium
1720 3906 1847 3955 Hes.
1890 3906 1928 3963 i,
1954 3909 2122 3956 1..117
2174 3906 2319 3955 Hunc
2360 3906 2597 3957 Menede-

1538 3986 1663 4019 mum
1686 3970 1861 4020 nostin’
1882 3978 2093 4019 nostrum
2112 3971 2355 4019 vicinum?
2394 3970 2521 4021 Hes.
2555 3972 2597 4031 i.

1537 4040 1587 4087 2.
1610 4041 1645 4085 6
1697 4035 1856 4085 Habet
1892 4043 2073 4099 patrem
2106 4036 2345 4099 quendam
2384 4036 2597 4101 avidum,

1537 4101 1774 4162 miserum,
1794 4107 1937 4163 atque
1959 4099 2159 4161 aridum,
2194 4100 2399 4149 vicinum
2434 4102 2565 4151 hunc
2578 4117 2594 4149 ι

1539 4164 1748 4213 nostin'?
1782 4164 1907 4215 Hea.
1938 4164 2009 4219 iii.
2030 4170 2081 4215 2.
2108 4170 2170 4214 16
2200 4164 2372 4227 Simus,
2390 4172 2441 4213 et
2460 4165 2594 4215 Crito

1539 4230 1683 4283 vicini
1724 4230 1872 4278 nostri
1914 4228 1991 4279 hic
2032 4229 2280 4292 ambigunt
2320 4229 2381 4278 de
2423 4228 2596 4279 finibus

1538 4294 1663 4341 Hes.
1706 4294 1777 4351 iii,
1801 4298 1847 4342 1.
1869 4299 1933 4343 93
1980 4293 2096 4343 Fere
2129 4294 2185 4342 in
2218 4293 2383 4343 diebus
2412 4292 2597 4359 pnu‘cis',

1541 4358 1737 4423 Chrysis
1760 4357 1911 4407 vicina
1932 4359 2033 4409 haec
2054 4359 2247 4407 moritur
2294 4358 2359 4407 A.
2400 4359 2505 4423 iffil.
2530 4362 2598 4410 78
