3192 4975
543 382 710 455 cxlii

549 552 652 601 dria
673 559 889 617 opportet
911 551 1020 599 moli
1051 549 1118 598 A.
1139 550 1174 607 i,
1199 552 1243 601 1.
1265 555 1332 601 46
1383 550 1484 601 Hei
1513 550 1601 600 mi-

548 612 632 665 hi!
664 618 894 664 incertum
916 624 988 663 est
1017 616 1132 679 quid
1157 632 1292 679 agam
1325 616 1388 663 A..
1408 616 1444 673 i,
1464 624 1513 667 5.
1535 622 1600 667 28

547 678 642 729 Hei
683 680 826 727 mihi!
861 695 1021 727 vereor
1062 678 1218 729 dicere
1260 678 1326 729 A.
1362 680 1414 742 ii,
1448 685 1496 731 l.
1534 686 1603 731 22

549 743 645 793 Hei
688 744 799 791 mihi
821 743 832 789 Ξ
869 743 932 790 A·
961 744 1034 799 iii.
1056 750 1104 794 66
1129 749 1210 793 ¹6·
1264 745 1386 793 Heu·
1407 746 1458 803 fi,
1483 749 1531 794 3·
1551 751 1603 794 6·

546 824 597 868 v,
620 812 774 857 215.
811 805 908 857 Ad.
933 806 966 862 i,
988 812 1140 858 ΒΑΔ.
1186 808 1240 864 ii,
1264 814 1312 857 2.
1334 813 1418 859 34.
1458 808 1605 863 iiiut.

547 876 598 921 6.
632 872 696 927 iv,
714 876 765 922 7.
783 876 868 920 35.
898 870 991 919 He.
1017 871 1086 926 iii,
1108 876 1158 921 3.
1173 877 1222 921 6.
1259 872 1348 921 Ph.
1371 872 1439 929 iv,
1456 877 1504 922 3.
1519 877 1605 923 66.

548 939 668 993 ηδ.
690 939 752 985 15
809 934 904 982 Hei
943 936 1108 983 misero
1147 936 1290 983 mihi!
1325 936 1448 985 Heu.
1476 937 1528 993 ii,
1552 942 1605 989 2.

546 1004 598 1051 5,.
637 998 734 1047 Ad.
755 998 810 1054 ii,
837 1002 881 1049 1.
907 1004 968 1048 19
1019 999 1134 1055 Hei.
1155 1000 1272 1063 quid
1289 1001 1413 1048 etas?
1447 1000 1568 1064 lapis
1589 1000 1603 1047 l

547 1062 672 1113 Heu.
695 1064 762 1121 iv,
784 1067 882 1113 7.3
935 1062 1032 1111 Hei
1063 1064 1206 1111 mihi!
1287 1064 1368 1111 uid
1400 1064 1605 1113 faciam?

546 1128 646 1175 Ad.
681 1144 728 1185 v,
751 1131 800 1177 8.
822 1132 852 1177 3
908 1126 1030 1174 Hei!
1077 1136 1235 1176 metuo
1315 1144 1508 1185 nonem,
1543 1143 1607 1177 ne

551 1192 643 1240 Pb.
665 1191 740 1254 iii,
757 1196 806 1241 2.
829 1196 866 1241 6
915 1190 1043 1241 Hei!
1078 1191 1198 1239 veria
1231 1194 1390 1241 vincor
1423 1193 1515 1240 Ph.
1537 1193 1609 1251 iii,

549 1262 603 1309 2.
627 1260 695 1305 16
745 1254 840 1303 Hei
872 1255 1018 1303 mihil
1061 1271 1201 1319 quam
1243 1255 1386 1305 timeo
1420 1256 1510 1306 Ph.
1534 1257 1607 1319 iv,

549 1324 596 1371 3.
619 1324 650 1369 2
705 1318 828 1369 Hei!
873 1320 1014 1367 video
1057 1334 1243 1367 uxorem
1285 1320 1377 1367 Ph.
1403 1336 1446 1379 v,
1470 1324 1519 1369 3.
1544 1325 1606 1371 14

548 1383 703 1433 Heia!
755 1390 812 1430 ut
849 1383 1038 1447 elegans
1080 1384 1175 1431 est!
1229 1383 1351 1433 Heu.
1386 1400 1432 1441 v,
1463 1390 1512 1433 5.
1543 1386 1608 1433 19

550 1446 678 1497 Heia
697 1447 838 1495 vero!
874 1446 970 1497 He.
993 1448 1046 1505 ii,
1067 1452 1120 1499 2.
1143 1453 1173 1496 8
1229 1448 1379 1497 Heia!
1415 1449 1609 1497 sudabis

549 1511 662 1561 tatis
683 1510 773 1559 Ph.
795 1511 858 1567 iv,
883 1515 934 1561 3.
953 1516 1016 1561 23

615 1574 810 1625 Helluo.
875 1574 1080 1625 Dicam:
1115 1590 1246 1638 gerro
1287 1576 1426 1632 iners,
1463 1576 1608 1635 fraus,

551 1639 712 1689 helluo
733 1639 744 1685 l
780 1638 902 1687 Heu.
922 1657 974 1696 v,
994 1643 1044 1690 4.
1073 1645 1134 1689 10

615 1702 758 1754 Hem.
821 1703 950 1751 Hem
979 1702 1041 1752 A.
1065 1704 1116 1759 ii,
1141 1707 1188 1753 3.
1207 1708 1257 1752 9.
1301 1702 1398 1752 Ειι.
1420 1703 1484 1759 iv,
1505 1708 1555 1754 6.
1575 1708 1610 1755 9

551 1762 697 1823 Hem,
732 1766 848 1831 quid
886 1768 996 1817 est?
1027 1766 1094 1818 A.
1126 1768 1164 1831 i,
1185 1772 1230 1817 1.
1254 1771 1336 1819 89.
1393 1766 1428 1829 i,
1449 1772 1500 1819 2.
1527 1772 1607 1817 13.

551 1830 654 1879 Ad.
675 1831 728 1887 ii,
749 1835 798 1879 4.
823 1835 882 1881 17
917 1830 1030 1879 Non
1061 1830 1216 1880 hercle
1239 1829 1474 1894 intelligo.
1539 1831 1607 1883 Si.

550 1892 699 1944 Nou?
733 1894 868 1943 hem!
903 1894 970 1945 A.
995 1894 1030 1953 i,
1052 1899 1102 1946 2.
1125 1900 1188 1945 23
1223 1894 1386 1956 Facta,
1407 1902 1611 1943 meac·

553 1968 604 2007 ta
640 1958 814 2007 omnia.
840 1959 986 2008 hem!
1019 1958 1294 2023 repudiatus
1327 1967 1513 2023 repetor
1544 1959 1609 2011 A.

552 2024 588 2081 i.
610 2029 660 2073 5.
686 2027 746 2073 13
797 2023 942 2080 Hem,
981 2039 1010 2071 e
1042 2038 1133 2071 one
1153 2023 1276 2071 istuc
1311 2023 1469 2071 conari
1493 2038 1611 2086 que-

551 2088 664 2137 am?
698 2086 765 2135 A.
787 2088 820 2145 i,
842 2093 891 2137 5.
913 2091 975 2137 35
1010 2039 1178 2143 8Hem,
1207 2086 1353 2135 libero
1388 2085 1452 2135 A.
1473 2087 1530 2149 ii,
1561 2092 1613 2137 2.

552 2154 615 2201 14
662 2151 807 2207 Hem,
843 2152 1092 2215 paululum
1111 2152 1280 2199 obsoni
1308 2150 1374 2198 A.
1395 2150 1448 2211 ii,
1471 2155 1522 2200 2.
1545 2155 1613 2201 22

499 2237 504 2241 ·
551 2214 780 2264 Nihilne?
814 2216 954 2263 hem!
989 2215 1055 2265 A.
1087 2216 1141 2276 ii,
1169 2221 1218 2264 6.
1244 2219 1274 2264 4
1329 2214 1471 2271 Hem,
1509 2215 1610 2263 illio

553 2287 626 2327 est
645 2279 758 2327 huic
784 2280 854 2326 rei
877 2286 1024 2341 caput
1043 2278 1108 2327 A.
1131 2278 1186 2335 ii,
1207 2284 1256 2327 6.
1281 2282 1344 2327 27
1383 2277 1513 2334 Quid
1534 2280 1609 2325 di·-

553 2342 654 2393 cit?
689 2343 801 2405 My.
867 2342 1094 2389 Firmavit
1129 2342 1288 2391 fidem.
1351 2341 1418 2389 Si.
1451 2341 1607 2389 Hem!

554 2405 618 2455 A.
640 2406 712 2462 iii,
738 2410 781 2453 1.
803 2410 834 2454 4
869 2405 1026 2453 Hem!
1060 2404 1112 2453 id
1147 2412 1194 2451 te
1237 2420 1338 2465 oro,
1367 2412 1421 2451 ut
1453 2404 1515 2454 A.
1538 2406 1610 2462 iii,

554 2474 604 2520 3.
619 2474 683 2520 24
717 2470 842 2518 Hem
865 2469 1090 2518 astutiae!
1116 2466 1178 2518 A.
1195 2466 1268 2531 iii,
1282 2472 1332 2518 4.
1353 2472 1415 2518 25
1452 2468 1607 2516 Hem!

588 2534 673 2582 uid
711 2535 800 2594 ais,
831 2533 1021 2582 scelus?
1059 2532 1118 2581 A.
1155 2533 1222 2589 iv,
1261 2539 1306 2583 1.
1343 2537 1409 2582 42
1463 2533 1613 2595 Hem,

599 2597 822 2662 amphile‚
857 2598 1038 2661 optime
1071 2603 1118 2644 te
1148 2595 1263 2644 mihi
1285 2597 1425 2645 offers
1457 2597 1521 2644 A.
1545 2597 1612 2655 iv,

554 2665 606 2717 2.
627 2666 657 2710 3
695 2661 850 2710 Hem!
885 2670 951 2722 at,
971 2676 1107 2710 mane
1140 2659 1206 2710 A.
1229 2661 1294 2717 iv,
1320 2666 1365 2710 1.
1387 2665 1452 2710 59
1484 2661 1610 2710 Hem

555 2727 756 2776 scelera!
795 2725 860 2777 A.
897 2725 962 2784 iv,
997 2730 1048 2775 4.
1083 2729 1147 2776 47
1202 2725 1340 2774 Itane
1378 2723 1611 2790 Chrysis?

555 2789 694 2840 hem!
749 2790 816 2838 A.
850 2791 918 2852 iv,
960 2795 1008 2838 5.
1045 2793 1076 2837 8
1139 2788 1266 2853 Syco
1291 2791 1463 2852 olianta..
1531 2789 1611 2838 Cr.

556 2853 714 2904 Hem!
764 2853 828 2905 A.
851 2870 900 2914 v,
920 2858 969 2904 4.
995 2857 1058 2902 16
1102 2852 1227 2902 Hem
1319 2869 1454 2902 avom
1494 2853 1611 2902 tibi!

555 2919 623 2968 A.
641 2935 688 2977 V,
711 2923 760 2968 2.
787 2923 813 2967 l
865 2917 1010 2977 Hem,
1033 2917 1230 2974 Dromo,
1263 2917 1446 2966 Dromo
1478 2915 1543 2966 A.
1566 2933 1613 2974 v,

555 2987 606 3039 2.
630 2989 692 3032 19
743 2981 889 3038 Hem.
928 2981 1076 3045 perii!
1110 2981 1175 3029 A.
1195 2998 1244 3038 v,
1276 2987 1324 3032 4.
1348 2987 1414 3031 26
1467 2979 1613 3038 Hem,

557 3063 652 3111 quo
671 3048 887 3095 redactus
909 3046 1039 3094 sum!
1075 3045 1166 3093 Eu.
1189 3046 1239 3103 ii,
1261 3051 1310 3096 2.
1333 3049 1366 3094 6
1399 3045 1524 3092 Hem
1546 3046 1613 3092 al-

557 3118 708 3160 terum
739 3109 831 3159 Eu.
853 3109 922 3173 iii,
937 3115 984 3160 2.
999 3115 1031 3158 6
1065 3109 1192 3157 Hem
1212 3110 1480 3157 eunuchum
1502 3107 1611 3156 tibi!

559 3171 652 3225 Eu.
687 3174 757 3231 iii,
779 3179 827 3225 2.
851 3178 913 3224 19
968 3173 1125 3221 Hem!
1171 3173 1362 3220 biduum
1403 3173 1480 3219 hic
1517 3188 1617 3220 ma⁸⁶

558 3240 768 3290 nendum
805 3238 912 3286 est?
948 3237 1040 3284 Eu.
1068 3237 1139 3296 iv,
1164 3241 1210 3284 2.
1235 3241 1266 3284 8
1324 3236 1470 3295 Hem,
1507 3253 1615 3299 qum

557 3303 661 3352 haec
677 3311 750 3348 est
770 3299 930 3348 fabula
948 3300 966 3346 ἓ
1004 3299 1093 3346 Eu.
1113 3299 1182 3358 iv,
1203 3304 1250 3350 4.
1273 3303 1337 3348 22
1371 3298 1530 3346 Princi
1566 3300 1617 3348 io

557 3379 662 3412 eum
685 3380 786 3412 esse
815 3365 924 3411 dico
964 3363 1171 3411 liberam.
1201 3362 1310 3410 Thr.
1334 3362 1488 3411 Hem!
1567 3380 1617 3412 u.

558 3429 623 3484 iv.
647 3433 696 3478 7.
719 3432 780 3478 35
829 3427 976 3475 Hem!
1013 3427 1176 3475 misera
1198 3426 1353 3474 occidi
1382 3425 1475 3475 Eu.
1498 3442 1546 3484 v,
1570 3433 1617 3476 1.

562 3497 621 3541 11
659 3492 782 3539 Hem
805 3491 815 3538 !
837 3491 1112 3554 colligavit?
1137 3490 1229 3539 Eu.
1247 3506 1294 3546 v,
1309 3498 1355 3541 5.
1374 3495 1434 3540 14
1470 3491 1615 3554 Hem,

561 3559 754 3604 obsecro
785 3571 846 3604 au
870 3556 908 3615 ip
930 3555 1164 3604 est?.Eu.
1195 3571 1242 3614 v,
1273 3562 1320 3604 5.
1345 3559 1410 3605 20
1462 3555 1612 3604 Hem!

560 3622 708 3684 quid?
727 3620 880 3670 emat?
904 3619 1058 3677 Eum,
1074 3625 1122 3669 6.
1136 3625 1198 3668 16
1219 3619 1368 3668 Hem!
1385 3619 1614 3682 recipien-

560 3685 700 3732 dum!
724 3685 816 3733 Eu.
840 3700 886 3740 v,
910 3688 958 3732 9.
983 3689 1047 3733 42
1080 3684 1202 3732 Hem
1229 3684 1240 3729 l
1263 3691 1334 3732 tot
1355 3699 1458 3730 mea
1471 3683 1617 3732 solius

561 3749 732 3798 soliciti
755 3749 850 3796 sint
868 3749 1042 3797 causa?
1064 3748 1185 3796 Hea.
1219 3748 1252 3804 i,
1281 3752 1326 3796 1.
1359 3753 1425 3797 76
1458 3747 1606 3794 Hem!

561 3815 714 3878 quid?
745 3812 1066 3862 Bacchidem?
1098 3811 1220 3860 Heu.
1243 3811 1427 3870 ii‚3.70
1462 3811 1614 3858 Hem!

561 3879 676 3940 quid
717 3877 871 3925 dixti?
913 3876 1032 3923 Hea.
1073 3875 1121 3931 ii,
1161 3881 1208 3926 3.
1245 3881 1310 3924 99
1363 3875 1398 3920 S
1436 3890 1499 3924 re.
1534 3873 1621 3937 Sy.

561 3940 717 3992 Hem!
755 3941 879 3990 Heu.
903 3940 972 3999 iii,
990 3945 1038 3990 2..
1060 3945 1107 3988 6.
1139 3940 1204 3996 iv,
1229 3945 1278 3988 5.
1301 3943 1334 3987 9
1416 3938 1518 3984 em!
1557 3939 1619 3985 ia·

562 4014 642 4054 tue
666 4005 898 4054 volueram
935 4003 1057 4052 Hea.
1086 4004 1152 4062 iv,
1171 4008 1218 4052 8.
1241 4007 1304 4051 26
1351 4001 1503 4048 Hem!
1539 4003 1623 4049 de·

563 4071 666 4116 sino
699 4069 796 4117 Ad.
830 4069 863 4125 i,
884 4074 933 4118 2.
955 4073 1016 4116 57
1075 4066 1229 4114 Hem!
1275 4065 1341 4114 sic
1377 4065 1483 4113 volo
1517 4063 1619 4116 Ad.

561 4131 618 4189 ii,
639 4138 684 4182 1.
708 4137 768 4181 15
806 4131 966 4180 Heus!
1001 4131 1152 4179 heus!
1188 4131 1220 4177 S
1257 4146 1322 4178 re.
1354 4129 1438 4194 Sy.
1463 4129 1617 4176 Hem!

563 4195 678 4258 quid
705 4196 809 4242 est?
837 4195 936 4248 Ad.
956 4195 1076 4255 ii,⁴.
1105 4199 1161 4243 17
1247 4194 1352 4241 em!
1389 4209 1490 4240 mea
1511 4193 1620 4241 Sos·

565 4266 705 4314 unta.
743 4259 870 4323 vide,
910 4275 1050 4324 quam
1087 4275 1184 4307 rem
1215 4273 1325 4322 agas
1357 4257 1453 4306 Ad.
1475 4256 1546 4316 iii,
1567 4262 1621 4310 2.

1527 394 1770 455 innnx

1671 558 1736 603 45
1770 550 1923 601 Hem!
1946 553 2055 601 huic
2071 550 2283 617 mundes,
2294 553 2341 601 εἰ
2366 552 2463 603 Ad.
2486 552 2561 611 ιὶί,
2576 558 2626 605 3.
2647 555 2731 609 17.

1674 614 1765 667 Ph.
1788 618 1858 677 iv,
1878 618 1929 666 4.
1951 621 1981 666 7
2034 617 2199 665 Filiam
2222 618 2326 681 ejus
2348 618 2571 681 virginem
2596 620 2731 667 vitia·-

1672 682 1760 730 vit.
1796 681 1891 729 De.
1917 680 2074 729 Hem!
2109 680 2210 729 Ad.
2232 684 2303 743 iii,
2322 687 2373 731 4.
2394 688 2454 731 21
2496 683 2620 731 Hem
2645 684 2733 733 tibi

1674 752 1850 793 autem.
1884 744 1961 795 ct,
1995 745 2235 802 Quidnam
2253 748 2361 794 eet?
2392 746 2479 809 81·
2500 747 2663 809 Lupus
2680 749 2733 797 i-

1674 809 1834 857 fabule
1864 808 1965 858 Ad.
1986 809 2055 871 iv,
2075 816 2119 859 1.
2140 815 2201 859 21
2239 809 2387 858 Hem!
2422 811 2553 871 vide,
2568 820 2622 857 ut
2634 812 2733 859 di·-

1674 874 1794 923 cidit
1818 871 1997 921 labsum
2028 874 2127 925 Ad.
2149 876 2217 935 iv,
2233 878 2285 923 2.
2304 879 2367 923 20
2400 873 2556 923 Hem!
2593 874 2733 938 virgi⁴

1675 952 1783 985 nem
1824 945 1879 985 ut
1920 954 2079 985 cecum
2112 936 2310 985 evellat!
2354 937 2453 987 Ad.
2490 939 2556 994 iv,
2583 944 2635 987 5.
2664 944 2733 987 20

1676 1002 1819 1051 Βοιιο
1856 1000 2013 1049 animo
2050 1018 2131 1049 ee:
2180 1004 2325 1051 duces
2367 1018 2557 1049 uxorem
2591 1004 2733 1053 banc.

1676 1064 1783 1115 AEs.
1800 1064 1956 1113 Hem!
1992 1065 2090 1113 Ad.
2111 1064 2181 1128 iv,
2202 1072 2251 1115 5.
2271 1071 2337 1115 62
2390 1066 2595 1127 Hicciue
2632 1082 2731 1115 non

1677 1130 1931 1193 gestandus
1968 1129 2019 1176 in
2040 1130 2147 1177 sinu
2168 1130 2275 1179 est?
2308 1130 2449 1177 hem!
2483 1130 2583 1180 Ad.
2604 1130 2669 1188 iv,
2682 1138 2734 1179 6.

1676 1197 1739 1243 75
1797 1192 1921 1241 Hem
1946 1193 2057 1240 tibi!
2090 1194 2277 1241 rescivit
2297 1210 2483 1241 omnem
2504 1210 2603 1241 rem
2633 1193 2733 1241 Ad.

1678 1273 1725 1313 v,
1748 1261 1797 1307 3.
1818 1262 1851 1307 4
1899 1256 2053 1303 Hem!
2088 1258 2223 1305 duxit
2252 1257 2347 1304 He.
2370 1258 2406 1313 i,
2432 1263 2478 1305 1.
2498 1262 2531 1307 6
2575 1258 2734 1307 Hem!

1678 1320 1797 1369 istoc
1834 1321 1974 1368 verbo
2008 1320 2191 1369 animus
2225 1320 2341 1367 mihi
2374 1322 2520 1369 rediit
2546 1322 2642 1370 He.
2664 1322 2736 1378 iii,

1678 1388 1817 1434 2.12
1869 1384 2069 1446 Accipe.
2107 1384 2243 1431 hem!
2270 1385 2443 1433 lectum
2475 1392 2549 1431 est
2581 1386 2736 1447 Ph.i‚

1678 1453 1729 1497 2.
1751 1453 1782 1496 2
1816 1448 1940 1495 Hem
1959 1450 1971 1495 !
1996 1450 2115 1496 istuc
2138 1464 2267 1495 serva
2300 1448 2393 1495 Ph.
2411 1450 2445 1505 i,
2468 1451 2516 1496 4.
2536 1452 2602 1497 35
2636 1448 2738 1497 Ge·

1680 1513 1766 1561 ta?
1811 1512 2097 1561 Ge.'Hem!
2137 1510 2234 1561 Αιι.
2277 1512 2406 1569 Quid
2440 1512 2608 1575 egisti?
2644 1513 2739 1561 Ph.

1681 1576 1813 1633 iv‚4.
1831 1581 1858 1626 1
1894 1575 2029 1624 Heus
2049 1575 2207 1624 Geta!
2242 1574 2471 1625 Ge.Hem
2490 1576 2609 1623 tibi!
2642 1577 2736 1625 Ph.

1681 1656 1729 1697 v,
1751 1644 1799 1689 6.
1824 1646 1853 1689 7
1908 1639 2062 1687 Hem!
2088 1640 2206 1703 quid
2245 1639 2348 1689 ais?
2383 1640 2479 1690 Ph.
2508 1655 2559 1704 v,
2588 1644 2635 1689 6.
2655 1646 2739 1697 32..

1682 1720 1729 1761 v,
1752 1709 1804 1753 8.
1830 1709 1907 1753 ιε.
1928 1710 1990 1753 51

1744 1766 1892 1817 Hem.
1955 1767 2099 1817 Onre
2116 1765 2277 1829 jussit.
2300 1766 2341 1814 si
2362 1782 2411 1815 se
2432 1781 2579 1825 emen,
2608 1768 2737 1826 hera,

1674 1829 1777 1894 jam
1810 1840 1863 1879 ut
1883 1832 1947 1881 ad
1968 1848 2018 1879 se
2039 1832 2199 1879 venias
2231 1830 2297 1879 A.
2317 1831 2385 1888 iv,
2408 1836 2459 1883 2.
2477 1835 2510 1880 4
2542 1833 2739 1883 Jamdu.

1684 1895 1796 1943 dum
1818 1898 1929 1947 hera
1954 1911 2035 1944 vos
2054 1901 2275 1958 expectat
2296 1897 2429 1944 domi
2459 1895 2551 1943 Eu.
2570 1914 2621 1953 v,
2636 1901 2683 1947 3.
2706 1903 2738 1947 8

1682 1958 1811 2007 Hera
1852 1960 1905 2007 in
1948 1959 2127 2008 crimen
2169 1959 2329 2006 veniet
2366 1958 2462 2008 He.
2492 1960 2563 2016 iii,
2595 1965 2643 2009 1.
2674 1966 2737 2011 55

1683 2024 1925 2073 Summum
1948 2024 2121 2071 bonum
2144 2037 2253 2073 esse
2268 2024 2391 2071 herae
2414 2024 2579 2087 putavi
2604 2025 2739 2074 hune

1686 2086 1985 2151 Pamphilum
2018 2088 2081 2135 A.
2103 2087 2232 2144 ina.
2252 2092 2285 2137 2
2317 2086 2578 2150 Virginem.
2600 2104 2743 2151 quam

1684 2152 1806 2199 herae
1822 2152 1948 2201 dono
1966 2152 2163 2199 dederat
2176 2151 2327 2208 miles,
2348 2151 2533 2199 vitiavit
2565 2152 2657 2201 Eu.
2670 2152 2741 2213 ir,

1687 2219 1735 2263 3.
1760 2219 1823 2267 12
1857 2216 2001 2273 Quod
2025 2215 2252 2277 mihique,
2274 2216 2511 2279 heraeque,
2532 2216 2739 2279 filiaeque

1682 2278 1818 2327 herili
1838 2288 1907 2327 eet
1940 2278 2038 2327 Ad.
2062 2278 2134 2341 iii,
2152 2283 2201 2329 2.
2222 2284 2253 2328 3
2297 2280 2442 2329 Cesso
2471 2280 2627 2327 heram
2650 2280 2741 2329 hou

1684 2342 1809 2390 malo
1842 2342 2070 2405 impertiri
2102 2344 2340 2406 propere?
2372 2342 2471 2393 Ad.
2501 2343 2576 2406 iii,
2602 2348 2653 2393 2.
2676 2348 2742 2397 22

1684 2406 1789 2462 Ait,
1810 2422 1915 2455 esse
1938 2406 2129 2454 vetitum
2153 2408 2279 2455 intro
2316 2408 2377 2455 ad
2416 2410 2573 2455 heram
2606 2423 2742 2457 acce·

1685 2469 1796 2518 dere
1815 2471 1905 2520 Ph.
1928 2486 1975 2528 v,
1995 2476 2045 2522 6.
2066 2475 2131 2520 24
2174 2470 2305 2520 Hera
2324 2488 2443 2528 mea,
2458 2480 2595 2532 tace;
2640 2480 2745 2522 tuoe·

1686 2534 1878 2583 obsecro
1914 2530 2004 2585 Eu.
2026 2552 2073 2590 v,
2099 2540 2146 2586 1.
2172 2541 2235 2584 18
2269 2536 2415 2593 Hera,
2436 2537 2613 2584 factum
2646 2537 2743 2590 Eu.

1688 2613 1735 2658 V,
1754 2603 1803 2647 2.
1829 2603 1889 2648 12
1921 2599 2032 2647 Tibi
2063 2599 2123 2646 ab
2146 2599 2283 2658 istoc,
2314 2601 2444 2657 hem,
2482 2601 2742 2648 cavendum

1684 2661 1903 2726 intelligo
1934 2662 2029 2712 Eu.
2053 2679 2101 2719 v,
2124 2667 2175 2712 2.
2196 2669 2261 2713 44
2309 2663 2354 2710 Ε
2375 2680 2423 2712 re
2443 2672 2557 2712 nata
2576 2663 2745 2714 melius

1686 2725 1786 2776 fieri
1808 2728 1932 2775 haud
1958 2727 2130 2790 potuit,
2159 2743 2301 2790 quam
2324 2727 2499 2776 factum
2520 2737 2609 2783 est.
2632 2729 2747 2775 hera

1687 2789 1787 2840 Ad.
1812 2791 1885 2852 iii,
1909 2797 1955 2840 1.
1978 2795 2010 2840 8
2045 2791 2327 2854 Opportune
2352 2801 2399 2838 te
2422 2791 2634 2840 obtulisti
2657 2791 2747 2842 mi·

1687 2854 1738 2904 hi
1780 2855 1985 2917 obviam,
2024 2855 2137 2902 hera
2166 2855 2264 2902 Ad.
2291 2853 2365 2912 iii,
2398 2861 2449 2906 2.
2481 2861 2543 2904 25
2596 2853 2745 2916 Here,

1687 2933 1716 2964 e
1748 2933 1778 2964 o
1809 2919 1920 2967 hinc
1958 2920 2020 2967 ad
2056 2920 2141 2966 hos
2170 2919 2399 2980 provisam
2431 2918 2532 2970 Ad.
2564 2935 2611 2975 v,
2644 2925 2693 2970 6.
2715 2920 2743 2970 1

1688 2934 1882 3040 &creon
1906 2983 2109 3041 hermae
2128 2982 2303 3046 injuria
2324 2983 2554 3032 afficiatur
2583 2983 2677 3032 Ph.
2697 2997 2745 3041 v,

1754 3109 1945 3160 Hercle.
2010 3109 2137 3157 Mihi
2170 3109 2361 3172 quidem
2385 3108 2541 3158 hercle
2564 3125 2661 3156 non
2691 3110 2749 3158 fit

1688 3173 1939 3222 verisimile
1972 3171 2037 3222 A.
2060 3172 2096 3225 i,
2120 3176 2169 3222 3.
2192 3177 2257 3222 20
2290 3173 2407 3220 Mea
2427 3173 2618 3234 quidem
2642 3173 2747 3220 her·

1690 3235 1763 3286 cle
1797 3246 1923 3286 certe
1955 3236 2005 3284 in
2042 3236 2186 3282 dubio
2216 3236 2316 3282 vita
2335 3244 2407 3282 est
2444 3235 2509 3282 A.
2534 3235 2587 3291 ii.
2610 3241 2659 3284 2.
2683 3240 2745 3284 10

1691 3299 1830 3350 Certe
1869 3301 2023 3348 hercle
2056 3315 2182 3347 nunc
2221 3299 2299 3347 hic
2342 3314 2391 3346 se
2428 3299 2561 3363 ipsus
2604 3299 2747 3363 fallit,

1689 3365 1817 3412 haud
1849 3381 1939 3428 ego
1970 3362 2033 3411 A.
2064 3363 2135 3420 iii,
2172 3369 2221 3414 2.
2258 3368 2318 3414 15
2373 3361 2557 3414 Verum
2591 3365 2749 3439 hercle

1689 3428 1859 3492 opinor
1898 3429 2041 3478 fuisse
2083 3428 2318 3476 Phanium
2351 3426 2412 3474 A.
2450 3443 2497 3484 v,
2514 3433 2563 3478 4.
2583 3432 2649 3492 26
2695 3427 2747 3478 Si

1690 3494 1882 3556 quidem
1903 3493 2058 3542 hercle
2098 3492 2267 3556 possis,
2298 3491 2417 3538 nihi!
2440 3492 2565 3554 prius
2597 3489 2689 3538 Eu.
2710 3491 2749 3556 i,

1694 3562 1741 3606 1.
1758 3563 1788 3606 5
1825 3557 2001 3605 Nescio
2024 3557 2179 3604 hercle
2214 3555 2307 3606 Eu.
2338 3555 2390 3610 ii,
2412 3559 2461 3604 3.
2486 3559 2566 3611 13.
2597 3554 2688 3607 Ph.
2711 3555 2749 3613 i,

1691 3625 1738 3668 2.
1758 3625 1818 3669 87
1856 3621 2109 3677 Quodnam
2131 3635 2308 3684 quaeso,
2331 3618 2486 3666 hercle
2520 3619 2612 3668 Eu.
2626 3618 2681 3674 ii,
2697 3623 2747 3668 3.

1692 3689 1755 3733 64
1802 3685 1926 3731 Sane
1962 3685 2117 3732 hercle
2159 3694 2215 3731 ut
2246 3683 2365 3732 dicis
2396 3683 2489 3732 Eu.
2515 3683 2584 3740 iii,
2606 3689 2656 3732 5.
2680 3688 2744 3732 59

1693 3745 1820 3794 Perii
1836 3748 1991 3796 hercle
2014 3747 2105 3794 Eu.
2129 3763 2175 3807 v,
2194 3753 2243 3796 2.
2265 3751 2347 3798 66.
2377 3765 2425 3803 v,
2447 3750 2581 3797 6.14.
2618 3745 2745 3798 Heu.

1692 3811 1761 3867 ἰν,
1783 3815 1835 3860 4.
1863 3815 1939 3860 14.
1987 3811 2086 3860 Ad.
2125 3810 2181 3868 ii,
2206 3816 2258 3861 2.
2288 3816 2365 3861 19.
2410 3811 2499 3860 Ph.
2540 3811 2595 3869 ii,
2617 3815 2663 3860 3.
2687 3815 2751 3860 39

1692 3875 1873 3922 Mulier
1914 3874 2181 3931 commoda,
2200 3883 2248 3922 et
2267 3875 2439 3932 facete,
2478 3876 2579 3923 haec
2601 3880 2749 3922 mere·

1693 3939 1801 3995 trix,
1838 3945 1889 3986 et
1926 3939 2116 4002 quidem
2148 3939 2305 3986 hercle
2340 3939 2487 3987 forma
2510 3939 2750 3986 luculenta

1693 4002 1817 4052 Heu.
1842 4002 1913 4060 iii,
1934 4007 1982 4052 2.
2008 4006 2067 4051 12
2101 4002 2214 4050 Non
2238 4019 2357 4064 opus
2382 4002 2488 4050 est?
2524 4000 2612 4050 Ch.
2634 4001 2682 4048 N
2686 4017 2751 4048 οιι

1695 4067 1849 4115 hercle
1870 4082 1979 4114 vero
2012 4066 2139 4117 Hea.
2163 4067 2233 4123 iii,
2254 4071 2302 4115 3.
2324 4071 2384 4114 51
2421 4065 2511 4112 Na.
2535 4065 2624 4111 ista
2642 4065 2749 4112 her-

1694 4130 1768 4178 cle
1810 4147 1981 4193 magno
2015 4129 2117 4193 jam
2160 4137 2330 4178 conatu
2376 4144 2565 4190 magnes
2603 4144 2752 4191 nugae

1696 4193 1893 4242 dixerit!
1934 4195 2057 4243 Hea.
2080 4195 2147 4254 iv,
2171 4198 2221 4242 1.
2240 4198 2272 4242 8
2322 4191 2439 4240 Fero
2463 4192 2617 4240 hercle
2640 4208 2750 4240 vero

1696 4258 1820 4313 Hea.
1835 4259 1899 4317 iv,
1919 4264 1969 4309 3.
1996 4262 2055 4310 14
2089 4257 2208 4308 Non
2234 4255 2387 4306 hercle
2411 4271 2520 4304 vero
2541 4272 2553 4305 :
2591 4271 2750 4306 verum
