3192 4975
585 453 888 533 ,clxxviii

595 629 696 669 tam
713 632 834 674 esse,
874 614 1080 663 animum
1116 613 1327 663 inducite
1373 614 1495 663 Hea.
1526 614 1657 665 Ptol.

593 689 659 735 41
693 683 878 733 Bonam
900 686 1041 743 atque
1054 676 1234 740 justam
1261 694 1355 725 rem
1373 680 1554 743 oppido
1570 680 1658 727 im-

596 763 752 813 peras,
769 753 820 794 et
839 746 968 791 factu
1007 742 1192 791 facilem
1263 743 1388 791 Hea.
1411 744 1478 801 iv,
1508 748 1557 793 3.
1591 749 1659 793 26

595 813 780 863 Justam
805 808 932 857 illam
975 822 1182 863 causam,
1215 805 1418 863 facilem.
1453 806 1655 857 vincibi-

595 878 708 930 lem,
729 872 1006 937 optumam?
1041 871 1129 918 Ph.
1151 871 1187 924 i,
1208 875 1255 920 4.
1279 876 1344 923 49
1376 872 1512 919 Eho!
1537 886 1657 919 non-

595 956 658 988 ne
678 940 782 985 haec
809 936 942 1000 justa
965 934 1054 984 tibi
1075 935 1291 983 videntur
1312 936 1509 999 postea?
1559 934 1657 985 Ad.

596 1004 663 1060 iv,
687 1010 735 1051 5.
757 1007 824 1052 26
872 999 1000 1057 Quia
1021 1014 1117 1045 non
1142 998 1293 1060 justa,
1315 1000 1493 1064 injusta
1527 1016 1657 1063 pror·

600 1084 678 1115 sus
701 1065 876 1122 omnia,
897 1063 1091 1111 omnino
1131 1064 1366 1129 obsequor
1417 1065 1511 1115 Ad.
1533 1081 1582 1120 v,
1606 1069 1656 1119 9.

597 1136 663 1181 33
711 1130 806 1187 Qui
831 1128 982 1192 possit
1017 1142 1210 1175 noscere
1249 1136 1331 1175 tua
1361 1129 1528 1191 justa?
1563 1128 1654 1177 Ph.

597 1195 652 1251 ii,
679 1199 724 1243 1.
745 1199 809 1243 50
857 1193 980 1250 Quae
995 1207 1140 1241 causa
1155 1200 1230 1241 est
1255 1192 1520 1256 justissima
1565 1192 1658 1241 Ph.

600 1260 669 1315 iv,
691 1262 740 1307 4.
763 1261 828 1306 30

663 1322 808 1373 Juvo.
871 1320 930 1368 Id
953 1321 1140 1368 demum
1157 1319 1312 1383 juvat,
1335 1320 1378 1369 si
1409 1320 1505 1372 Ad.
1527 1320 1585 1378 ii,
1608 1325 1662 1373 3.

599 1392 632 1439 2
667 1388 766 1443 Qui
796 1386 864 1435 sic
887 1393 1016 1445 sunt,
1039 1386 1165 1432 haud
1187 1386 1384 1433 multum
1423 1386 1657 1433 haeredem

592 1451 765 1515 juvant
785 1450 876 1497 He.
895 1450 966 1510 iii,
987 1454 1036 1499 5.
1062 1453 1124 1497 10
1145 1449 1297 1497 Crede
1311 1450 1502 1513 inquam
1525 1450 1658 1506 mibi,

599 1524 682 1565 aut
702 1514 923 1576 consilio,
943 1522 1026 1561 aut
1041 1528 1090 1561 re
1103 1512 1275 1576 juvero
1307 1514 1430 1565 Hes.
1455 1515 1491 1573 i,
1508 1519 1556 1564 1.
1577 1518 1642 1563 34

1102 1704 1162 1753 L.

663 1833 895 1882 Labasco.
962 1832 1198 1888 Labascit,
1238 1832 1392 1881 victus
1427 1849 1522 1881 uno
1555 1848 1657 1879 ver-

601 1900 664 1946 bo
697 1897 790 1945 Eu.
809 1896 846 1951 i,
869 1903 920 1952 2.
937 1901 1002 1945 98
1037 1898 1256 1945 Labascit
1290 1897 1390 1947 Ad.
1413 1898 1465 1951 ii,
1487 1903 1535 1945 2.
1559 1902 1620 1945 31

662 1961 933 2011 Labefacio.
999 1961 1179 2011 Omnes
1229 1962 1396 2011 dentes
1439 1960 1663 2009 labefecit

600 2025 716 2074 mihi
746 2025 844 2074 Ad.
867 2026 918 2081 ii,
940 2030 990 2075 2.
1015 2030 1080 2077 36

665 2088 938 2137 Labefacto.
1003 2090 1079 2138 Ita
1099 2106 1174 2139 me
1193 2089 1333 2139 video
1353 2090 1414 2139 ab
1429 2104 1484 2137 ea
1506 2096 1661 2137 astute

605 2152 929 2203 labefactarier
960 2153 1053 2203 Eu.
1076 2156 1149 2211 iii,
1173 2158 1220 2202 3.
1243 2158 1272 2203 3

665 2218 832 2265 Labia.
899 2216 1118 2266 Accurrit
1161 2220 1224 2265 ad
1275 2234 1370 2274 me,
1423 2218 1660 2273 incurvus,

585 2283 845 2339 tremulus,
879 2281 1014 2331 labiis
1047 2280 1282 2338 demissis,
1321 2297 1514 2345 gemens
1563 2282 1659 2330 Eu.

597 2345 652 2400 ii,
675 2350 724 2392 3.
743 2350 809 2395 44

669 2408 822 2455 Labor
844 2408 918 2455 vel
942 2408 1112 2454 Labos.
1147 2407 1332 2464 Quibus
1353 2414 1426 2454 est
1441 2408 1663 2455 alicunde

602 2471 772 2535 aliquis
796 2471 1010 2534 objectus
1053 2471 1182 2518 labos
1231 2470 1324 2518 He.
1349 2471 1422 2531 iii,
1445 2476 1491 2521 1.
1513 2476 1544 2522 6
1594 2472 1665 2523 Ut

603 2536 764 2599 aliqua
783 2552 889 2599 pars
921 2535 1092 2583 laboris
1115 2536 1348 2584 minuatur
1371 2536 1485 2584 mihi
1539 2537 1663 2586 Hea.

603 2599 734 2648 Prol.
775 2605 841 2650 42
894 2599 945 2648 Si
979 2600 1090 2662 quid
1129 2600 1296 2648 laboris
1350 2608 1438 2655 est,
1487 2602 1661 2650 nollem

603 2663 728 2714 Hea.
753 2663 788 2721 i,
814 2669 861 2713 1.
885 2669 948 2713 30
993 2665 1106 2712 Sine
1131 2681 1223 2719 me,
1244 2666 1454 2712 vacivom
1479 2673 1663 2728 tempus

603 2744 666 2777 ne
698 2729 826 2791 quod
861 2728 990 2775 duim
1024 2729 1138 2775 mihi
1173 2729 1344 2777 laboris
1409 2729 1532 2776 Hea.
1553 2731 1590 2785 i,
1618 2735 1665 2778 1.

604 2798 671 2842 39
703 2793 821 2842 Meo
840 2791 988 2840 labori
1021 2795 1148 2840 haud
1183 2809 1378 2856 parcens
1421 2794 1516 2842 He.
1537 2795 1592 2848 ii,
1620 2799 1664 2844 1.

603 2862 671 2908 29
702 2857 776 2904 Ex
799 2874 857 2906 eo
879 2872 1004 2905 nunc
1027 2858 1194 2906 misera
1215 2874 1355 2921 quem
1379 2859 1510 2921 capit
1533 2859 1663 2906 labo-

603 2937 702 2970 rem
721 2922 732 2968 !
768 2921 832 2970 A.
855 2921 920 2978 iv,
941 2926 990 2970 3.
1009 2927 1038 2970 5
1074 2921 1250 2970 Nonne
1272 2930 1320 2970 te
1341 2923 1527 2970 miseret
1539 2923 1664 2970 mei?

607 2994 790 3035 tantum
814 2985 1017 3034 laborem
1040 3001 1207 3049 capere
1229 2987 1291 3034 ob
1311 2986 1452 3040 talem
1477 2987 1625 3034 filium
1645 2987 1664 3034 ?

605 3049 674 3100 A.
696 3067 744 3106 v,
765 3055 813 3100 2.
834 3055 900 3100 29
947 3049 1061 3098 Non
1085 3050 1324 3113 convenit,
1344 3052 1430 3114 qui
1449 3051 1580 3098 illum
1602 3051 1665 3098 ad

607 3115 812 3162 laborem
845 3115 1132 3178 impulerim,
1188 3131 1266 3163 me
1318 3114 1471 3178 ipsum
1503 3116 1665 3178 fugere

589 3179 734 3232 ‚Hem
753 3177 790 3236 i',
815 3183 861 3227 l.
887 3184 981 3230 113
1015 3179 1110 3240 Spe
1131 3180 1328 3236 incerta,
1349 3188 1526 3228 certum
1549 3180 1666 3227 mihi

610 3243 815 3291 laborem
839 3243 1006 3296 sustuli
1037 3243 1131 3292 He.
1152 3244 1259 3294 Alt.
1284 3243 1410 3294 Prol.
1429 3249 1462 3292 9
1509 3245 1665 3296 Labo-

605 3323 705 3354 rem
728 3305 916 3356 inanem
937 3306 1066 3370 ipsus
1087 3307 1217 3381 capit
1250 3307 1344 3356 He.
1365 3308 1434 3364 iii,
1453 3313 1502 3358 2.
1523 3313 1557 3358 9
1588 3308 1668 3355 Ita

608 3369 1665 3500 {issssgssi'ii‘i'ffiie'ssssminim1‘2i⁸bissiiii

1180 3470 1193 3492 ι
1237 3471 1253 3494 s
1307 3469 1322 3484 ⁶
1644 3463 1665 3473 “

608 3499 740 3555 bore,
761 3507 904 3562 atque
925 3497 1027 3547 e‘us
1048 3500 1228 3558 dolore,
1250 3508 1394 3564 gnato
1423 3511 1479 3549 ut
1511 3503 1667 3550 medi-

609 3578 738 3612 carer
777 3571 861 3611 tuo
979 3595 996 3612 .
1015 3581 1065 3627 v,
1085 3570 1132 3615 1.
1157 3570 1238 3620 12.
1272 3565 1455 3613 Labore
1509 3566 1667 3615 alieno

608 3635 982 3741 wtizam?
983 3629 1098 3742 Ἢ
1101 3629 1256 3743 0ἶὲῗῖ
1267 3631 1424 3743 Ἔὼῖἰι
1431 3632 1668 3742 :22133252

611 3756 1671 3874 11¹¹..22222222'2

610 3885 720 3934 dem
753 3886 880 3934 bona
934 3885 1056 3936 Hea.
1090 3887 1156 3949 iv,
1193 3891 1242 3936 7.
1281 3891 1342 3936 13
1397 3887 1467 3935 Ut
1497 3903 1669 3946 serves,

646 3950 742 3998 uod
763 3950 920 3999 labore
935 3949 1164 3999 invenerit
1195 3949 1316 4000 Hea.
1332 3968 1384 4014 v,
1398 3956 1447 4000 4.
1468 3955 1527 4002 17
1560 3951 1670 4001 Hoc

606 3963 752 4063 aucti
771 4031 856 4078 pro
879 4013 1036 4062 labore
1059 4017 1118 4062 ab
1137 4015 1210 4063 his
1231 4015 1348 4071 fero,
1370 4016 1546 4065 odium.
1579 4016 1671 4064 Ille

610 4078 729 4127 alter
751 4079 852 4127 sine
877 4079 1034 4127 labore
1057 4081 1206 4142 patria
1226 4081 1402 4142 potitur
1423 4081 1681 4130 commoda-

614 4140 712 4190 Ad.
751 4159 798 4202 v,
831 4147 882 4192 4.
919 4148 996 4194 16.
1041 4149 1096 4194 17
1153 4144 1232 4192 Ita
1267 4159 1349 4192 eos
1380 4161 1486 4192 meo
1511 4144 1671 4194 labore

611 4206 809 4254 eductos
831 4222 1064 4263 maxumo,
1105 4209 1181 4257 hic
1217 4208 1331 4256 fecit
1363 4225 1488 4264 suos,
1526 4211 1670 4273 paulo

613 4277 768 4317 sumtu
800 4270 895 4320 Ad.
917 4289 964 4330 v,
987 4278 1035 4322 4.
1056 4277 1120 4322 21
1166 4272 1368 4322 Ροὲωω
1405 4274 1584 4322 restitui
1617 4275 1670 4322 in

615 4331 790 4390 locum,
813 4349 961 4397 prope
998 4344 1224 4384 remotum
1265 4338 1324 4384 ab
1363 4337 1521 4386 labore
1573 4339 1671 4388 He.

1567 464 1808 515 mnux

1729 613 1834 667 Alt.
1855 612 1983 661 Prol.
2008 616 2070 662 15
2118 610 2231 661 Sine
2251 611 2409 659 lab'ore
2430 610 2555 659 hanc
2576 612 2788 678 gratim,

1732 685 1799 735 te,
1820 684 1875 725 ut
1894 678 1987 725 sibi
2006 678 2091 725 des
2114 692 2201 739 pro
2220 677 2321 737 ilia,
2350 692 2479 725 nunc
2510 685 2645 739 rogat
2692 678 2782 729 He.

1730 742 1803 803 iii,
1822 746 1871 791 3.
1892 746 1957 791 30
2006 742 2151 789 Haud
2170 742 2476 797 existumans,
2508 748 2686 803 quanto
2723 744 2790 790 la-

1731 808 1845 855 bore
1863 816 2048 869 partum
2097 805 2247 867 Ph.i‚
2270 810 2315 854 1.
2340 810 2404 855 12
2456 805 2635 852 Omnes
2674 806 2789 854 mihi

1730 871 1913 919 labores
1934 870 2083 927 fuere,
2104 884 2225 933 quos
2260 868 2389 932 cepi,
2412 870 2535 917 leves
2590 870 2715 921 Hea.
2732 872 2787 929 ii,

1716 940 1782 985 4.
1812 939 1873 984 19

1784 998 2087 1059 Laboriosus‚
2097 1013 2144 1059 a,
2164 1014 2259 1046 um.
2282 996 2332 1045 si
2344 1012 2440 1060 qua
2458 994 2685 1045 laboriosa
2698 1006 2791 1056 est,

1732 1065 1792 1112 ad
1816 1080 1892 1111 me
1911 1064 2108 1112 curritur
2127 1080 2139 1108 ε
2174 1064 2248 1110 sin
2265 1062 2399 1118 lenis,
2422 1063 2483 1109 ad
2518 1062 2639 1110 Hea.
2661 1063 2793 1113 Prol.

1728 1132 1794 1179 44
1828 1128 1921 1177 vel
1942 1144 2019 1175 me
2041 1129 2145 1176 hec
2168 1127 2507 1181 deambulatio,
2528 1142 2665 1189 quam
2688 1142 2789 1175 non

1731 1192 1979 1248 laboriosa,
2002 1192 2065 1239 ad
2088 1193 2360 1255 languorem
2384 1192 2546 1239 dedit!
2582 1191 2704 1240 Hea.
2722 1192 2789 1249 iv,

1794 1321 1996 1369 Laboro.
2082 1318 2334 1367 Laborate
2354 1318 2519 1367 dolore
2566 1317 2634 1370 A.
2668 1318 2708 1376 i,
2742 1324 2792 1369 5.

1732 1389 1796 1433 33
1845 1384 1915 1432 At
1936 1386 2049 1431 istos
2091 1392 2265 1431 rastros
2300 1383 2481 1431 interea
2516 1390 2673 1431 tamen
2708 1398 2792 1447 ap-

1730 1465 1889 1512 pone:
1924 1464 1985 1496 ne
2023 1448 2179 1495 labora
2224 1447 2349 1495 Hea.
2371 1448 2405 1502 i,
2432 1451 2478 1495 1.
2502 1451 2565 1495 37
2627 1448 2707 1494 Illi
2732 1450 2793 1499 de

1730 1530 1807 1625 iiie
1828 1512 2112 1625 suppllicsiitim
2126 1513 2251 1559 dabo
2272 1528 2287 1559 z
2326 1511 2561 1575 laborans,
2576 1526 2793 1575 quaerens

1782 1594 1856 1626 ea.
1877 1593 1913 1633 ι,
1968 1610 1983 1625 .

1797 1642 2015 1689 Labrum.
2080 1640 2238 1688 Hem!
2262 1640 2388 1696 vide,
2422 1646 2479 1686 ut
2510 1639 2705 1689 discidit
2724 1641 2792 1689 la·
2834 1668 2841 1673 ·

1733 1707 1867 1754 brum
1898 1706 1997 1754 Ad.
2016 1705 2083 1760 iv,
2102 1709 2155 1753 2.
2174 1709 2241 1755 20

1797 1770 1992 1818 Lacero.
2078 1768 2159 1817 Ne
2212 1766 2495 1830 cujusquam
2546 1766 2790 1817 misereat:

1768 1835 1849 1881 uin
1872 1835 2065 1897 spolies,
2084 1831 2291 1889 mutiles,
2313 1831 2487 1879 laceres
2520 1831 2614 1880 He.
2628 1830 2737 1889 i‚‚1.
2758 1837 2791 1881 Β

1784 1898 1872 1945 ah!
1918 1898 2090 1962 quibus
2140 1897 2273 1944 illum
2326 1896 2577 1945 lacerarem
2622 1897 2793 1947 modis.

1724 1962 1829 2011 Ad.
1848 1962 1921 2017 iii,
1942 1967 1993 2012 2.
2019 1966 2079 2010 17

1798 2026 2019 2073 Lacesso.
2082 2023 2437 2079 Phormionem,
2456 2024 2539 2088 qui
2562 2024 2707 2081 volet,
2724 2025 2791 2075 la-

1734 2091 1903 2137 cessito
1936 2090 2028 2137 Ph.
2048 2106 2097 2144 v,
2119 2093 2168 2137 8.
2190 2093 2258 2137 38
2288 2088 2439 2136 Vetus
2460 2090 2499 2136 si
2521 2088 2675 2138 Poeta
2696 2105 2793 2137 non

1732 2154 1997 2203 lacessisset
2014 2154 2143 2218 prior
2190 2153 2283 2201 Ph.
2302 2151 2430 2201 Prol-
2454 2157 2517 2203 14
2566 2153 2617 2201 Is
2638 2170 2700 2201 ne
2720 2169 2791 2201 er·-

1734 2225 1823 2274 ret,
1866 2234 2054 2274 moneo,
2088 2224 2137 2265 et
2187 2216 2372 2264 desinat
2424 2218 2649 2265 lacessere
2698 2216 2793 2268 Eu.

1734 2282 1863 2330 Prol.
1888 2287 1951 2331 16
2000 2282 2095 2330 Hic
2118 2281 2397 2342 respondere
2418 2281 2587 2338 voluit,
2606 2296 2703 2329 non
2724 2283 2793 2329 la-

1737 2360 1915 2397 cessere
1950 2348 2041 2396 Ph.
2067 2344 2194 2393 Prol.
2214 2350 2278 2394 20

1804 2410 1999 2458 Laches.
2074 2410 2273 2469 Laches,
2294 2416 2343 2456 et
2362 2410 2657 2473 diligentiam
2688 2426 2793 2458 vos-

1738 2480 1872 2528 tram,
1894 2483 1945 2523 et
1964 2474 2302 2538 benignitatem
2325 2474 2435 2523 novi
2472 2475 2564 2523 He.
2583 2476 2638 2531 ii,
2660 2479 2707 2524 2.
2729 2480 2793 2524 21

1738 2539 1881 2586 Haud
1906 2540 2127 2602 equidem
2161 2540 2288 2597 dico,
2308 2539 2374 2586 mi
2395 2541 2575 2589 Laches
2622 2539 2718 2591 He.
2742 2541 2795 2596 ii,
2841 2542 2849 2547 “

1742 2608 1789 2652 l.
1812 2609 1871 2652 35
1908 2603 2021 2652 alibi

1804 2668 2051 2718 Lacruma.
2118 2668 2247 2716 Hinc
2270 2668 2363 2714 illm
2386 2667 2603 2716 lacrumae
2624 2667 2637 2715 l
2669 2667 2733 2715 A.
2756 2668 2795 2724 i,

1742 2736 1788 2781 1.
1806 2737 1871 2781 99
1904 2733 2144 2781 Lacrumae
2166 2733 2381 2781 confictae
2403 2731 2527 2780 dolis
2568 2732 2631 2780 A.
2652 2732 2721 2788 iii,
2745 2736 2793 2781 3.

1739 2801 1805 2846 26
1837 2795 2033 2845 Homini
2058 2798 2184 2845 illico
2206 2797 2425 2844 lacrumae
2446 2798 2642 2857 cadunt,
2662 2798 2798 2859 quasi

1740 2875 1905 2923 puero,
1928 2862 2103 2924 gaudio
2149 2861 2245 2910 Ad.
2267 2861 2332 2919 iv,
2355 2865 2404 2910 1.
2426 2865 2489 2909 21
2541 2861 2655 2924 Ipsa
2690 2863 2795 2909 hor·

1718 2926 1841 2974 sida
1861 2943 1874 2972 t
1910 2926 2144 2986 lacrumae,
2164 2926 2359 2974 vesfitus
2382 2925 2531 2988 turpis
2574 2925 2666 2976 Ph.
2689 2925 2723 2982 i,
2744 2930 2795 2975 2.

1740 2994 1803 3038 57
1856 2989 2079 3052 Ignarum
2100 3005 2263 3039 censes
2284 2998 2468 3037 tuarum
2492 2989 2795 3038 lacrumarum

1740 3069 1843 3102 esse
1872 3056 1993 3102 me?
2048 3055 2143 3104 He.
2165 3055 2229 3108 iv,
2250 3058 2299 3102 4.
2320 3059 2385 3103 53
2432 3053 2687 3102 Lacr-umas
2718 3069 2797 3103 ex·

1722 3118 1887 3168 cussit
1904 3119 2021 3166 mihi
2052 3119 2176 3165 Hea.
2196 3118 2241 3172 i,
2259 3121 2309 3166 1.
2331 3122 2425 3167 115
2477 3117 2623 3174 Hera,
2647 3120 2797 3167 lacru-

1740 3197 1839 3228 mas
1861 3184 1994 3231 mitte
2042 3181 2143 3229 Ad.
2161 3182 2235 3236 iii,
2253 3185 2302 3230 2.
2324 3185 2387 3231 37
2436 3180 2677 3229 Lacrumis
2710 3197 2797 3246 op·

1724 3247 1842 3308 ,plet
1856 3262 1909 3292 os
1931 3254 2079 3294 totum
2102 3245 2193 3293 sibi
2242 3245 2365 3293 Hea.
2388 3244 2440 3302 ii,
2464 3250 2511 3294 3.
2531 3249 2594 3294 65
2645 3246 2714 3294 Ut
2735 3263 2799 3294 ne

1722 3309 2021 3372 restinguas,
2060 3310 2275 3359 lacrumis
2297 3310 2337 3358 si
2358 3310 2659 3359 exstillaveris
2705 3311 2798 3358 Ph.

1740 3390 1789 3432 v,
1811 3379 1861 3425 7.
1881 3379 1946 3424 82
2395 3395 2401 3402 ·

1807 3438 2052 3487 lacrumo.
2116 3438 2228 3488 Oh!
2268 3441 2473 3487 lacrumo
2496 3438 2669 3501 gaudio
2701 3437 2800 3488 Ad.

1742 3502 1813 3560 iii,
1837 3509 1886 3553 3.
1908 3510 1971 3553 55
2028 3505 2275 3558 Lacrumo,
2297 3519 2404 3567 quae
2426 3504 2621 3566 posthac
2642 3503 2801 3551 futura

1742 3576 1817 3616 est
1836 3569 1949 3629 vita,
1968 3585 2074 3618 cum
2108 3569 2202 3616 He.
2228 3569 2299 3625 iii,
2320 3573 2371 3617 3.
2392 3572 2455 3615 45
2490 3565 2623 3623 Quid
2646 3565 2798 3615 lacru-

1745 3634 1878 3680 mas?
1898 3633 1994 3681 Ad.
2016 3634 2083 3688 iv,
2104 3639 2155 3683 5.
2178 3637 2241 3682 45
2260 3632 2391 3688 Quid
2410 3637 2462 3677 tu
2485 3631 2626 3694 igitur
2648 3631 2798 3680 lacru-

1744 3698 1877 3744 mas?
1910 3696 2005 3744 He.
2028 3697 2098 3758 iii,
2116 3701 2164 3744 2.
2188 3699 2253 3745 20
2288 3696 2433 3758 Virgo
2452 3695 2557 3758 ipsa
2575 3696 2802 3744 lacrumat

1744 3758 1836 3810 Eu.
1859 3761 1923 3816 iv,
1943 3765 1990 3809 3.
2016 3766 2077 3811 17
2122 3759 2253 3808 Num
2287 3761 2337 3808 id
2375 3760 2603 3808 lacrumat
2636 3760 2798 3824 virgo?

1744 3823 1837 3872 Eu.
1876 3841 1925 3885 v,
1962 3829 2006 3874 1.
2047 3829 2105 3873 13
2141 3824 2279 3872 Eheu
2300 3825 2311 3872 !
2348 3825 2443 3875 ch.
2472 3824 2559 3873 Ne
2598 3825 2801 3873 lacruma

1746 3889 1869 3938 Hea.
1890 3889 1927 3953 i,
1952 3893 1998 3938 1.
2023 3894 2087 3938 32
2136 3888 2358 3954 Neque»,
2392 3889 2508 3952 quin
2550 3889 2797 3938 lacrumem

1722 3952 1888 4002 .miser
1938 3953 2035 4002 He.
2054 3953 2127 4011 iii,
2148 3958 2197 4005 3.
2217 3961 2279 4004 25
2329 3954 2559 4018 Repperi,
2594 3955 2800 4018 quidet,

1744 4033 1901 4082 neque
1937 4017 2163 4067 lacrumet
2209 4021 2309 4068 Ph.
2344 4020 2417 4075 iii,
2453 4023 2500 4068 2.
2533 4022 2595 4066 37
2652 4018 2799 4082 Virgo

1746 4083 1980 4132 conscissa
2000 4091 2131 4131 veste
2152 4084 2412 4132 lacrumans
2430 4081 2610 4130 obticet
2641 4082 2733 4132 Eu.
2748 4097 2800 4139 v,

1748 4153 1793 4196 1.
1816 4151 1847 4196 4
1882 4147 2031 4196 Venit
2044 4148 2177 4212 ipsus
2198 4149 2333 4202 ultro,
2354 4148 2629 4205 lacrumans,
2644 4161 2800 4205 orans,

1746 4213 1993 4260 obsecrans
2024 4214 2123 4260 Ad.
2146 4213 2216 4273 iii,
2236 4217 2283 4261 4.
2303 4217 2369 4262 26
2415 4210 2631 4273 Corripui
2666 4211 2800 4260 illico

1746 4292 1822 4324 me
1842 4277 1957 4324 inde
1978 4277 2253 4326 lacrumans.
2302 4275 2381 4322 Ad
2419 4289 2572 4338 genua
2606 4276 2801 4337 accidit,

1746 4341 2006 4396 lacrumans
2026 4343 2192 4390 misera
2224 4339 2317 4388 He.
2340 4339 2411 4397 iii,
2432 4344 2481 4390 3.
2508 4344 2584 4389 17.
2608 4345 2673 4396 19
2714 4340 2796 4387 In-
