3192 4975
1204 457 1279 506 m
1333 456 1814 522 'rutnwmum

405 605 1195 722 mstwueffissae.
1208 605 1463 727 ἓῖῗέιέἰῑ

409 742 585 856 «luogo.
604 799 756 863 Syre?
789 800 887 849 Ad.
909 800 979 857 ir,
1001 804 1051 850 1.
1074 805 1134 850 15
1170 799 1343 850 Dicam
1372 801 1466 848 fra.-

407 865 625 914 trisesae
658 863 813 911 hanc?
848 863 947 914 Ad.
982 865 1049 921 iv,
1086 869 1135 914 4.
1174 870 1236 913 15
1295 863 1465 912 Dicam

707 735 747 782 si
780 736 857 783 hic
891 743 1136 798 percocto,
1156 751 1313 785 cause
1346 737 1464 799 quid

408 929 497 976 tibi
544 926 644 978 Ad.
665 927 733 987 is,
754 933 801 976 6.
826 933 906 978 12.
965 944 1013 984 v,
1034 933 1084 984 9,
1120 933 1185 978 28
1232 927 1484 983 1b0,.iuis.

408 994 581 1049 dicam,
602 991 781 1039 nullam
802 1007 906 1040 esse
924 992 979 1040 in
1001 991 1139 1040 nobis
1162 1005 1334 1040 uxorem
1367 991 1466 1041 Ad.

406 1057 472 1111 iv,
494 1062 543 1104 7.
562 1059 591 1104 1
644 1056 841 1111 Verum,
864 1055 983 1117 quid
1016 1072 1105 1118 ego
1140 1057 1327 1104 dicam?
1362 1055 1463 1106 Ad.

407 1137 455 1177 v,
479 1125 529 1170 8.
547 1123 613 1169 23
644 1119 699 1167 Si
720 1118 837 1168 mihi
860 1119 1000 1167 fidem
1020 1121 1121 1172 dns.
1136 1129 1186 1168 te
1200 1120 1464 1177 tacituram,

407 1184 566 1233 dicum
598 1182 692 1233 He.
708 1184 746 1239 i,
761 1188 809 1232 2.
833 1188 896 1233 38
930 1183 979 1230 si
996 1184 1096 1232 fieri
1106 1183 1160 1231 id
1180 1199 1275 1232 non
1290 1192 1464 1247 potest,

408 1251 530 1310 quin
553 1247 777 1303 sentiant,
798 1247 951 1296 dicum
972 1249 1183 1296 obortum
1220 1264 1321 1296 esee
1368 1248 1467 1298 He.

406 1312 483 1369 iii,
506 1316 555 1360 3.
592 1315 656 1360 38
701 1311 834 1369 Quid
874 1311 1028 1359 dicam
1063 1312 1226 1360 hisce?
1258 1312 1465 1360 incertus

408 1390 515 1430 sum
547 1374 641 1422 He.
664 1375 731 1430 iii,
754 1378 802 1424 4.
824 1379 889 1425 36
940 1375 1001 1422 Id
1032 1391 1129 1440 qua
1166 1391 1307 1424 caune
1342 1375 1466 1424 elam

406 1455 485 1489 me
506 1439 725 1486 habuisse
746 1439 935 1486 dicem?
969 1438 1064 1488 He.
1088 1441 1153 1498 iv,
1175 1445 1223 1490 l.
1246 1445 1277 1488 5
1328 1439 1463 1488 Nihil

408 1503 537 1553 aliud
558 1502 750 1552 dicam?
784 1503 879 1551 He.
900 1519 950 1563 v,
969 1508 1021 1553 3.
1052 1509 1112 1554 13
1161 1503 1271 1552 Ηοα
1308 1504 1464 1552 consi·

406 1567 544 1628 lium,
566 1567 697 1630 quod
731 1567 903 1624 dicam,
927 1568 1064 1614 dedit
1110 1567 1205 1617 Ph.
1241 1569 1279 1621 i.
1313 1572 1363 1617 2.
1398 1572 1463 1618 74

406 1631 513 1694 Ego
550 1639 597 1679 te
632 1639 886 1693 cognatum
923 1631 1079 1680 dicem
1131 1632 1222 1680 Phr.
1244 1631 1283 1693 i,
1316 1635 1363 1680 2.
1401 1637 1465 1682 77

409 1695 561 1753 Audi,
582 1696 711 1759 quod
750 1695 922 1746 dicem.
966 1695 1067 1746 Do.
1098 1695 1267 1744 Taedet
1304 1696 1465 1744 audire

407 1761 574 1808 eudem
590 1759 777 1808 millies.
802 1761 890 1808 Ph.
928 1758 1137 1808 Atnunc
1150 1759 1465 1822 dicam.quod

408 1824 623 1874 lubenter
652 1823 821 1872 tudine
860 1823 952 1872 Ph.
972 1823 1043 1880 iii,
1058 1829 1115 1873 ,2.
1137 1829 1185 1873 2.
1210 1827 1239 1872 3
1294 1821 1465 1872 Dicam

407 1887 461 1938 in
487 1889 663 1936 itinere
712 1887 804 1938 Ph.
835 1888 907 1943 iii,
944 1893 995 1937 3.
1032 1893 1096 1936 34
1144 1888 1251 1950 Ego
1284 1904 1359 1936 me
1397 1887 1467 1936 ire

408 1953 597 2001 senibus
619 1952 817 2006 Sunium
840 1952 993 2000 dicam
1008 1953 1071 2000 ad
1084 1960 1342 2000 mercatum
1374 1951 1465 1999 Ph.

408 2023 527 2081 v‚„5.
541 2021 613 2066 ,10
642 2017 866 2070 ,Posthac
904 2016 1011 2077 tibi,
1044 2016 1173 2080 quod
1214 2024 1394 2079 potero,
1416 2023 1468 2064 et

410 2096 519 2144 quae
541 2080 685 2135 voles,
708 2081 992 2143 faciamque,
1012 2088 1063 2128 et
1097 2081 1253 2128 dicum
1304 2080 1395 2128 Ph.
1419 2096 1466 2136 v,

410 2149 460 2195 8.
484 2150 547 2194 62
580 2145 630 2192 Si
654 2145 847 2193 tedices
858 2146 1032 2192 ducere
1062 2143 1304 2200 A.ii‚4.e
1330 2143 1463 2200 Quid

409 2209 539 2260 dices
562 2209 713 2256 mihi?
746 2208 810 2256 A.
832 2225 880 2263 v,
902 2213 953 2257 3.
974 2212 1040 2257 22
1072 2207 1259 2257 Ludum
1276 2206 1465 2269 jocum-

408 2288 502 2336 que
523 2273 653 2322 dices
672 2272 817 2321 fuisse
834 2272 973 2320 illum
994 2272 1192 2320 alterum
1225 2270 1317 2319 Eu.
1340 2271 1391 2324 ii.
1409 2274 1459 2321 3.

409 2340 442 2386 8
492 2337 697 2385 Primam
734 2337 883 2393 dices,
920 2337 1037 2392 scio,
1074 2335 1114 2383 si
1146 2334 1321 2384 videris
1368 2334 1462 2383 Eu.

408 2400 483 2456 iii,
504 2407 554 2450 5.
580 2405 643 2450 19
698 2401 769 2448 At
786 2401 913 2450 enim
947 2401 1093 2456 dices,
1118 2415 1209 2456 me,
1232 2406 1459 2474 quantum

410 2463 489 2515 hic
522 2465 679 2529 operis
715 2465 815 2524 fiat,
872 2465 1037 2515 oeuitet
1085 2463 1209 2514 Heu.
1247 2478 1285 2521 ι,
1324 2468 1370 2514 1.
1396 2467 1460 2513 20

409 2529 605 2581 Mutum
622 2528 770 2579 -dioee
870 2546 944 2580 ea.
978 2529 1047 2590 iv,
1070 2533 1119 2578 4.
1157 2533 1224 2579 26
1272 2528 1463 2577 Memo-

409 2608 505 2643 rem
530 2610 606 2642 me
626 2594 758 2646 dicen
778 2609 899 2649 esne,
922 2602 973 2641 et
1002 2601 1181 2656 gratum
1217 2591 1315 2640 Ad.
1337 2591 1393 2654 ii,
1414 2596 1464 2641 2.

409 2661 475 2709 43
521 2657 779 2720 Nunquam
813 2658 945 2707 dicer
978 2664 1075 2704 tam
1108 2656 1373 2711 commode,
1411 2666 1467 2703 ut

410 2720 507 2771 He.
526 2721 565 2783 i,
588 2726 637 2771 2.
660 2726 722 2771 33
772 2721 937 2777 Dices,
975 2722 1156 2769 ducent
1190 2720 1465 2769 demnatum

410 2785 602 2839 domum
635 2786 724 2833 Ph.
746 2785 799 2841 ii,
819 2790 869 2835 2.
890 2790 957 2835 20
1007 2784 1303 2831 Foenerutum
1341 2783 1467 2831 istuc

412 2848 694 2898 beneficium
717 2849 806 2897 tibi
826 2848 1021 2910 pulchre
1041 2849 1171 2895 dices
1209 2847 1297 2893 Ph.
1318 2845 1395 2901 iii,
1415 2850 1467 2893 2.

411 2916 445 2961 8
477 2912 560 2960 An
582 2912 765 2975 legibus
780 2913 993 2959 daturum
1008 2926 1169 2973 poenas
1186 2909 1349 2957 dicer?
1374 2908 1467 2957 Ph.

408 2976 479 3031 iv,
501 2980 553 3025 3.
574 2980 639 3025 22
673 2975 724 3023 Si
748 2975 829 3021 ina
850 2974 995 3030 dicet,
1020 2973 1283 3020 Phaedriam
1317 2972 1466 3019 intro-

410 3039 653 3085 mittamus
666 3038 1035 3086 commissatum:
1061 3046 1113 3084 tu
1144 3034 1320 3092 Emiii,
1342 3039 1466 3086 1.51

411 3102 493 3151 Βα
514 3103 642 3153 illius
660 3102 863 3165 peccatis
878 3101 1009 3165 plura
1028 3102 1157 3149 dicet
1186 3099 1309 3151 Heu.
1342 3098 1471 3146 Prol.

410 3171 477 3216 33
504 3167 639 3217 ,Sese
656 3166 758 3230 ipse
788 3166 919 3216 dicet
953 3173 1083 3213 tuam
1115 3164 1289 3211 vidisse
1325 3163 1469 3211 filiam

414 3231 539 3280 Heu.
561 3232 626 3288 iv,
648 3237 699 3281 5.
724 3235 789 3281 24
820 3230 1076 3305 Nunquam
1100 3228 1229 3277 dicet
1244 3228 1469 3275 curnufex

415 3294 515 3343 Ad.
530 3294 601 3351 iii,
617 3300 667 3344 3.
680 3300 713 3344 9
744 3294 934 3343 Servom
952 3294 1063 3343 ilico
1076 3292 1294 3341 introisse
1308 3291 1471 3342 dicent

378 3410 383 3415 ,
414 3358 633 3408 Sostratae
684 3359 777 3409 He.
801 3359 872 3415 iii,
898 3364 943 3408 1.
964 3364 1029 3407 52
1080 3356 1211 3414 Quid
1246 3356 1361 3403 mihi
1394 3355 1467 3403 di-

412 3423 554 3471 cent?
589 3430 670 3470 aut
684 3438 825 3487 quam
838 3438 1027 3471 caueam
1043 3420 1303 3485 reperient?
1326 3419 1469 3469 Anne

415 3487 509 3535 hoc
532 3486 695 3535 dicent
713 3487 843 3544 mihi,
865 3487 1041 3535 invitm
1073 3485 1198 3533 feci?
1232 3484 1323 3533 Ph.
1344 3483 1399 3539 ii,
1422 3489 1469 3533 1.

417 3548 467 3601 4.
490 3556 521 3599 5
554 3551 681 3608 Quin
704 3567 801 3599 uno
824 3552 967 3599 verbo
989 3548 1087 3603 dic,
1104 3548 1220 3612 quid
1237 3554 1325 3602 est,
1338 3548 1468 3609 quod

418 3630 495 3663 me
506 3615 657 3663 velis?
683 3614 745 3665 A.
760 3616 797 3671 i,
815 3620 861 3665 1.
880 3619 943 3664 18
965 3614 1061 3663 Βία
1078 3613 1234 3667 sodes,
1284 3610 1357 3658 uis
1371 3611 1471 3659 heri

416 3678 697 3743 Chrysidem
720 3680 917 3729 habuit?
950 3678 1010 3727 A.
1027 3678 1063 3733 i,
1084 3680 1132 3734 1,
1150 3681 1215 3725 58
1296 3675 1374 3723 uic
1390 3674 1471 3723 die

418 3758 597 3807 quaeso,
619 3744 824 3807 Byrrhia
869 3742 932 3791 A.
962 3743 1018 3798 ii,
1055 3747 1100 3791 1.
1134 3745 1198 3790 23
1250 3740 1471 3789 Ehodum

417 3807 629 3859 diemihi
660 3807 725 3858 A.
744 3808 803 3860 ii.
825 3811 876 3856 1.
895 3811 977 3857 24.
1008 3806 1100 3853 Ειι.
1124 3806 1175 3861 ἰὶ,
1198 3807 1248 3852 3.
1275 3809 1342 3854 68
1375 3801 1470 3851 Βία

417 3879 465 3919 te
487 3873 739 3919 ducturum
772 3870 837 3922 A.
861 3870 914 3927 ii,
936 3875 985 3920 3.
1006 3876 1039 3919 9
1072 3869 1204 3917 Patri
1235 3867 1316 3916 dic
1346 3866 1469 3915 velle

418 3934 486 3985 A.
506 3935 563 3992 ii,
585 3940 632 3984 3.
654 3939 719 3985 20
753 3934 885 3991 Quin
917 3934 1013 3988 dic,
1034 3932 1152 3997 quid
1187 3940 1261 3981 est
1277 3934 1311 4001 ἓ,
1327 3930 1392 3983 Δ.
1415 3932 1469 3988 ἰί,

417 4004 469 4049 6.
488 4004 551 4050 18
584 4000 708 4057 Eho,
730 4000 811 4047 dic
830 3998 945 4045 mihi
991 3997 1054 4045 A.
1074 3997 1139 4053 iv,
1168 4000 1212 4045 1.
1232 3999 1315 4045 44.
1346 4012 1395 4051 v,
1419 4000 1470 4045 4.

420 4067 485 4115 28
519 4063 664 4112 Unde
696 4064 801 4111 est?
836 4062 913 4109 dic
947 4061 1071 4111 clare
1118 4062 1180 4109 A.
1215 4060 1285 4114 iv,
1321 4063 1369 4107 4.
1410 4064 1468 4107 15

422 4125 599 4190 Cujum
619 4143 814 4190 puerum
827 4126 905 4173 hic
916 4124 1209 4189 opposuisti?
1244 4124 1323 4172 dic
1340 4122 1471 4171 mihi.

421 4190 535 4247 Dic,
556 4193 687 4255 quod
709 4205 823 4255 rogo
856 4189 924 4239 A.
953 4190 1021 4245 iv,
1052 4193 1103 4237 4.
1133 4192 1216 4237 24.
1248 4193 1309 4237 25
1349 4186 1471 4233 Rem

414 4256 581 4316 potins
615 4257 765 4319 ipsam
804 4254 903 4310 dic,
922 4269 977 4301 ac
1016 4253 1150 4299 mitte
1189 4251 1308 4299 male
1343 4250 1473 4313 loqui

378 4334 383 4337 ·
422 4318 486 4367 A.
507 4336 555 4376 v,
576 4324 625 4369 3.
646 4324 678 4369 2
712 4318 810 4367 Βία
830 4317 947 4365 mihi
968 4318 1060 4365 hoc
1088 4314 1290 4380 primum
1322 4314 1415 4363 Eu.
1438 4314 1472 4370 i,

420 4430 427 4438 ·
476 4432 481 4436 -
554 4400 727 4462 Delph-
744 4404 791 4453 et
810 4398 926 4449 Var.
943 4398 1075 4447 Clas.

2395 441 2600 514 lxxxi

1540 609 1686 660 202ss
1723 607 1853 657 ecin’
1907 607 1992 658 uid
2012 615 2202 672 ‚ego-te
2236 603 2485 658 ‘veleb-m?
2515 607 2600 658 dio

1538 671 1632 721 Eu.
1653 672 1705 728 ii,
1727 676 1778 722 3.
1799 677 1866 722 46
1949 673 2218 737 oatin'quo
2243 673 2335 720 sit?
2369 671 2450 722 dic
2483 673 2602 722 mihi

1542 736 1634 787 Eu.
1655 736 1712 797 ίί,
1732 739 1780 786 3.
1802 739 1865 786 57
1897 736 1995 786 Βία
2018 737 2130 786 dum
2171 738 2261 784 hoc
2289 751 2464 784 rursum
2495 736 2600 790 Eu.

1539 801 1606 862 iv,
1636 805 1687 850 4.
1709 805 1776 850 40
1822 800 1882 850 Id
1917 801 2060 849 modo
2100 800 2199 862 dic,
2234 800 2386 848 ubine
2417 801 2602 850 Dorum

1540 867 1636 916 Eu.
1657 865 1722 920 iv,
1743 868 1792 915 4.
1814 869 1878 914 57
1911 865 2020 914 Hoc
2041 866 2184 912 modo
2203 863 2301 922 die,
2325 879 2524 912 sororem
2539 865 2604 912 il·

1539 929 1636 978 lam
1657 939 1787 976 tuum
1807 944 1910 980 esse
1943 929 2036 977 Eu.
2061 929 2128 985 iv,
2151 934 2200 980 6.
2223 933 2289 977 28
2323 927 2420 976 Βία
2457 929 2596 985 mihi,

1540 992 1812 1055 aufugistin'
1832 994 1849 1039 ?
1883 992 1971 1042 Eu.
1991 989 2103 1049 r,'2.
2123 997 2181 1043 11
2218 992 2348 1048 Quid
2365 991 2598 1054 trepidas?

1540 1057 1681 1109 satin’
1705 1057 1866 1106 solve?
1901 1055 1980 1106 dic
2003 1057 2115 1104 mihi
2149 1057 2246 1106 Eu.
2267 1073 2314 1112 v,
2335 1060 2386 1105 6.
2407 1059 2440 1104 8
2491 1056 2597 1114 Dic,

1538 1139 1648 1184 quae
1670 1122 1754 1169 ina
1773 1130 1848 1169 est
1867 1120 2046 1168 ultera?
2081 1120 2204 1169 Heu.
2225 1121 2278 1175 ii.
2300 1125 2353 1170 3.
2367 1123 2432 1169 09
2463 1119 2602 1184 Syre.

1538 1186 1616 1236 dic
1635 1186 1777 1235 modo
1797 1200 1954 1233 verum
1989 1185 2114 1234 Heu.
2127 1186 2180 1241 ii,
2200 1189 2250 1234 3.
2267 1189 2362 1234 102
2396 1183 2602 1242 Adsum,

1538 1250 1618 1300 dic
1635 1249 1870 1314 quidest?
1904 1249 2028 1298 Heu.
2043 1248 2099 1305 ii,
2115 1253 2163 1300 3.
2180 1253 2275 1299 108
2321 1247 2469 1303 Scin',
2517 1247 2604 1298 uid

1537 1329 1668 1362 nunc
1707 1314 1860 1362 fucere
1891 1320 1940 1362 te
1981 1313 2090 1362 volo
2116 1313 2134 1359 ?
2191 1313 2285 1362 Ch.
2341 1311 2438 1360 Die
2521 1327 2596 1362 ee.

1537 1378 1611 1440 iii,
1636 1382 1682 1427 1.
1705 1383 1770 1427 86
1835 1377 1936 1434 Qui
1957 1377 2037 1426 ille
2056 1377 2231 1440 poterit
2247 1391 2348 1426 esse
2381 1376 2430 1423 in
2467 1377 2602 1424 tuto?

1540 1443 1620 1491 dic
1641 1441 1758 1490 mihi
1791 1441 1915 1490 Heu.
1939 1441 2004 1498 iv,
2028 1446 2077 1491 3.
2099 1445 2164 1490 30
2198 1440 2294 1490 Βία
2315 1455 2391 1488 me
2412 1439 2490 1488 hie
2513 1455 2602 1503 op-

1539 1506 1658 1569 pido
1679 1519 1782 1553 esse
1813 1506 2016 1554 invitam
2065 1504 2189 1553 Heu.
2212 1505 2277 1560 iv,
2297 1509 2350 1554 4.
2377 1508 2438 1553 12
2485 1503 2604 1563 Βία,

1539 1571 1658 1632 quid
1702 1570 1814 1618 est?
1871 1569 1994 1618 Heu.
2031 1568 2096 1626 ir,
2133 1574 2184 1618 5.
2219 1573 2282 1618 18
2329 1567 2426 1616 Βία
2460 1568 2600 1618 node·

1539 1633 1664 1682 Hea.
1685 1634 1752 1690 iv,
1775 1639 1823 1682 5.
1859 1638 1926 1683 22
1974 1632 2070 1682 Βία
2109 1632 2418 1692 conveniam
2449 1632 2604 1695 egisse

1540 1705 1589 1746 te
1619 1698 1682 1745 de
1703 1696 1886 1759 nuptiis
1918 1696 2043 1746 Heu.
2065 1697 2134 1753 iv,
2157 1702 2208 1753 8,
2230 1701 2294 1746 23
2329 1695 2425 1745 Βία
2457 1695 2594 1753 mihi,

1538 1761 1852 1810 nuntiastin'?
1887 1762 2012 1810 Heu.
2035 1778 2084 1816 ν,
2109 1765 2158 1808 1.
2181 1766 2239 1810 11
2277 1759 2374 1809 Dic
2395 1775 2508 1822 ergo
2520 1761 2594 1808 lo·

1539 1842 1648 1874 cum
1681 1825 1778 1873 Ad.
1798 1826 1864 1882 iv,
1879 1831 1926 1875 2.
1942 1829 2006 1874 33
2043 1825 2140 1872 Βία
2159 1826 2469 1888 εοιίαα,Ριιαῐ
2502 1822 2604 1872 Ad.

1540 1889 1606 1946 iv,
1629 1896 1676 1939 5.
1697 1893 1731 1938 9
1763 1889 1860 1938 Βία
1884 1888 2016 1944 mihi,
2039 1904 2136 1936 non
2168 1888 2378 1936 clamas?
2411 1887 2510 1936 Ad.
2533 1888 2599 1944 iv,

1539 1957 1590 2002 7.
1611 1957 1644 2002 8
1678 1953 1772 2002 Βία
1795 1953 1928 2009 mihi,
1951 1953 2155 2001 Philotis
2186 1952 2280 2001 He.
2303 1953 2340 2009 i,
2361 1957 2412 2002 2.
2435 1956 2470 2002 9
2501 1951 2600 2000 Βία

1539 2017 1676 2073 mihi,
1699 2017 1930 2065 Parmeno
1977 2017 2075 2066 He..
2093 2016 2129 2070 i,
2151 2022 2200 2068 2.
2222 2021 2288 2066 28
2338 2016 2469 2074 Quid
2507 2015 2606 2064 fuit

1541 2081 1766 2128 tumulti?
1801 2082 1878 2128 dic
1911 2081 2029 2128 mihi
2077 2081 2174 2130 He.
2197 2081 2269 2135 iii,
2302 2083 2350 2129 2.
2385 2084 2448 2130 21
2503 2078 2600 2127 Βία

1534 2143 1733 2206 jussisse
1753 2152 1802 2191 te
1835 2144 1931 2192 He.
1951 2144 2026 2200 iii,
2049 2150 2099 2194 6.
2121 2149 2186 2193 16
2229 2143 2328 2190 Βία
2349 2142 2460 2190 filioe
2505 2142 2604 2193 He.

1540 2207 1606 2257 iv.
1631 2213 1680 2258 4.
1702 2213 1731 2257 7
1766 2207 1864 2256 Βία
1885 2209 2018 2264 dum,
2040 2223 2220 2270 quaeso,
2239 2223 2293 2254 es
2316 2214 2366 2254 tu
2388 2206 2407 2253 ?
2440 2205 2538 2254 He.
2553 2222 2603 2264 v,

1540 2277 1588 2322 3.
1609 2277 1640 2320 5
1677 2271 1772 2321 Βία
1809 2287 1884 2320 me
1902 2287 2052 2328 orare,
2073 2279 2130 2318 ut
2165 2271 2325 2320 veniat
2357 2269 2453 2318 He.
2475 2285 2524 2325 v,
2545 2273 2598 2319 3.

1540 2340 1599 2386 11
1638 2336 1782 2384 Unde
1803 2335 1996 2384 anulum
2021 2336 2159 2383 istum
2182 2343 2347 2383 noctus
2367 2335 2385 2380 ?
2415 2335 2494 2382 dic
2510 2333 2604 2385 mi-

1536 2400 1591 2448 bi
1636 2399 1732 2450 He.
1755 2417 1802 2448 v.
1824 2405 1872 2449 3.
1903 2404 1971 2450 28
2014 2399 2112 2448 Βία
2135 2414 2314 2446 verum.
2345 2399 2426 2447 dic
2465 2398 2598 2453 mihi.

1530 2465 1755 2529 nunquid
1775 2464 1894 2513 dixti
1911 2463 2014 2528 jem
2027 2463 2148 2527 patri
2167 2463 2184 2511 ?
2201 2462 2297 2512 He.
2315 2480 2361 2526 v,
2373 2468 2421 2513 4.
2437 2465 2518 2513 24.
2533 2468 2598 2516 25

1538 2529 1636 2578 Βία
1656 2546 1826 2579 nomen
1860 2529 1952 2576 Ph.
1975 2529 2026 2585 ii,
2040 2534 2090 2578 3.
2103 2532 2170 2578 38
2203 2528 2337 2585 Quid
2353 2528 2476 2591 ego?
2499 2528 2598 2585 dic,

1540 2593 1717 2657 Hegio.
1749 2593 1864 2649 Βία,
1887 2593 2096 2641 Οηῐίηα.
2129 2591 2226 2641 Βία
2259 2607 2404 2647 nunc,
2419 2591 2600 2653 Hegio.

1542 2656 1658 2710 Dic.
1681 2658 1813 2707 Crito
1848 2656 1938 2703 Ph.
1961 2656 2012 2717 ii,
2030 2660 2080 2705 4.
2101 2660 2152 2705 7.
2175 2660 2222 2704 8.
2243 2660 2323 2704 12.
2342 2660 2404 2705 16
2445 2654 2602 2712 Cedo,

1542 2722 1657 2784 quid
1691 2720 1934 2783 postulem
1965 2720 2044 2767 dic
2077 2719 2170 2768 Ph.
2191 2720 2256 2779 iv,
2289 2723 2338 2767 3.
2371 2722 2436 2767 38
2480 2718 2600 2775 Abi,

1543 2784 1640 2839 dic,
1663 2800 1766 2831 esse
1792 2790 2053 2844 argentum,
2077 2782 2308 2829 Phaedriae
2341 2781 2434 2829 Ph.
2457 2781 2524 2837 ir,
2544 2786 2598 2830 4.

1544 2850 1610 2895 32
1653 2846 1788 2896 Eho!
1826 2846 1906 2893 dic
1945 2844 2076 2899 mihi,
2112 2844 2226 2907 quid
2267 2844 2332 2891 rei
2373 2844 2459 2891 tibi
2492 2844 2599 2891 est?

1546 2910 1638 2960 Ph.
1657 2926 1704 2957 v.
1729 2915 1772 2959 1.
1794 2913 1857 2958 21
1891 2907 1966 2955 Tu
1986 2915 2119 2954 tuum
2138 2923 2313 2955 nomen
2349 2906 2429 2955 dic
2467 2908 2600 2970 quod

1544 2979 1620 3021 eet
1651 2972 1742 3022 Ph.
1767 2989 1815 3029 v,
1839 2976 1889 3021 8.
1912 2976 1976 3020 59
2007 2971 2174 3019 Taceri
2195 2972 2232 3019 ri
2273 2969 2362 3028 vis,
2383 2985 2492 3021 rere
2525 2970 2599 3019 di·-

1544 3036 1644 3085 cito
1691 3037 1784 3087 Eu.
1807 3036 1842 3093 ί,
1879 3040 1930 3084 2.
1964 3038 2030 3085 26
2059 3034 2374 3097 ‚Desponsam
2409 3050 2600 3098 quoque

1545 3116 1648 3149 esse
1669 3101 1816 3149 dicito
1847 3099 1974 3149 Heu.
1996 3098 2062 3154 iv,
2083 3103 2132 3148 8.
2149 3104 2215 3149 26
2247 3098 2399 3146 Senex
2413 3099 2456 3147 ri
2471 3114 2600 3164 quae-

1544 3172 1617 3211 ret
1637 3180 1731 3221 me,
1753 3164 1894 3213 modo
1915 3163 2009 3214 isse
2030 3162 2176 3211 dicito
2197 3164 2256 3209 ed
2281 3169 2466 3225 portum
2497 3162 2595 3213 He.

1544 3227 1581 3283 i,
1604 3233 1655 3277 2.
1679 3234 1702 3277 1
1739 3228 1821 3276 Ad
1845 3234 1892 3276 te
1913 3242 2167 3290 properam
2188 3241 2404 3290 percurro
2425 3226 2488 3274 ud
2525 3227 2598 3273 fo-

1543 3308 1662 3349 rum,
1683 3300 1740 3339 ut
1775 3292 1932 3340 dicam
1968 3291 2054 3337 tibi
2091 3292 2193 3339 haee
2241 3290 2309 3339 A.
2351 3290 2402 3347 ii,
2440 3295 2488 3343 2.
2535 3294 2599 3341 18

1543 3356 1712 3419 Egone
1733 3356 1921 3405 dicum?
1954 3354 2020 3403 A.
2041 3354 2092 3410 ii,
2113 3359 2164 3403 3.
2188 3359 2248 3403 10
2281 3353 2508 3413 Profecto
2529 3354 2598 3403 σία

1544 3428 1635 3470 est.
1671 3420 1763 3469 Ch.
1797 3420 1875 3469 Sic
1895 3419 2070 3475 hercle,
2081 3426 2136 3465 ut
2151 3420 2306 3469 dicam
2320 3418 2408 3488 fibi
2439 3417 2506 3465 A.
2525 3418 2598 3477 iii,

1545 3489 1592 3534 3.
1614 3490 1680 3534 22
1715 3485 1890 3532 Verum
1925 3484 1995 3531 vis
2032 3483 2219 3531 dicum?
2268 3482 2332 3532 A.
2354 3483 2423 3543 iv,
2445 3486 2494 3531 2.
2531 3486 2595 3531 25

1545 3548 1678 3605 Quid
1712 3549 1868 3597 dicam
1903 3547 2052 3603 uliud,
2073 3547 2232 3597 nescio
2279 3544 2345 3593 A.
2375 3546 2440 3602 iv,
2478 3548 2528 3593 4.
2563 3550 2597 3594 7

1545 3612 1678 3669 Quid
1701 3613 1788 3659 tibi
1806 3628 1896 3676 ego
1918 3612 2068 3659 multa.
2097 3612 2252 3659 dicam
2271 3610 2288 3657 ἓ
2339 3608 2434 3658 Ειι.
2455 3606 2526 3664 iii,
2542 3612 2602 3657 2.

1544 3681 1610 3725 43
1661 3676 1834 3739 Neque
1869 3676 1969 3724 scio
2005 3674 2122 3739 quid
2159 3674 2334 3727 dicum,
2363 3678 2448 3720 unt
2479 3672 2598 3733 quid

1544 3739 1810 3803 conjectem
1854 3739 1946 3788 Eu.
1968 3739 2168 3794 ίίί,4.,5
2216 3736 2347 3794 Quid
2383 3734 2472 3783 tibi
2506 3750 2597 3795 ego

1515 3851 1519 3857 ,
1545 3804 1702 3853 dicam
1731 3803 1931 3852 misera?
1963 3801 2055 3849 Eu.
2076 3819 2124 3859 v,
2143 3807 2190 3852 1.
2210 3806 2244 3850 6
2286 3800 2460 3856 Tenes,
2480 3799 2600 3862 quid

1545 3868 1702 3920 dicam
1721 3868 1738 3915 ἓ
1779 3867 1901 3916 Heu.
1922 3865 1988 3921 iv,
2011 3870 2058 3915 3.
2080 3870 2144 3915 22
2193 3864 2328 3921 Quid
2348 3863 2491 3924 igitur
2525 3864 2602 3910 di-

1546 3948 1651 3981 cum
1674 3932 1776 3988 tibi,
1799 3931 1900 3985 vis?
1933 3930 2058 3978 Heu.
2075 3929 2142 3985 iv,
2164 3933 2214 3979 6.
2239 3932 2300 3978 14
2333 3927 2421 3975 Eat
2442 3928 2600 3975 hercle

1544 3996 1725 4059 inepte,
1764 4011 1827 4045 ne
1860 3994 2015 4043 dicam
2054 3993 2184 4048 dolo,
2221 3999 2363 4055 utque
2398 3992 2602 4045 absurde

1546 4059 1646 4109 Ad.
1659 4060 1736 4120 iii,
1745 4064 1796 4109 3.
1811 4063 1870 4109 21
1898 4057 2097 4115 Audin’,
2110 4056 2226 4120 quid
2235 4056 2408 4111 dicam,
2419 4054 2598 4103 Sciste?

1546 4124 1642 4171 He.
1663 4124 1698 4181 i,
1721 4129 1772 4173 2.
1794 4129 1824 4173 3
1858 4121 2057 4170 Vovisse
2077 4123 2204 4169 hunc
2234 4118 2411 4174 dicem,
2431 4119 2474 4167 ri
2507 4118 2599 4167 ul-

1550 4203 1637 4235 vos
1658 4188 1852 4235 domum
1871 4186 2076 4237 redisset,
2097 4184 2190 4233 He.
2213 4183 2284 4239 iii,
2305 4187 2356 4233 4.
2369 4187 2434 4233 20
2466 4184 2598 4241 Quid

1548 4252 1619 4298 vis
1640 4252 1827 4301 dicam?
1860 4266 1923 4297 eu
1957 4249 2234 4299 conveniam
2273 4247 2455 4295 modo?
2503 4248 2598 4296 He.

1547 4315 1622 4372 iii,
1641 4320 1694 4363 4.
1729 4318 1794 4365 22
1844 4313 2000 4371 Quem
2039 4328 2226 4363 causam
2265 4312 2420 4361 dicam
2457 4311 2599 4376 patri,

1377 4397 1489 4445 Iud.
1522 4396 1711 4445 Terent.
2428 4392 2474 4440 L
2493 4428 2498 4432 .
