3192 4975
549 402 625 495 iv·

617 568 816 623 Absum.
893 566 1024 616 Dum
1064 568 1150 615 abs
1192 574 1240 619 te.
1277 566 1438 615 absum
1483 565 1610 635 Hea.

553 632 609 689 ii,
631 638 678 681 4.
709 636 770 681 19
823 631 884 679 Id
909 634 984 679 hic
1013 648 1140 679 nunc
1173 632 1306 688 abest
1356 632 1416 677 A.
1440 647 1486 690 v,
1503 636 1554 679 2.
1576 634 1607 679 7

549 698 744 745 Menses
773 704 870 745 tres,
885 698 1016 743 abest
1050 696 1174 743 Hea.
1197 695 1234 751 i,
1258 700 1304 745 1.
1327 700 1391 744 66
1443 694 1607 751 Quan-

553 772 604 810 to
643 761 819 807 diutius
849 762 982 807 abest
1017 759 1141 807 Hea.
1170 759 1242 815 iii,
1277 765 1321 807 1.
1347 764 1408 808 16
1463 759 1607 815 Quod

555 827 704 880 abest,
727 840 823 872 non
843 824 1011 887 quaeris
1044 824 1170 875 Hea.
1193 840 1237 877 v,
1255 827 1305 872 4.
1329 828 1390 871 16
1440 822 1610 869 1)οωὶ-

559 890 606 937 ni
633 889 711 935 ubi
733 888 904 935 absunt
937 887 1028 937 Eu.
1054 888 1124 945 iii,
1141 894 1188 935 5.
1210 893 1274 937 52
1323 887 1466 934 Haud
1491 888 1609 933 mul·

554 961 703 1000 tuma
725 968 798 997 me
839 951 989 999 aberit
1025 952 1326 998 infortunium
1385 951 1508 998 Hea.
1541 950 1609 1007 iv,

551 1023 600 1067 2.
624 1020 649 1065 l
706 1015 818 1062 Non
841 1016 990 1063 aberit
1012 1016 1195 1078 longius
1229 1015 1351 1065 Hea.
1377 1033 1424 1071 v,
1462 1020 1511 1073 2.
1543 1020 1603 1065 31

549 1082 602 1131 Si
641 1080 763 1128 absis
797 1082 980 1143 uspiam
1030 1080 1125 1127 Ad.
1147 1081 1185 1135 i,
1209 1085 1254 1130 1.
1290 1084 1319 1127 3
1392 1080 1534 1137 Quod
1571 1081 1611 1127 si

553 1146 738 1192 abesset
769 1144 952 1206 longius
986 1143 1084 1191 Ad.
1104 1144 1167 1199 iv,
1190 1149 1234 1192 1.
1253 1149 1284 1192 8
1319 1142 1439 1192 Cum
1461 1144 1609 1191 milite

552 1210 644 1261 isto
685 1224 907 1271 praesens,
944 1209 1111 1258 absens
1143 1216 1198 1255 ut
1231 1208 1322 1258 sies
1372 1208 1464 1255 Eu.
1485 1207 1521 1268 i,
1555 1214 1608 1259 2.

555 1278 650 1322 112
699 1272 832 1319 Idem
868 1272 1034 1319 absens
1067 1273 1220 1319 facere
1241 1281 1289 1320 te
1311 1272 1401 1319 hoc
1431 1271 1532 1320 vult
1551 1274 1608 1319 fi-

553 1338 644 1385 lius
677 1336 800 1385 Hea.
822 1335 856 1389 i,
883 1340 929 1385 1.
947 1341 1042 1385 112
1082 1336 1310 1391 Praesens,
1327 1336 1608 1399 absensque,

553 1402 680 1449 idern
701 1400 790 1447 erit
824 1401 917 1447 Ad.
940 1400 974 1457 i,
1003 1404 1124 1451 1.48
1173 1398 1366 1463 Pergin'
1387 1402 1500 1447 hero
1523 1402 1609 1447 ab-

555 1465 678 1513 senti
701 1462 820 1511 male
843 1463 972 1527 loqui
993 1466 1010 1513 ἓ
1047 1465 1138 1515 Ph.
1159 1463 1212 1522 ii,
1238 1470 1287 1513 3.
1311 1468 1372 1513 25
1407 1465 1607 1513 Absenti

553 1530 638 1576 tibi
661 1529 967 1577 contumelias
1004 1544 1258 1591 numquam
1299 1528 1497 1577 cessavit
1533 1530 1607 1575 di-

553 1609 659 1641 cere
679 1592 822 1640 hodie
854 1592 944 1641 Ph.
978 1594 1034 1648 ii,
1057 1598 1104 1641 3.
1127 1596 1192 1641 28
1240 1594 1490 1640 Metuebat
1523 1595 1605 1640 ab·

553 1666 733 1703 sentem
755 1663 936 1718 patrem
986 1658 1129 1713 Ph.i‚
1153 1662 1199 1705 2.
1222 1662 1286 1705 68
1331 1657 1400 1705 Te
1441 1660 1608 1705 absen-

553 1728 647 1767 tem
689 1720 955 1768 incusamus
1009 1722 1098 1771 Ph.
1130 1722 1202 1779 iii,
1242 1727 1288 1770 1.
1327 1727 1356 1770 7
1413 1721 1611 1783 Nescio,

554 1785 670 1846 quid
713 1786 904 1833 absente
926 1786 1064 1833 nobis
1105 1786 1341 1832 turbatum
1373 1794 1446 1831 est
1477 1786 1608 1833 donni

553 1848 648 1899 Eu.
668 1849 730 1904 iv,
754 1854 800 1896 3.
825 1853 856 1897 7
890 1850 958 1896 Ut
978 1849 1088 1895 mihi
1110 1857 1193 1896 tua
1214 1852 1396 1905 domus,
1421 1856 1467 1896 te
1489 1866 1607 1913 prae·

555 1921 704 1966 sente,
727 1914 936 1966 absente,
964 1922 1124 1975 pateat
1157 1914 1246 1959 Eu.
1267 1930 1310 1967 v,
1334 1919 1383 1963 9.
1404 1918 1469 1961 29
1513 1914 1605 1961 Ve-

556 1993 674 2032 reor,
698 1993 756 2022 ne
780 1976 962 2033 mulier,
989 1994 1060 2023 me
1083 1978 1292 2033 absente,
1315 1978 1392 2025 hic
1416 1994 1606 2039 corrup·

556 2048 606 2087 ta
626 2041 688 2089 sit
739 2040 861 2087 Hea.
883 2041 939 2097 ii,
956 2046 1006 2090 2.
1031 2046 1064 2091 2
1122 2042 1231 2099 Quo
1266 2042 1421 2088 studio
1464 2043 1606 2090 vitam

554 2121 684 2152 suam
712 2113 759 2152 te
782 2107 974 2152 absente
998 2106 1204 2167 exegerit
1236 2104 1358 2153 Hea.
1395 2106 1449 2161 ii,
1473 2110 1519 2153 3.
1543 2112 1607 2157 39

555 2168 666 2215 Non
710 2185 844 2233 posse
883 2170 1010 2231 apud
1047 2186 1127 2217 vos
1149 2186 1216 2224 se,
1251 2170 1502 2231 Pamphilo
1524 2173 1607 2218 ab·

557 2242 708 2289 sente,
749 2235 994 2296 perdurare.
1055 2234 1148 2280 He.
1174 2235 1223 2287 ii,
1247 2238 1294 2281 2.
1316 2238 1378 2281 27
1427 2236 1607 2291 Bonas,

553 2312 630 2343 me
647 2299 858 2351 absente,
879 2298 956 2345 hic
979 2297 1244 2345 confecistis
1262 2297 1452 2359 nuptias
1470 2299 1480 2345 !
1517 2300 1608 2349 Ph.

559 2360 611 2416 ii,
633 2366 679 2409 1.
703 2364 768 2409 28
817 2361 962 2417 Quod
985 2368 1032 2408 te
1049 2363 1242 2407 absente
1263 2362 1341 2408 hic
1363 2362 1488 2410 filius
1509 2363 1611 2423 egit

555 2424 648 2471 Ph.
669 2424 720 2478 ii,
739 2429 788 2472 4.
812 2431 874 2473 10
923 2425 1050 2481 Quid
1092 2432 1234 2488 gnato
1274 2426 1510 2488 obtigerit,
1531 2443 1609 2475 mo

555 2490 766 2550 absente,
787 2489 1044 2537 audistin'?
1079 2489 1170 2538 Ph.
1193 2490 1256 2547 iv,
1281 2494 1326 2537 1.
1350 2495 1410 2538 11

619 2552 848 2602 Absumo.
947 2554 987 2600 P
989 2553 1234 2616 ytissando
1294 2556 1436 2602 modo
1490 2557 1609 2607 mihi

557 2617 674 2680 quid
716 2618 812 2664 vini
855 2617 1105 2666 absumsit!
1176 2618 1299 2667 Hea.
1341 2619 1409 2672 iii,
1454 2625 1498 2668 1.
1541 2625 1609 2670 49

559 2683 718 2736 Quum
742 2682 818 2728 ille
839 2691 888 2730 et
909 2698 1037 2740 cura,
1077 2689 1123 2730 et
1159 2689 1313 2730 sumtu
1352 2684 1610 2732 absumitur

555 2747 646 2797 Ph.
661 2746 716 2801 ii,
739 2751 788 2794 2.
813 2751 878 2795 26

621 2809 884 2859 Absurdus.
949 2809 1038 2857 Est
1073 2811 1228 2858 hercle
1251 2811 1414 2874 inepta
1436 2809 1609 2876 (ratio)

561 2883 703 2937 atque
725 2875 924 2922 absurda
945 2873 1044 2924 Ad.
1069 2875 1140 2930 iii,
1159 2881 1280 2924 3.22
1329 2876 1453 2922 Mihi
1471 2877 1606 2940 inep-

557 2949 673 2994 tum,
691 2940 945 2986 absurdum
962 2940 1148 2987 videtur
1184 2941 1281 2987 Ad.
1306 2957 1352 2997 v,
1375 2946 1421 2988 8.
1443 2944 1500 2990 21

621 3003 850 3054 Abunde.
914 3005 1094 3052 Amore
1133 3005 1362 3062 abundas,
1391 3005 1610 3068 Antipho

557 3067 647 3114 Ph.
673 3067 705 3122 i,
728 3072 777 3116 3.
800 3073 853 3116 11
909 3069 1058 3124 Quasi
1077 3069 1118 3116 is
1140 3085 1236 3115 non
1258 3068 1438 3116 divitiis
1457 3071 1606 3116 abun-

557 3133 639 3179 det
670 3132 794 3180 Hea.
813 3133 884 3190 iii,
907 3138 956 3182 2.
982 3137 1040 3182 17

623 3195 824 3246 Abutor.
895 3196 950 3243 In
986 3197 1190 3257 prologis
1211 3195 1470 3241 scribundis
1492 3212 1606 3258 ope-

557 3275 652 3308 ram
693 3261 900 3307 abutitur
947 3258 1006 3305 A.
1043 3257 1170 3307 Prol.
1209 3265 1239 3306 5
1297 3258 1366 3305 Ut
1403 3260 1607 3307 meretri-

555 3341 678 3380 cem,
707 3324 786 3370 ubi
809 3325 978 3369 abusus
998 3323 1076 3380 sis,
1097 3323 1338 3370 amittere?
1371 3323 1462 3372 Ph.
1485 3324 1534 3380 ii,
1557 3329 1607 3373 3.

624 3450 718 3500 Ac.
785 3448 1014 3496 Dissimili
1031 3449 1238 3498 oratione
1255 3450 1409 3506 factae,
1427 3467 1481 3498 ac
1499 3451 1607 3499 stilo

557 3514 622 3565 A.
645 3515 772 3563 Prol.
795 3518 858 3562 12
908 3514 1084 3562 Omnes
1109 3515 1324 3576 perferre,
1339 3531 1394 3562 ac
1413 3516 1510 3578 pati
1543 3517 1607 3566 A.

555 3581 593 3635 i,
617 3583 663 3628 1.
687 3585 749 3628 35
803 3579 967 3634 Parce,
989 3595 1043 3626 ac
1066 3579 1242 3626 duriter
1283 3581 1345 3627 A.
1379 3579 1414 3636 i,
1452 3583 1494 3630 1.
1521 3587 1603 3630 47.

557 3645 654 3692 Ad.
677 3644 709 3700 i,
732 3649 774 3692 1.
798 3648 862 3692 20
912 3643 1015 3705 Ego
1039 3659 1163 3698 vero,
1186 3659 1241 3691 ac
1264 3645 1428 3692 lubens
1471 3645 1532 3691 A.
1553 3643 1605 3698 ii.

564 3715 680 3759 1.37
719 3708 809 3757 Ch.
845 3707 1086 3754 Liberatus
1103 3723 1222 3754 sum.
1273 3708 1368 3756 Da.
1392 3709 1466 3755 Ac
1500 3709 1605 3756 nul-

556 3774 628 3821 lus
649 3774 840 3836 quidem
872 3773 934 3818 A.
953 3773 1008 3834 ii,
1029 3777 1078 3820 2.
1102 3776 1165 3820 33
1214 3773 1406 3820 Dictum
1430 3789 1485 3820 ac
1506 3774 1604 3819 sac-

556 3847 654 3885 tum
674 3837 904 3885 invenerit
922 3852 1109 3884 causam
1156 3837 1216 3884 A.
1238 3837 1291 3891 ii,
1307 3842 1354 3886 3.
1375 3842 1405 3884 7
1471 3837 1604 3893 Quid

557 3901 648 3949 tibi
667 3918 768 3950 sum
796 3901 985 3956 oblitus,
1010 3916 1065 3948 ac
1090 3901 1232 3956 volui,
1265 3901 1420 3948 dicere
1470 3902 1531 3948 A.
1558 3918 1605 3958 v,

558 3971 603 4014 1.
626 3969 690 4014 22
743 3965 867 4012 Rem
889 3965 985 4022 dic,
1007 3981 1062 4012 ac
1082 3963 1214 4011 mitte
1233 3966 1350 4010 male
1373 3965 1502 4026 loqui
1537 3965 1603 4016 A.

556 4047 603 4083 v,
625 4036 674 4079 3.
708 4034 741 4079 2
790 4029 866 4077 Ac
900 4028 1180 4076 meretricios
1210 4044 1387 4076 amores
1427 4029 1606 4091 nuptiis

558 4093 884 4155 conglutinas?
932 4093 1000 4144 A.
1022 4111 1068 4148 v,
1090 4098 1140 4142 4.
1165 4097 1224 4142 10
1272 4093 1322 4140 Si
1357 4093 1496 4140 fidem
1520 4093 1601 4140 ha-

561 4157 686 4212 beat,
704 4173 760 4204 ac
779 4173 874 4203 non
896 4157 944 4204 id
969 4165 1146 4205 metuat
1179 4157 1268 4205 Eu.
1292 4158 1328 4212 i,
1349 4161 1397 4206 2.
1421 4162 1486 4206 60
1537 4157 1605 4205 Ut

561 4221 656 4270 suis
691 4221 947 4276 restituam,
969 4238 1023 4268 ac
1063 4223 1251 4270 reddam
1304 4221 1394 4269 Eu.
1416 4221 1448 4277 i,
1470 4226 1516 4271 2.
1539 4227 1603 4273 67

562 4283 751 4358 utinam
773 4285 891 4337 istuc
907 4285 1094 4333 verbum
1117 4303 1172 4335 ex
1215 4286 1370 4336 animo
1406 4302 1461 4335 ac
1497 4303 1605 4336 vere

1405 445 1410 449 -
1463 457 1475 469 ,.
1521 415 1765 471 ῌΝΒΕΧ

1682 565 1861 614 diceres
1895 564 1993 615 Eu.
2016 565 2051 621 i,
2072 568 2120 615 2.
2140 570 2205 615 95
2255 564 2447 615 Faciam
2476 568 2663 625 sedulo,
2682 576 2747 619 εῑό

1682 630 1807 675 dabo
1830 644 2031 691 operam<
2053 628 2142 676 Eu.
2174 629 2231 686 ii,
2250 634 2299 678 3.
2322 636 2387 680 70
2438 631 2514 679 Ita
2537 633 2651 693 feci,
2682 650 2741 683 ac

1684 692 1849 741 lubens
1870 688 1963 741 Eu.
1983 692 2056 750 iii,
2076 700 2123 742 5.
2140 696 2205 743 43
2259 694 2576 757 Cognoscitne
2596 698 2613 744 ?
2648 699 2741 747 Ch.

1683 756 1759 805 Ac
1798 756 2059 805 memoriter
2091 756 2183 807 Eu.
2218 773 2265 813 v,
2287 762 2335 809 3.
2357 764 2391 809 6
2445 758 2737 823 Recipimus.

1684 822 1774 870 Ch.
1790 821 1864 869 Ac
1883 821 2081 868 libenter
2098 822 2189 869 Eu.
2204 838 2253 881 v,
2271 827 2321 871 9.
2337 828 2403 871 56
2440 824 2617 871 Omnes
2632 842 2744 889 pro-2

1683 886 1813 943 duxi,
1836 902 1892 933 ac
1917 885 2109 932 vendidi
2159 885 2281 934 Hea.
2318 887 2351 943 i,
2379 893 2425 935 l.
2446 894 2509 937 92
2577 890 2743 939 Habet

1686 951 1807 997 bene
1828 966 1882 996 ac
1903 950 2077 1012 pudice
2120 950 2339 998 eductam
2372 952 2493 999 Hea.
2514 953 2567 1008 ii,
2592 958 2639 1003 1.
2675 959 2738 1005 14

1682 1012 1887 1060 Animus
1904 1022 1949 1061 te
1968 1028 2079 1076 erga
2099 1014 2243 1069 idem,
2264 1030 2318 1062 ac
2348 1016 2439 1062 fuit
2468 1016 2592 1065 Hea.
2616 1019 2669 1079 ii,
2690 1024 2743 1067 3.

1682 1080 1749 1127 24
1821 1078 1978 1125 Hodie
2014 1094 2133 1135 sero,
2171 1093 2226 1127 ac
2262 1080 2577 1143 nequicquam
2612 1084 2741 1131 voles

1682 1140 1805 1192 Hea.
1828 1142 1879 1194 ii,
1902 1147 1951 1192 3.
1980 1146 2071 1191 103
2117 1141 2224 1198 Ibo,
2248 1158 2303 1191 ac
2328 1144 2499 1199 dicam,
2532 1154 2588 1193 ut
2606 1148 2739 1197 dixe-

1681 1222 1778 1251 ram
1820 1206 1941 1253 Hea.
1964 1205 2038 1268 iii,
2063 1211 2108 1254 1.
2146 1210 2209 1255 9-1
2275 1208 2418 1255 Certo
2446 1209 2563 1265 scio,
2598 1218 2645 1258 te
2668 1212 2737 1259 in·

1682 1271 1925 1326 scientem,
1956 1279 2097 1333 atque
2117 1270 2463 1333 imprudentem
2487 1274 2661 1327 dicere.
2683 1293 2741 1325 ac

1680 1334 1834 1381 facere
1856 1334 2012 1381 omnia
2032 1334 2156 1383 Hea.
2173 1336 2235 1393 iv,
2252 1342 2373 1385 1.20
2406 1338 2743 1399 Decipiam,ac

1681 1414 1778 1445 nou
1811 1399 1995 1445 veniam
2051 1398 2173 1445 Hea.
2194 1401 2259 1457 iv,
2279 1406 2329 1448 4.
2364 1407 2397 1451 6
2446 1401 2663 1459 Dictum,
2683 1422 2740 1454 ac

1678 1464 1854 1510 factum
1869 1463 2051 1509 reddidi
2070 1464 2193 1511 Hea.
2217 1466 2281 1524 iv,
2298 1471 2345 1513 5.
2358 1471 2418 1514 12
2460 1466 2645 1515 Faciam
2658 1472 2747 1517 bo—

1686 1527 1738 1573 ni
1762 1526 1845 1573 tibi
1866 1527 2042 1591 aliquid
2061 1544 2143 1590 pro
2166 1529 2255 1576 ista
2270 1545 2335 1585 re,
2350 1530 2584 1579 aclubens
2619 1534 2746 1583 Hea.

1682 1591 1749 1646 iv,
1773 1596 1821 1639 5.
1844 1597 1902 1639 15
1960 1592 2093 1654 Cape
2117 1594 2208 1641 hoc
2228 1602 2492 1657 argentum,
2530 1611 2587 1644 ac
2609 1600 2741 1646 defer

1681 1654 1805 1705 Hea.
1844 1656 1909 1710 iv,
1938 1661 1989 1708 7.
2014 1662 2043 1704 3
2093 1658 2249 1713 Quam
2285 1658 2433 1706 multa
2470 1659 2645 1722 injusta
2683 1680 2740 1711 ac

1682 1735 1824 1782 prava
1840 1720 1961 1767 fiunt
1984 1722 2213 1769 moribus!
2250 1722 2375 1772 Hea.
2390 1723 2452 1778 iv,
2470 1728 2517 1772 7.
2542 1730 2601 1775 11
2639 1727 2745 1775 Des

1681 1783 1765 1843 qui
1803 1800 1983 1840 aurum,
2021 1800 2077 1833 ac
2118 1796 2292 1834 vestem
2338 1788 2461 1835 Hea.
2498 1790 2564 1846 iv,
2604 1794 2651 1837 8.
2680 1798 2737 1839 15

1681 1847 1759 1895 Ne
1794 1864 1934 1911 quam
1969 1850 2107 1897 aliam
2142 1860 2322 1913 quaerat
2354 1854 2561 1914 copiam,
2594 1870 2651 1901 ac
2692 1864 2746 1903 te-

1682 1912 1867 1959 deserat
1898 1911 2022 1961 Hea.
2046 1930 2093 1969 v,
2116 1918 2163 1964 1.
2186 1920 2251 1963 54
2304 1916 2405 1962 Sibi
2426 1933 2497 1963 me.
2520 1934 2604 1979 pro
2624 1918 2739 1966 ridi..

1682 1978 1808 2029 culo.
1850 1992 1905 2023 ac
1927 1976 2269 2027 delectamento
2306 1988 2443 2042 putat
2475 1981 2596 2031 Hea.
2624 2000 2667 2039 v,
2691 1989 2737 2033 1.

1681 2044 1746 2088 79
1802 2039 1911 2088 Scio
1944 2041 2031 2089 tibi
2052 2059 2153 2090 esse
2178 2044 2266 2091 hoc
2290 2045 2473 2106 gravius
2492 2048 2661 2104 multo,
2682 2066 2747 2099 ac..

1683 2104 1843 2151 durius
1876 2105 2001 2155 Hea.
2025 2122 2069 2161 v,
2092 2112 2141 2155 2.
2165 2112 2196 2155 4
2248 2106 2325 2155 Ac
2351 2109 2471 2172 Syro
2494 2110 2610 2157 nihil
2634 2129 2739 2174 gra.

1681 2169 1762 2215 tiae
1796 2169 1917 2217 Hea.
1951 2187 1999 2227 v,
2024 2176 2071 2219 2.
2092 2176 2159 2220 46
2208 2172 2315 2220 Hoc
2338 2180 2488 2235 pater,
2510 2190 2564 2222 ac
2586 2176 2737 2224 domi·

1680 2250 1769 2280 nus
1792 2234 1985 2281 interest
2016 2234 2114 2282 Ad.
2147 2236 2181 2291 i,
2219 2242 2263 2284 1.
2285 2242 2342 2285 51
2396 2237 2511 2285 Non
2550 2240 2737 2291 fratrem

1682 2298 1829 2354 videt,
1852 2300 1939 2345 ruri
1962 2314 2064 2346 esse
2086 2316 2295 2361 parcum,
2310 2316 2364 2347 ac
2381 2303 2617 2351 sobrium?
2642 2306 2739 2353 Ad.

1682 2361 1718 2418 i,
1734 2367 1781 2409 2.
1808 2368 1866 2410 15
1917 2362 2015 2409 Abi
2038 2380 2133 2425 prae
2164 2372 2365 2422 strenue,
2388 2382 2443 2414 ac
2465 2368 2595 2429 aperi
2613 2370 2734 2419 fores

1680 2424 1775 2472 Ad.
1799 2426 1848 2481 ii,
1876 2431 1920 2474 l.
1940 2431 1999 2475 13
2050 2428 2173 2475 'l'aee
2194 2430 2353 2483 modo,
2368 2445 2424 2478 ac
2438 2446 2630 2495 sequere
2647 2436 2739 2483 hac

1682 2489 1779 2536 Ad.
1800 2491 1924 2553 ii‚·4.
1950 2497 2013 2540 16
2059 2492 2216 2540 Homo
2256 2495 2451 2558 antiqua
2470 2499 2654 2555 virtute,
2676 2517 2733 2548 ac

1681 2554 1774 2602 fide
1813 2554 1911 2602 Ad.
1948 2555 2021 2612 iii,
2056 2561 2105 2604 3.
2152 2562 2218 2606 88
2271 2559 2378 2615 Ibo,
2413 2576 2468 2607 ac
2507 2565 2732 2624 requiram

1680 2619 1864 2666 fratrem
1916 2620 2013 2666 Ad.
2036 2621 2106 2677 iii,
2127 2626 2176 2671 4.
2200 2627 2261 2670 65
2336 2626 2457 2680 Quae
2496 2627 2656 2676 dolore
2678 2645 2734 2678 ac

1683 2683 1867 2732 miseria
1887 2685 2085 2732 tabescit
2114 2685 2213 2735 Ad.
2236 2688 2301 2740 iv,
2324 2692 2371 2737 3.
2399 2694 2452 2737 11
2520 2691 2598 2738 Ne
2615 2694 2731 2755 quid

1680 2748 1899 2806 dicerem,
1940 2765 1996 2797 ac
2028 2749 2159 2797 fieret
2198 2751 2353 2813 palam
2397 2752 2493 2800 Ad.
2514 2757 2577 2816 iv,
2598 2761 2646 2804 4.
2672 2762 2732 2806 14

1678 2811 1773 2858 Abi
1796 2814 2003 2870 domum,
2042 2829 2097 2862 ac
2120 2814 2251 2862 Deos
2284 2832 2578 2880 comprecare
2633 2820 2735 2868 Ad.

1680 2876 1743 2931 iv,
1766 2882 1813 2925 5.
1832 2882 1893 2925 65
1930 2877 2018 2924 Dis
2038 2879 2227 2942 quidem
2252 2896 2393 2937 esses,
2416 2898 2471 2929 ac
2493 2892 2619 2932 tuam
2637 2901 2733 2934 rem

1681 2941 2028 2989 constabilisscs
2058 2943 2152 2989 Ad.
2174 2961 2220 2998 v,
2251 2950 2291 2993 l.
2315 2951 2346 2994 9
2400 2946 2591 2996 Favinae
2632 2951 2735 3012 ple·

1680 3021 1759 3061 na,
1780 3005 1914 3061 fumi,
1938 3022 1993 3054 ac
2018 3008 2204 3068 pollinis
2237 3007 2333 3058 Ad.
2352 3015 2460 3066 v,3.
2479 3017 2543 3062 60
2596 3015 2734 3076 Syre,

1680 3085 1833 3116 cessas
1856 3071 1937 3125 ire,
1963 3087 2018 3117 ac
2032 3071 2215 3119 facere?
2252 3073 2345 3120 Ad.
2365 3091 2411 3127 v,
2426 3079 2475 3124 7.
2494 3082 2556 3125 18
2592 3079 2731 3126 Pium

1680 3149 1736 3180 ac
1786 3133 2011 3197 pudicum
2042 3136 2279 3197 ingenium
2312 3153 2465 3186 narras
2498 3141 2591 3188 He.
2623 3144 2656 3198 i,
2680 3149 2730 3194 2.

1679 3201 1744 3245 77
1776 3199 2031 3260 Nunquam
2054 3215 2187 3246 secus
2209 3202 2351 3248 habui
2374 3203 2519 3262 illam,
2536 3221 2591 3252 ac
2614 3208 2652 3253 si
2672 3224 2729 3255 ex

1679 3275 1754 3308 me
1776 3271 1896 3309 esset
1918 3271 2028 3310 nata
2061 3264 2152 3313 He.
2175 3266 2229 3320 ii,
2249 3270 2295 3313 3.
2327 3271 2360 3314 6
2420 3267 2533 3316 Alio
2566 3272 2729 3318 morbo

1678 3340 1754 3372 me
1778 3325 1977 3372 visurum
2006 3327 2240 3390 affectam,
2260 3346 2315 3376 ac
2336 3333 2457 3378 sensi
2478 3350 2580 3381 esse
2634 3336 2729 3382 He.

1679 3389 1747 3444 iii,
1770 3395 1817 3438 3.
1842 3397 1874 3438 6
1908 3391 2077 3454 Neque
2100 3409 2215 3440 voce
2236 3394 2343 3448 alia,
2376 3411 2431 3444 ac
2461 3413 2532 3446 res
2566 3415 2727 3447 mone-

1682 3455 1761 3499 bat
1811 3455 1903 3502 He.
1941 3456 2009 3510 iii,
2032 3462 2079 3505 3.
2104 3463 2161 3506 15
2228 3458 2278 3504 Si
2313 3461 2521 3509 modeste
2544 3479 2600 3510 ac
2626 3481 2729 3510 raro

1677 3519 1767 3566 hoc
1789 3519 1901 3566 fecit
1922 3521 1939 3566 ?
1974 3521 2067 3568 He.
2089 3521 2153 3578 iv,
2176 3525 2219 3570 1.
2237 3527 2298 3572 37
2333 3523 2501 3574 Reduc
2522 3543 2730 3592 uxorem,

1678 3597 1735 3629 ac
1772 3584 1871 3631 noli
1900 3585 2131 3632 advorsari
2167 3586 2281 3633 mihi
2336 3587 2431 3638 He.
2466 3591 2530 3648 iv,
2574 3597 2623 3640 4.
2660 3597 2725 3641 32

1678 3647 1752 3694 Ac
1791 3656 1840 3694 tu
1864 3665 2037 3696 morem
2059 3651 2299 3714 antiquom
2322 3653 2505 3702 obtines
2554 3655 2651 3705 He.
2676 3675 2727 3713 v,

1676 3715 1724 3758 4.
1746 3715 1811 3760 20
1864 3712 2121 3776 Nunquam
2143 3731 2295 3778 aeque,
2315 3732 2372 3765 ac
2390 3720 2533 3767 modo
2579 3722 2671 3769 Ph.
2694 3723 2727 3780 i,

1676 3778 1725 3824 2.
1746 3780 1809 3824 43
1854 3775 2055 3824 Insidias
2067 3786 2237 3824 nostrae
2252 3781 2366 3828 fecit
2380 3783 2725 3842 adolescentiae,

1677 3854 1732 3885 ac
1754 3841 1867 3887 vicit
1901 3841 1987 3889 Ph.
2006 3841 2057 3895 ii,
2083 3847 2127 3892 1.
2147 3847 2209 3892 45
2272 3844 2435 3894 Nihilo
2458 3863 2560 3896 sum
2575 3850 2725 3905 aliter,

1675 3917 1731 3949 ac
1747 3903 1816 3951 fui
1851 3905 1941 3952 Ph.
1962 3905 2030 3962 iii,
2052 3911 2099 3954 2.
2122 3911 2185 3956 45
2236 3908 2381 3956 Aliud
2407 3912 2518 3959 mihi
2539 3929 2731 3976 respou-

1675 3968 1776 4022 des,
1798 3984 1853 4016 ac
1874 3984 1985 4032 rogo
2020 3970 2109 4018 Ph.
2131 3969 2195 4026 iv,
2217 3977 2265 4020 4.
2290 3978 2321 4022 3
2382 3975 2488 4031 Ibo,
2522 3993 2579 4025 ac
2601 3979 2726 4025 Pha-

1674 4031 1804 4078 nium
1839 4034 2049 4081 edocebo
2104 4033 2195 4084 Ph.
2236 4052 2281 4092 v,
2324 4043 2374 4087 2.
2418 4044 2474 4088 17
2547 4042 2731 4090 Pariter

1675 4111 1800 4143 nunc
1842 4112 1985 4159 opera
2016 4114 2090 4145 me
2127 4099 2341 4200 adguves,
2370 4118 2428 4150 ac
2466 4119 2514 4150 re
2544 4106 2724 4154 dudum

1678 4159 1767 4206 Ph.
1790 4177 1836 4217 v,
1858 4165 1905 4208 3.
1931 4166 1960 4209 3
1999 4163 2425 4228 Binan’..quaeso!
2462 4167 2588 4217 Nau.
2642 4171 2723 4220 Ac

1677 4225 1811 4271 rebus
1836 4226 2071 4274 vilioribus
2094 4229 2240 4275 multo
2276 4231 2365 4280 Ph.
2389 4247 2435 4284 v,
2457 4237 2509 4282 3.
2526 4239 2559 4282 Β
2607 4235 2720 4282 Pro-

1678 4287 1779 4350 pior
1799 4289 1883 4347 illi,
1905 4306 2042 4353 quam
2064 4307 2153 4356 ego
2177 4307 2296 4350 sum,
2328 4309 2384 4343 ac
2406 4302 2474 4352 tu,
2492 4313 2629 4346 nemo
2652 4308 2725 4347 est
