3192 4975
565 428 826 495 cxxviii

563 590 990 649 docerejeducare,
1007 590 1078 637 ita
1103 588 1176 636 uti
1197 588 1235 635 si
1251 596 1374 636 esset
1393 586 1490 636 filia
1536 588 1629 637 Eu.

564 660 601 715 i,
616 664 668 708 2.
689 662 752 706 37
804 655 942 703 Anui·
974 654 1040 701 illi
1059 654 1244 717 prodita
1263 655 1346 701 abs
1369 661 1416 701 te
1437 653 1536 702 filia
1557 662 1631 701 est

566 723 691 771 Hea.
709 723 779 777 iv,
802 726 850 770 1.
871 724 938 769 26
987 718 1148 766 Minas
1181 718 1372 782 quidem
1403 716 1506 780 jam
1541 720 1628 766 de-

565 804 670 835 cem
703 786 846 833 habet
883 800 912 832 a
947 798 1022 831 me
1074 784 1174 830 filia
1243 782 1368 830 Hes.
1407 783 1473 842 iv,
1511 786 1560 831 7.
1594 786 1625 831 7

565 851 710 899 Nunc
753 849 851 897 filia
903 858 1152 911 postquam
1188 854 1260 895 est
1296 846 1486 895 inventa
1517 861 1629 893 vera

565 916 688 963 Hes.
707 930 757 975 v,
779 918 826 963 2.
847 918 910 961 35
975 911 1118 968 Quod
1171 910 1266 959 filiu
1301 917 1374 959 est
1404 911 1627 959 invente?

564 979 686 1027 Heu.
707 996 756 1037 v,
777 982 826 1027 3.
852 981 914 1027 16
947 976 1141 1039 Peperit
1157 976 1256 1023 filia
1303 974 1380 1023 He
1401 975 1466 1030 iv,
1494 980 1541 1023 1.
1571 980 1629 1024 12

563 1043 791 1092 Abducta
823 1058 852 1090 a
884 1041 1018 1089 vobis
1055 1056 1300 1105 praegnans
1341 1040 1494 1087 fuerat
1529 1039 1629 1087 filia

566 1108 662 1158 He.
701 1109 768 1167 iv,
801 1111 850 1155 4.
891 1110 953 1155 18
1009 1105 1140 1153 Pene
1177 1104 1305 1153 illusi
1339 1105 1480 1151 vitam
1516 1104 1630 1151 ffliae

530 1191 542 1201 =
566 1174 629 1224 A.
653 1190 700 1229 r,
725 1177 773 1221 1.
797 1176 827 1219 3
880 1170 1082 1232 Peregre
1106 1170 1292 1217 rediens
1326 1170 1522 1232 cogitet,
1545 1177 1630 1216 aut

564 1238 720 1286 uxoris
741 1243 954 1291 mortem,
975 1244 1058 1281 sut
1079 1237 1287 1281 morbum
1306 1233 1416 1281 filias
1465 1234 1555 1282 Ph.
1575 1234 1629 1287 ii,

568 1308 616 1352 1.
640 1305 702 1350 14
746 1300 854 1349 Tibi
891 1313 1112 1364 generum
1135 1300 1334 1355 firmum,
1357 1306 1405 1345 et
1426 1298 1534 1345 filiae
1553 1298 1630 1345 in·

567 1366 726 1415 venies
765 1366 918 1413 virum
966 1365 1028 1412 A.
1049 1364 1120 1418 iii,
1137 1368 1186 1411 3.
1203 1367 1268 1412 39
1313 1362 1456 1420 Quod
1492 1362 1631 1410 mihi-

565 1448 678 1495 que,
721 1431 959 1493 heraeque,
995 1428 1198 1490 filiaeque
1236 1428 1373 1476 herili
1409 1434 1481 1476 est
1535 1427 1629 1474 Ad.

565 1496 640 1552 iii,
662 1500 712 1545 2.
737 1500 768 1543 3
818 1480 894 1542 Ita
930 1500 1028 1539 tum
1051 1492 1246 1541 discedo
1269 1494 1328 1539 ab
1348 1492 1453 1553 illo,
1474 1499 1527 1539 ut
1547 1492 1631 1554 qui

565 1576 618 1609 se
661 1559 806 1607 filiam
849 1568 990 1621 neget
1033 1559 1250 1605 daturum
1324 1557 1386 1603 A.
1406 1556 1444 1613 i,
1469 1561 1628 1606 1.121

569 1625 668 1681 Qui
697 1625 902 1679 aiebant,
939 1622 1082 1670 hodie
1104 1622 1248 1669 filium
1272 1637 1420 1669 meam
1456 1623 1633 1669 nubere

568 1697 650 1736 tuo
675 1695 815 1752 gnato
849 1686 915 1736 A.
936 1686 1006 1742 iii,
1029 1691 1076 1735 3.
1105 1692 1137 1735 2
1185 1686 1352 1733 Filiam
1387 1693 1441 1733 ιιι
1471 1686 1631 1733 darem

565 1755 614 1800 in
637 1753 914 1801 seditionem
952 1749 1016 1798 A.
1035 1767 1081 1809 v,
1104 1756 1150 1800 1.
1174 1755 1232 1800 11
1266 1749 1438 1813 Cujum
1459 1750 1631 1813 igitur?

569 1816 854 1868 Cr.·I·'ratris
885 1816 1029 1863 filiam
1083 1814 1146 1863 A.
1168 1832 1219 1875 v,
1240 1819 1288 1865 4.
1309 1819 1374 1864 29
1424 1814 1632 1877 Propero

569 1883 630 1930 ad
652 1882 794 1931 filiam
842 1879 902 1928 A.
940 1896 988 1941 v,
1026 1884 1074 1928 4.
1105 1884 1171 1929 48
1221 1879 1339 1941 Ejus
1376 1878 1519 1925 filiam
1547 1878 1632 1925 ille

568 1961 722 1995 amere
743 1946 890 2007 coepit
912 1944 1091 2006 perdite
1125 1944 1246 1991 Hea-
1269 1944 1304 2000 i,
1323 1948 1371 1993 1.
1386 1947 1449 1991 45
1496 1941 1632 1990 R-eli-

569 2011 674 2075 quit
710 2010 854 2059 filiam
897 2008 1295 2057 adolescentulam
1346 2008 1468 2056 Heu.
1488 2007 1560 2062 iii,
1583 2012 1630 2055 3.

568 2080 631 2125 41
668 2075 812 2123 Nunc
833 2075 898 2122 ita
921 2082 1106 2137 tempus
1126 2080 1199 2120 est
1217 2071 1351 2130 mihi,
1372 2080 1426 2119 ut
1441 2072 1629 2134 cupiam

569 2140 726 2188 filiam.
767 2139 888 2187 Hea.
928 2139 994 2193 iv,
1041 2144 1087 2187 1.
1129 2142 1191 2186 54
1262 2137 1390 2185 Dum
1433 2136 1632 2184 amicam

567 2205 692 2253 hauc
725 2220 878 2252 meam
897 2218 998 2251 esse
1031 2204 1208 2259 credet,
1241 2218 1337 2249 non
1373 2202 1633 2248 committet

568 2269 712 2317 filiam
768 2268 891 2317 Heu.
921 2268 991 2328 iv,
1030 2271 1079 2315 3.
1115 2270 1180 2315 36
1233 2267 1344 2315 Sese
1377 2267 1483 2328 ipse
1502 2266 1634 2313 dicet

568 2342 698 2380 tuam
713 2333 886 2380 vidisse
907 2331 1050 2378 filium
1100 2330 1223 2379 Hea-
1240 2332 1309 2387 iv,
1330 2336 1379 2379 5.
1404 2333 1468 2378 24
1501 2327 1631 2376 Num

569 2396 651 2444 illa
699 2398 1006 2473 oppignerare
1055 2393 1196 2441 filiam
1249 2410 1402 2441 meam
1440 2394 1631 2453 potuit?

570 2460 696 2510 Heu.
733 2476 800 2522 iv,
837 2468 888 2512 5.
919 2462 986 2508 46
1041 2457 1272 2507 Invenisti
1311 2455 1450 2503 hodie
1486 2454 1631 2502 filium

569 2525 781 2580 Παιάν,
803 2527 902 2570 8.5
941 2520 1038 2569 Cur
1073 2537 1168 2568 non
1204 2521 1371 2569 arcessi
1398 2518 1540 2582 jubes
1575 2520 1632 2566 fi-

569 2588 717 2638 liam?
773 2586 896 2634 Heu.
918 2601 966 2640 v,
989 2591 1038 2634 5.
1061 2589 1093 2633 4
1143 2584 1249 2648 Ego
1282 2584 1362 2646 pol
1399 2583 1484 2630 tibi
1506 2585 1632 2632 dabo

567 2653 699 2702 illam
731 2651 956 2714 lepidam,
995 2664 1136 2712 quam
1158 2657 1210 2697 tu
1233 2649 1372 2697 facile
1395 2663 1553 2708 ames3
1575 2649 1632 2696 fi-

567 2717 678 2765 liam
701 2716 1006 2764 Phanocratae
1055 2714 1176 2763 Heu.
1198 2731 1244 2771 v,
1267 2720 1313 2764 5.
1339 2718 1400 2763 17
1444 2713 1633 2772 Habeo,

571 2797 712 2846 quam
770 2781 896 2828 volo.
975 2778 1237 2832 Archonidi
1297 2777 1437 2842 hujus
1490 2778 1632 2826 filiam

569 2846 696 2896 Hea.
716 2863 764 2901 v,
787 2851 835 2895 5.
857 2849 919 2894 21
973 2843 1138 2892 Filiam
1173 2842 1277 2906 ejus
1299 2843 1522 2905 virginem
1561 2845 1637 2891 vi-

570 2912 706 2960 tiavit
737 2910 833 2958 Ad.
853 2910 923 2972 iii,
943 2913 993 2959 4.
1016 2913 1082 2958 20
1123 2908 1440 2964 Quamobrem
1463 2915 1509 2954 te
1532 2923 1634 2955 ora-

569 2977 695 3031 bam,
727 2975 872 3023 filiam
911 2981 965 3022 ut
990 2973 1245 3021 remitteres
1292 2971 1385 3022 He.
1404 2972 1477 3029 iii,
1499 2977 1547 3021 5.
1567 2976 1635 3023 48

573 3040 705 3090 Corri
745 3040 815 3087 uit
851 3040 1107 3102 derepente
1138 3038 1307 3086 tacitus
1340 3052 1442 3084 sese
1479 3038 1542 3084 ad
1580 3037 1637 3083 fi-

569 3105 680 3153 liam

566 3169 634 3218 ire
657 3169 820 3224 sensit,
843 3183 894 3215 se
922 3167 1057 3215 duxit
1075 3167 1198 3214 forus
1229 3165 1322 3214 He.
1343 3166 1409 3225 iv,
1428 3170 1474 3214 1.
1489 3170 1520 3215 7
1557 3165 1635 3212 Fi-

574 3234 684 3282 liam
707 3232 904 3281 abduxit
922 3245 1056 3278 suam
1087 3231 1181 3278 He.
1201 3247 1250 3289 V,
1272 3235 1318 3278 1.
1342 3235 1402 3280 21
1439 3229 1636 3292 Qua-so,

571 3298 691 3361 quid
707 3297 749 3345 si
767 3293 911 3343 filiam
933 3310 1065 3342 suam
1089 3295 1276 3342 unicam
1299 3293 1507 3342 locaret?
1545 3294 1635 3344 Ph.

569 3363 633 3418 iv,
652 3366 702 3410 3.
724 3364 790 3409 40
807 3359 916 3408 Jam
933 3375 962 3407 ιι
982 3359 1214 3422 principio
1235 3359 1372 3406 amici
1386 3358 1528 3405 filiam
1551 3373 1635 3406 vo·

573 3425 640 3472 lui
655 3439 842 3473 uxorem
855 3425 1028 3472 ducere
1065 3423 1156 3473 Ph.
1178 3423 1246 3479 iv,
1263 3427 1312 3472 3.
1332 3427 1396 3472 45
1419 3421 1636 3482 Offendi,

571 3489 765 3553 quicum
789 3488 1021 3550 volebam,
1051 3487 1326 3536 collocatum
1349 3487 1490 3536 filiam
1540 3488 1635 3539 Ph.

571 3572 620 3612 v,
641 3559 691 3604 1.
714 3558 779 3604 32
833 3553 908 3600 Ex
924 3569 1023 3664 ίιξιιιι
1043 3552 1185 3600 filiam
1222 3553 1429 3616 suscepit
1473 3553 1564 3603 Ph.
1586 3551 1648 3610 v,

572 3624 621 3670 7.
642 3624 710 3669 49
767 3618 888 3666 Inde
959 3617 1068 3666 lium
1105 3618 1312 3681 suscepit
1337 3617 1439 3680 jam
1473 3633 1637 3675 unam,

571 3687 686 3734 dum
723 3691 776 3731 tu
811 3683 984 3731 dormis
1031 3683 1121 3731 Ph.
1144 3700 1190 3739 v,
1214 3687 1261 3732 8.
1293 3686 1356 3732 17
1411 3682 1482 3730 At
1514 3683 1635 3732 istuc

572 3747 833 3814 periculum
866 3748 916 3795 in
937 3747 1036 3795 filia
1055 3747 1172 3803 fieri,
1195 3762 1334 3810 grave
1354 3755 1428 3794 est
1479 3746 1543 3797 A„
1565 3747 1637 3806 iii,

560 3819 621 3870 ,3.
643 3817 707 3862 34
754 3811 873 3861 Adii
903 3821 951 3860 te
984 3813 1085 3860 heri
1105 3813 1166 3860 de
1187 3812 1287 3860 filia
1339 3812 1433 3859 He.
1454 3812 1507 3872 ii,
1530 3816 1578 3860 2.
1604 3817 1639 3860 9

572 3878 734 3936 Quid?
757 3877 839 3926 illa
855 3877 954 3925 filia
966 3877 1104 3926 amici
1121 3875 1285 3940 nostri,
1296 3877 1412 3940 quid
1428 3876 1637 3924 futurum

572 3943 683 3992 est?
717 3941 1082 3999 Ph.v,s.28·

637 4007 800 4056 Filius.
863 4006 940 4054 Ibi
982 4015 1082 4054 tum
1113 4005 1238 4053 filius
1273 4021 1380 4054 cum
1413 4004 1506 4052 illis
1541 4019 1637 4052 una

573 4072 736 4120 aderat
753 4072 973 4134 frequens
1004 4069 1069 4118 A.
1085 4070 1121 4126 i,
1144 4075 1188 4120 1.
1206 4074 1270 4119 79
1301 4067 1352 4116 N
1353 4085 1414 4116 on
1439 4069 1636 4117 dubium

573 4143 663 4192 est,
695 4136 812 4198 quin
849 4151 1044 4185 uxorem
1077 4135 1199 4183 nolit
1229 4133 1353 4182 filius
1397 4133 1461 4181 A.
1484 4135 1518 4190 i,
1536 4137 1584 4184 2.
1606 4139 1632 4184 1

574 4197 830 4260 Propterea
867 4201 999 4264 quod
1032 4206 1158 4248 amat
1183 4198 1308 4246 filius
1353 4198 1420 4248 A.
1440 4197 1512 4257 iii,
1529 4202 1579 4248 4.
1602 4205 1633 4248 5

573 4260 710 4310 Idem
753 4263 919 4312 absens
953 4265 1108 4312 facere
1145 4271 1195 4311 te
1244 4264 1336 4310 hoc
1371 4262 1474 4310 vult
1512 4263 1637 4312 filius

577 4325 702 4377 Hes.
725 4326 762 4383 i,
783 4332 830 4378 1.
851 4331 945 4377 112
999 4327 1206 4385 Quicum
1242 4327 1446 4391 loquitur
1475 4327 1635 4376 filius?

765 3120 808 3152 e.
829 3103 898 3164 iv,
920 3109 968 3153 1.
993 3106 1022 3151 3
1059 3102 1189 3151 Uxor
1209 3103 1286 3149 ubi
1311 3117 1386 3148 me
1407 3102 1469 3149 ad
1491 3101 1646 3149 filiam·

1555 436 1631 485 ΙΝ
1648 434 1800 485 DEX

1702 584 1825 635 Rea.
1845 586 1883 642 i,
1904 590 1952 635 2.
1974 589 2006 634 4
2056 582 2179 632 Mihi
2203 583 2241 631 si
2263 596 2469 647 unquam
2494 580 2635 638 filius„
2656 586 2761 643 erit,

1702 666 1795 705 nar,
1835 650 1917 697 ille
1951 649 2077 697 facili
2102 664 2184 696 »me
2222 656 2385 697 utetur-
2402 657 2533 710 patre
2566 650 2688 700 Hea-
2709 653 2762 707 ii,

1704 718 1751 763 1.
1772 721 1801 762 5
1835 714 1965 763 Tuus
1986 723 2041 760 ιιι
2060 713 2202 761 faciat
2224 712 2347 761 filius
2394 714 2515 762 Hea.
2537 715 2606 771 iii,
2627 721 2674 765 2.
2694 719 2758 767 41

1700 778 1779 825 Ita
1800 794 1969 843 magno
1990 777 2223 826 desiderio
2256 778 2349 825 fuit
2380 779 2425 826 ei
2459 778 2583 827 filius
2636 780 2761 829 Heu.

1700 843 1769 899 iv,
1785 851 1832 893 5.
1852 852 1881 892 5
1932 843 2133 906 Optabit
2168 858 2345 890 rursum
2384 851 2437 890 ut
2472 844 2611 893 abeat
2631 846 2691 894 ab
2712 860 2763 893 se

1701 908 1825 955 filius
1890 907 2014 956 Hea.
2032 908 2096 964 iv,
2118 914 2167 955 5.
2186 912 2219 956 8
2271 906 2443 955 Dictus
2464 907 2599 955 -filius
2638 920 2763 967 tuus,

1702 979 1785 1019 tua
1807 972 2049 1020 voluntate
2082 972 2203 1020 Heu.
2222 988 2269 1026 v,
2286 978 2333 1021 4.
2354 976 2385 1019 2
2418 972 2545 1029 Quia
2560 988 2657 1021 non
2688 991 2763 1023 re·-

1701 1037 1793 1084 diit
1812 1038 1954 1094 filius,
1974 1052 2081 1100 quae
2102 1036 2260 1099 cogito
2276 1035 2299 1082 ἔ.
2323 1036 2418 1084 Ad.
2440 1037 2473 1091 i.
2496 1042 2538 1087 1.
2559 1043 2621 1087 10
2653 1038 2762 1087 Ma-

1696 1100 1777 1164 jor
1810 1102 1933 1149 lilius
1968 1110 2075 1148 tuus
2112 1101 2365 1149 lEschinus
2419 1100 2519 1148 Ad.
2540 1101 2607 1158 iii,
2628 1107 2675 1151 4.
2698 1099 2764 1153 16

1702 1165 1822 1214 Tum
1844 1173 1999 1214 autem
2018 1166 2141 1213 filius
2160 1163 2343 1214 introiit
2354 1166 2528 1223 videre,
2546 1174 2601 1213 ut
2617 1168 2763 1229 venit,

1704 1231 1817 1294 quid
1840 1238 1951 1294 agat
1983 1229 2074 1280 He.
2094 1231 2167 1290 iii,
2188 1234 2238 1279 2.
2265 1234 2325 1279 10
2356 1230 2496 1286 Τιιιιι,
2526 1231 2567 1278 si
2602 1230 2653 1280 id
2674 1233 2764 1280 fal-

1704 1310 1806 1342 sum
1844 1296 2013 1349 fuerat,
2036 1294 2160 1341 filius
2185 1310 2267 1342 cur
2298 1310 2395 1341 non
2416 1295 2621 1343 refellit?
2671 1297 2765 1346 Ph.

1703 1359 1754 1412 ii.
1778 1364 1826 1408 3.
1847 1364 1911 1409 53
1945 1359 2089 1416 Quod
2111 1367 2158 1407 te
2188 1359 2380 1405 absente
2400 1359 2479 1407 hic
2510 1360 2635 1408 filius
2668 1362 2768 1422 egit

1706 1424 1797 1472 Ph.
1820 1425 1870 1481 ii,
1887 1429 1936 1475 4.
1961 1428 2021 1473 10
2052 1422 2125 1470 Tu
2149 1424 2306 1477 modo,
2329 1423 2453 1470 filius
2473 1423 2550 1471 fac
2568 1424 2765 1473 utillum

1706 1490 1851 1537 ducat
1898 1488 1987 1538 Ph.
2007 1488 2077 1548 ἰν,
2098 1493 2145 1538 3.
2167 1492 2229 1537 65
2286 1487 2355 1535 Ut
2388 1488 2510 1535 filius
2540 1504 2647 1536 cum
2682 1489 2765 1541 illa

1708 1554 1887 1601 habitet
1908 1554 2035 1616 apud
2059 1560 2138 1612 te;
2170 1553 2261 1599 hoc
2282 1561 2487 1601 vostrum
2516 1553 2765 1602 consilium

1705 1618 1797 1665 fuit
1841 1617 1934 1667 Ph.
1956 1634 2004 1673 v,
2025 1622 2074 1666 7.
2094 1623 2160 1667 40
2206 1615 2371 1675 Filius,
2406 1617 2547 1665 homo
2580 1619 2764 1667 adoles-

1706 1697 1836 1738 cens,
1856 1683 1896 1729 si
1910 1684 2054 1729 habet
2068 1696 2207 1729 unam
2224 1683 2419 1731 amicum
2455 1682 2545 1729 Ph.
2568 1698 2613 1737 v,
2632 1687 2679 1731 8.
2700 1690 2760 1733 51

1706 1747 1795 1793 Fili
1818 1755 1892 1794 est
1911 1746 2061 1795 unica
2080 1746 2300 1800 Bacchis,
2321 1746 2611 1796 Menedemo
2642 1747 2766 1799 Hea.

1706 1828 1753 1866 v,
1778 1817 1824 1861 1.
1850 1816 1911 1859 35
1947 1812 2146 1874 Peregre
2162 1813 2349 1861 rediens
2370 1826 2557 1875 semper
2572 1812 2767 1876 cogitet,

1706 1884 1789 1923 aut
1823 1875 1910 1922 filii
1944 1883 2209 1938 peccatum,
2252 1885 2335 1925 aut
2394 1875 2485 1924 Pb.
2520 1876 2575 1938 ii,
2617 1881 2663 1925 1.
2702 1881 2763 1926 14

1707 1940 1843 1988 Ultro
1862 1941 1923 1987 ad
1948 1956 2021 1987 me
2057 1941 2205 1997 venit,
2238 1948 2427 2004 gnatum
2460 1941 2557 1988 filio
2579 1956 2763 1989 uxorem

1707 2013 1761 2052 ut
1782 2005 1915 2052 daret
1962 2003 2029 2055 A.
2068 2006 2102 2062 i,
2127 2010 2171 2053 1.
2193 2010 2260 2055 74
2293 2006 2390 2064 Qui
2414 2013 2660 2069 postquam
2683 2021 2767 2053 uu-

1706 2070 1875 2125 dierst,
1928 2084 2025 2116 non
2072 2072 2235 2117 datum
2302 2071 2356 2117 iri
2410 2069 2509 2117 filio
2576 2086 2765 2119 uxorem

1708 2150 1793 2181 suo
1846 2134 1907 2183 A.
1930 2134 1965 2189 i,
1982 2139 2033 2185 2.
2057 2139 2092 2184 6
2139 2133 2269 2187 Νιιιιι
2298 2135 2397 2183 filio
2434 2136 2617 2183 videtur
2654 2152 2767 2184 uxo·

1706 2214 1801 2246 rem
1825 2200 1970 2247 dare?
2002 2199 2100 2246 Ad.
2124 2200 2177 2259 ii,
2196 2206 2247 2248 6.
2270 2205 2331 2249 21
2369 2199 2467 2248 Ubi
2487 2200 2767 2262 desponsam

1706 2263 1935 2311 nuntiasti
1952 2263 2052 2311 filio
2099 2263 2220 2312 Hea.
2244 2280 2290 2319 v,
2317 2270 2360 2314 1.
2378 2268 2442 2314 18
2489 2263 2620 2321 Quid
2642 2265 2770 2312 dotis

1707 2328 1861 2375 dicum
1905 2336 1954 2375 te
1989 2328 2161 2376 dixisse
2197 2329 2332 2389 filio?
2376 2328 2498 2377 Hea-
2533 2345 2583 2386 ν,
2622 2335 2671 2379 1.
2702 2335 2769 2380 64

1705 2390 1809 2436 Τιιο
1846 2393 2028 2455 nepoti,
2063 2393 2205 2457 hujus
2245 2393 2342 2442 filio
2382 2394 2525 2442 hodie
2574 2391 2768 2454 primam

1710 2468 1954 2502 mammam
1976 2456 2111 2504 dedit
2146 2457 2241 2506 Ad.
2264 2474 2310 2513 v,
2328 2462 2375 2507 9.
2401 2462 2462 2507 17
2512 2458 2633 2507 Filio
2667 2461 2769 2508 luc·

1708 2526 1805 2565 tum
1828 2535 1963 2581 paras
1997 2519 2097 2568 He.
2110 2521 2162 2577 ii,
2187 2525 2231 2569 1.
2255 2525 2315 2570 13
2358 2519 2434 2568 Ita
2455 2530 2510 2570 ut
2529 2523 2601 2578 fit,
2621 2524 2771 2572 filium

1709 2583 1964 2646 perduxere
1985 2585 2097 2632 illuc
2146 2584 2209 2634 A.
2228 2585 2264 2638 i,
2288 2591 2335 2635 1·
2352 2589 2415 2634 53
2465 2585 2698 2636 observes
2714 2589 2771 2636 fl-

1707 2646 1843 2708 lium,
1862 2648 1979 2712 quid
2001 2657 2113 2712 agat
2156 2650 2217 2697 A.
2242 2650 2341 2707 i,·l.
2365 2655 2460 2700 142
2509 2651 2770 2716 Principio,

1708 2714 1861 2760 amico
1881 2712 2027 2761 filium
2062 2715 2313 2764 restitueris
2346 2713 2409 2762 A.
2432 2714 2501 2771 iii,
2522 2720 2570 2765 3.
2594 2721 2657 2766 38
2691 2717 2772 2766 Fi-

1706 2777 1821 2824 lium
1844 2777 1936 2824 nisi
1957 2779 2093 2827 sciret
2112 2779 2281 2828 eudem
2301 2780 2403 2827 haec
2420 2778 2576 2828 velle?
2618 2780 2680 2828 A.
2702 2783 2772 2837 iii,

1708 2847 1757 2892 3.
1780 2847 1845 2890 46
1893 2841 1953 2889 In
1976 2845 2167 2907 nuptias
2184 2843 2375 2906 conjeci
2394 2844 2585 2892 herilem
2620 2846 2769 2895 filium

1708 2907 1771 2956 A.
1795 2907 1863 2964 iii,
1883 2911 1932 2955 4.
1956 2912 2020 2956 23
2069 2909 2270 2956 Tantum
2294 2908 2497 2956 laborem
2519 2924 2687 2972 capere
2708 2913 2772 2959 ob

1706 2972 1848 3019 talem
1872 2971 2054 3020 filium?
2109 2973 2172 3022 A.
2196 2991 2246 3033 v,
2268 2978 2317 3022 2.
2338 2978 2403 3023 29
2456 2973 2613 3022 Video
2648 2977 2769 3024 heri·

1709 3035 1801 3083 lem
1866 3037 2014 3084 filium
2086 3038 2312 3085 minorem
2376 3038 2471 3086 hue
2548 3039 2771 3088 advenire

1710 3099 1799 3150 Eu.
1816 3101 1869 3156 ii,
1892 3106 1941 3152 2.
1964 3106 2027 3151 58
2082 3103 2227 3158 Dico,
2282 3102 2437 3149 edico-
2465 3103 2617 3159 vobis,
2659 3119 2770 3153 nos-

1710 3172 1828 3212 trum
1862 3181 1963 3215 esse
1996 3166 2126 3212 illum
2178 3165 2369 3213 herilem
2406 3165 2553 3213 filium
2590 3166 2679 3215 Eu.
2720 3185 2769 3227 v,

1710 3235 1759 3278 5.
1802 3235 1869 3278 20
1937 3227 2108 3277 Filium
2148 3230 2337 3278 unicum
2366 3230 2770 3280 adolescentulum
2802 3257 2811 3262 ·

1708 3295 1861 3342 habeo
1909 3294 2033 3342 Hes.
2056 3295 2091 3351 i,
2116 3299 2162 3344 1.
2185 3299 2246 3344 41
2305 3293 2433 3343 Huic
2484 3295 2632 3343 filium
2676 3298 2771 3346 scis

1708 3360 1845 3406 esse?
1892 3359 2015 3406 Hea.
2036 3359 2075 3419 i,
2090 3364 2139 3408 2.
2160 3363 2191 3408 7
2239 3358 2311 3406 Ex
2337 3376 2410 3408 me
2436 3369 2489 3407 ut
2508 3361 2644 3418 sciat,
2680 3363 2779 3410 sibi·

1710 3422 1857 3472 filium
1890 3423 2074 3472 'redisse
2128 3424 2251 3472 Hea-
2290 3425 2361 3481 iii,
2409 3429 2453 3475 1.
2498 3431 2531 3474 2
2598 3425 2770 3475 Filium

1708 3503 1863 3536 meum
1884 3489 2038 3537 amico
2060 3488 2198 3538 video
2218 3489 2437 3537 inservire
2486 3490 2609 3538 Hea.
2633 3491 2701 3546 iii,
2720 3497 2771 3541 1.

1709 3556 1742 3601 8
1795 3552 1923 3601 Olim
1966 3554 2141 3618 potius,
2184 3569 2323 3617 quam
2375 3562 2583 3617 paterere
2620 3554 2779 3602 filium·

1708 3633 1969 3666 commeare
1991 3619 2052 3666 ad
2087 3619 2403 3666 mulierculam
2454 3618 2575 3670 Hea.
2613 3619 2684 3676 iii,
2727 3624 2771 3668 1.

1710 3684 1775 3732 34
1842 3682 1979 3730 Prius
2010 3684 2303 3747 proditurum
2344 3691 2394 3731 te
2436 3690 2563 3730 tuam
2608 3684 2771 3742 vitam,

1709 3762 1851 3809 quam
1872 3748 1956 3794 abs
1980 3755 2027 3794 te
2047 3748 2234 3796 amittas
2268 3747 2417 3796 filium
2471 3749 2580 3797 Hea
2616 3749 2686 3810 iii,
2724 3754 2771 3798 1.

1710 3815 1773 3860 71
1829 3811 1958 3858 Dum
1978 3812 2031 3859 id
2053 3827 2229 3875 quaero,
2260 3813 2344 3861 tibi
2367 3813 2451 3876 qui
2469 3815 2618 3862 filium
2637 3813 2773 3862 resti—

1711 3881 1888 3924 tuerem
1923 3875 2043 3923 Hea.
2066 3877 2136 3938 iii,
2160 3883 2205 3927 1.
2220 3881 2283 3926 83
2319 3878 2470 3926 immo
2488 3879 2635 3926 filium
2650 3877 2771 3942 jube

1642 3973 1649 3979 -
1710 3939 1868 4003 potius
1900 3941 2025 3989 Heu.
2049 3942 2113 3998 iv,
2134 3948 2182 3990 5.
2203 3946 2265 3991 51
2317 3944 2479 4002 Serva,
2500 3943 2627 4007 quod
2648 3943 2699 3988 in
2724 3950 2773 3991 te

1712 4013 1801 4061 est,
1816 4005 1983 4061 filium,
2004 4014 2053 4054 et
2068 4015 2225 4061 me,et
2256 4007 2380 4054 Hea.
2402 4007 2466 4063 iv,
2490 4013 2537 4055 8.
2558 4011 2589 4054 4
2624 4007 2771 4070 Syrus

1708 4069 1835 4118 idem
1857 4071 1971 4118 mire
1991 4070 2125 4118 finxit
2144 4071 2290 4119 filium
2342 4071 2464 4118 Heu.
2487 4087 2532 4127 v,
2558 4075 2601 4118 1.
2622 4075 2685 4119 25
2720 4071 2771 4117 Si
2840 4065 2845 4074 ’

1712 4149 1785 4183 me
1822 4135 1892 4183 vis
1926 4135 2103 4184 salvom
2138 4151 2259 4192 esse,
2294 4143 2345 4184 et
2384 4150 2498 4196 rem,
2534 4143 2585 4182 et
2620 4133 2769 4182 filium

1710 4198 1835 4250 Hea.
1855 4217 1905 4261 v,
1929 4204 1974 4248 1.
1994 4205 2062 4250 68
2132 4201 2297 4276 Egone
2328 4199 2569 4256 confitear,
2614 4215 2769 4248 meum

1708 4278 1805 4312 non
1820 4281 1921 4313 esse
1937 4264 2101 4321 filium,
2123 4266 2240 4328 qui?
2271 4264 2395 4312 Heu.
2418 4281 2467 4325 v,
2484 4267 2529 4312 3.
2556 4269 2615 4314 14
2647 4264 2770 4312 Τιιιιι

1708 4329 1870 4393 telem,
1903 4329 1992 4378 nisi
2011 4337 2082 4387 tu,
2104 4329 2233 4378 nulla
2254 4336 2435 4394 pareret
2456 4329 2603 4378 filium
2647 4329 2771 4379 Hea.
