<?xml version="1.0" encoding="UTF-8"?>
<!DOCTYPE html PUBLIC "-//W3C//DTD XHTML 1.0 Transitional//EN"
    "http://www.w3.org/TR/xhtml1/DTD/xhtml1-transitional.dtd">
<html xmlns="http://www.w3.org/1999/xhtml" xml:lang="en" lang="en">
 <head>
  <title>
</title>
<meta http-equiv="Content-Type" content="text/html;charset=utf-8" />
  <meta name='ocr-system' content='tesseract 3.04.00' />
  <meta name='ocr-capabilities' content='ocr_page ocr_carea ocr_par ocr_line ocrx_word'/>
</head>
<body>
  <div class='ocr_page' id='page_1' title='image "./comoedisex09westgoog_0133.png"; bbox 0 0 3192 4975; ppageno 0'>
   <div class='ocr_carea' id='block_1_1' title="bbox 1065 386 2513 455">
    <p class='ocr_par' dir='ltr' id='par_1_1' title="bbox 1065 386 2513 455">
     <span class='ocr_line' id='line_1_1' title="bbox 1065 386 2513 455; baseline 0.001 -2"><span class='ocrx_word' id='word_1_1' title='bbox 1065 406 1129 455; x_wconf 75' lang='grc' dir='ltr'><strong>ι».</strong></span> <span class='ocrx_word' id='word_1_2' title='bbox 1177 400 1542 453; x_wconf 69' lang='lat' dir='ltr'><strong>‘rantum</strong></span> <span class='ocrx_word' id='word_1_3' title='bbox 1589 402 1795 453; x_wconf 68' lang='lat' dir='ltr'><strong>Arar.</strong></span> <span class='ocrx_word' id='word_1_4' title='bbox 2340 386 2513 454; x_wconf 66' lang='lat'><strong>17⁰7</strong></span> 
     </span>
    </p>
   </div>
   <div class='ocr_carea' id='block_1_2' title="bbox 329 552 2525 4314">
    <p class='ocr_par' dir='ltr' id='par_1_2' title="bbox 329 552 2521 2572">
     <span class='ocr_line' id='line_1_2' title="bbox 332 552 2507 637; baseline -0.002 -18"><span class='ocrx_word' id='word_1_5' title='bbox 332 558 660 620; x_wconf 84' lang='lat' dir='ltr'><strong>lectionem·</strong></span> <span class='ocrx_word' id='word_1_6' title='bbox 679 577 716 617; x_wconf 80' lang='lat' dir='ltr'><strong>a</strong></span> <span class='ocrx_word' id='word_1_7' title='bbox 743 558 970 619; x_wconf 64' lang='lat' dir='ltr'><strong>Faerno</strong></span> <span class='ocrx_word' id='word_1_8' title='bbox 1009 557 1388 620; x_wconf 75' lang='lat' dir='ltr'><strong>emendatam</strong></span> <span class='ocrx_word' id='word_1_9' title='bbox 1431 556 1641 631; x_wconf 82' lang='lat' dir='ltr'><strong>edidit,</strong></span> <span class='ocrx_word' id='word_1_10' title='bbox 1668 556 1951 637; x_wconf 79' lang='lat' dir='ltr'><strong>notisque</strong></span> <span class='ocrx_word' id='word_1_11' title='bbox 1996 554 2224 629; x_wconf 75' lang='lat' dir='ltr'><strong>Feiirni,</strong></span> <span class='ocrx_word' id='word_1_12' title='bbox 2266 552 2507 634; x_wconf 76' lang='lat' dir='ltr'><strong>qnibns·</strong></span> 
     </span>
     <span class='ocr_line' id='line_1_3' title="bbox 331 652 2503 733; baseline -0.001 -20"><span class='ocrx_word' id='word_1_13' title='bbox 331 654 472 715; x_wconf 85' lang='lat' dir='ltr'><strong>dam</strong></span> <span class='ocrx_word' id='word_1_14' title='bbox 533 654 768 726; x_wconf 81' lang='lat' dir='ltr'><strong>Donati,</strong></span> <span class='ocrx_word' id='word_1_15' title='bbox 811 654 1044 715; x_wconf 79' lang='lat' dir='ltr'><strong>addidit</strong></span> <span class='ocrx_word' id='word_1_16' title='bbox 1093 674 1236 715; x_wconf 81' lang='lat' dir='ltr'><strong>suas</strong></span> <span class='ocrx_word' id='word_1_17' title='bbox 1283 656 1540 726; x_wconf 79' lang='lat' dir='ltr'><strong>criticas,</strong></span> <span class='ocrx_word' id='word_1_18' title='bbox 1595 654 1810 733; x_wconf 85' lang='lat' dir='ltr'><strong>quibus</strong></span> <span class='ocrx_word' id='word_1_19' title='bbox 1856 652 2067 713; x_wconf 81' lang='lat' dir='ltr'><strong>mutati</strong></span> <span class='ocrx_word' id='word_1_20' title='bbox 2106 672 2147 712; x_wconf 79' lang='grc' dir='ltr'><strong>ιι</strong></span> <span class='ocrx_word' id='word_1_21' title='bbox 2199 670 2263 712; x_wconf 85' lang='lat' dir='ltr'><strong>se</strong></span> <span class='ocrx_word' id='word_1_22' title='bbox 2306 661 2503 711; x_wconf 76' lang='lat' dir='ltr'><strong>textus</strong></span> 
     </span>
     <span class='ocr_line' id='line_1_4' title="bbox 331 747 2505 829; baseline -0.001 -20"><span class='ocrx_word' id='word_1_23' title='bbox 331 751 639 811; x_wconf 65' lang='lat' dir='ltr'><strong>Faerniani</strong></span> <span class='ocrx_word' id='word_1_24' title='bbox 667 760 728 809; x_wconf 87' lang='lat' dir='ltr'><strong>et</strong></span> <span class='ocrx_word' id='word_1_25' title='bbox 753 751 922 811; x_wconf 83' lang='lat' dir='ltr'><strong>metri</strong></span> <span class='ocrx_word' id='word_1_26' title='bbox 959 770 998 811; x_wconf 71' lang='lat' dir='ltr'><strong>a</strong></span> <span class='ocrx_word' id='word_1_27' title='bbox 1027 769 1092 810; x_wconf 77' lang='lat' dir='ltr'><strong>se</strong></span> <span class='ocrx_word' id='word_1_28' title='bbox 1121 750 1428 811; x_wconf 76' lang='lat' dir='ltr'><strong>constituti</strong></span> <span class='ocrx_word' id='word_1_29' title='bbox 1455 750 1713 815; x_wconf 77' lang='lat' dir='ltr'><strong>rationes</strong></span> <span class='ocrx_word' id='word_1_30' title='bbox 1740 750 1957 820; x_wconf 80' lang='lat' dir='ltr'><strong>reddit,</strong></span> <span class='ocrx_word' id='word_1_31' title='bbox 1986 747 2205 829; x_wconf 76' lang='lat' dir='ltr'><strong>saepius</strong></span> <span class='ocrx_word' id='word_1_32' title='bbox 2230 748 2289 806; x_wconf 88' lang='lat' dir='ltr'><strong>in</strong></span> <span class='ocrx_word' id='word_1_33' title='bbox 2316 766 2389 808; x_wconf 88' lang='lat' dir='ltr'><strong>eo</strong></span> <span class='ocrx_word' id='word_1_34' title='bbox 2414 768 2505 809; x_wconf 89' lang='lat' dir='ltr'><strong>re·</strong></span> 
     </span>
     <span class='ocr_line' id='line_1_5' title="bbox 329 842 2504 927; baseline -0.002 -22"><span class='ocrx_word' id='word_1_35' title='bbox 329 846 654 926; x_wconf 84' lang='lat' dir='ltr'><strong>prehensus</strong></span> <span class='ocrx_word' id='word_1_36' title='bbox 687 867 724 907; x_wconf 81' lang='lat' dir='ltr'><strong>a</strong></span> <span class='ocrx_word' id='word_1_37' title='bbox 765 847 990 908; x_wconf 86' lang='lat' dir='ltr'><strong>Critico</strong></span> <span class='ocrx_word' id='word_1_38' title='bbox 1031 847 1313 927; x_wconf 76' lang='lat' dir='ltr'><strong>gloriose,</strong></span> <span class='ocrx_word' id='word_1_39' title='bbox 1347 847 1518 909; x_wconf 86' lang='lat' dir='ltr'><strong>Rich.</strong></span> <span class='ocrx_word' id='word_1_40' title='bbox 1563 845 1859 907; x_wconf 83' lang='lat' dir='ltr'><strong>Bentleio.</strong></span> <span class='ocrx_word' id='word_1_41' title='bbox 1943 844 2059 903; x_wconf 88' lang='lat' dir='ltr'><strong>Hic</strong></span> <span class='ocrx_word' id='word_1_42' title='bbox 2082 862 2225 903; x_wconf 75' lang='lat' dir='ltr'><strong>vero</strong></span> <span class='ocrx_word' id='word_1_43' title='bbox 2252 842 2504 903; x_wconf 72' lang='lat' dir='ltr'><strong>audacia</strong></span> 
     </span>
     <span class='ocr_line' id='line_1_6' title="bbox 331 939 2503 1025; baseline -0.003 -22"><span class='ocrx_word' id='word_1_44' title='bbox 331 954 554 1005; x_wconf 82' lang='lat' dir='ltr'><strong>eeteros</strong></span> <span class='ocrx_word' id='word_1_45' title='bbox 583 942 762 1025; x_wconf 78' lang='lat' dir='ltr'><strong>longe</strong></span> <span class='ocrx_word' id='word_1_46' title='bbox 794 954 1196 1023; x_wconf 69' lang='lat' dir='ltr'><strong>antegressae,</strong></span> <span class='ocrx_word' id='word_1_47' title='bbox 1224 943 1534 1004; x_wconf 89' lang='lat' dir='ltr'><strong>lectionem</strong></span> <span class='ocrx_word' id='word_1_48' title='bbox 1581 943 1815 1013; x_wconf 76' lang='lat' dir='ltr'><strong>Fa&#39;erni,</strong></span> <span class='ocrx_word' id='word_1_49' title='bbox 1846 959 1983 1003; x_wconf 85' lang='lat' dir='ltr'><strong>cnm</strong></span> <span class='ocrx_word' id='word_1_50' title='bbox 2010 939 2277 1021; x_wconf 77' lang='lat' dir='ltr'><strong>ejusdem</strong></span> <span class='ocrx_word' id='word_1_51' title='bbox 2306 956 2503 997; x_wconf 85' lang='lat' dir='ltr'><strong>emen·</strong></span> 
     </span>
     <span class='ocr_line' id='line_1_7' title="bbox 333 1032 2507 1119; baseline -0.005 -15"><span class='ocrx_word' id='word_1_52' title='bbox 333 1039 670 1104; x_wconf 76' lang='lat' dir='ltr'><strong>dationibus</strong></span> <span class='ocrx_word' id='word_1_53' title='bbox 718 1039 952 1103; x_wconf 83' lang='lat' dir='ltr'><strong>collatis</strong></span> <span class='ocrx_word' id='word_1_54' title='bbox 999 1038 1152 1101; x_wconf 82' lang='lat' dir='ltr'><strong>Mss.</strong></span> <span class='ocrx_word' id='word_1_55' title='bbox 1181 1038 1376 1102; x_wconf 85' lang='lat' dir='ltr'><strong>codd.</strong></span> <span class='ocrx_word' id='word_1_56' title='bbox 1407 1038 1564 1101; x_wconf 70' lang='lat' dir='ltr'><strong>Biblae</strong></span> <span class='ocrx_word' id='word_1_57' title='bbox 1591 1039 1938 1119; x_wconf 67' lang='lat' dir='ltr'><strong>cantabrig.</strong></span> <span class='ocrx_word' id='word_1_58' title='bbox 1979 1046 2040 1098; x_wconf 88' lang='lat' dir='ltr'><strong>et</strong></span> <span class='ocrx_word' id='word_1_59' title='bbox 2086 1056 2211 1116; x_wconf 73' lang='lat' dir='ltr'><strong>reg.</strong></span> <span class='ocrx_word' id='word_1_60' title='bbox 2256 1032 2507 1095; x_wconf 87' lang='lat' dir='ltr'><strong>Londin.</strong></span> 
     </span>
     <span class='ocr_line' id='line_1_8' title="bbox 331 1129 2513 1216; baseline -0.003 -21"><span class='ocrx_word' id='word_1_61' title='bbox 331 1147 392 1196; x_wconf 83' lang='lat' dir='ltr'><strong>et</strong></span> <span class='ocrx_word' id='word_1_62' title='bbox 439 1134 518 1195; x_wconf 82' lang='lat' dir='ltr'><strong>ad</strong></span> <span class='ocrx_word' id='word_1_63' title='bbox 547 1136 808 1200; x_wconf 84' lang='lat' dir='ltr'><strong>rationes</strong></span> <span class='ocrx_word' id='word_1_64' title='bbox 838 1136 1004 1196; x_wconf 86' lang='lat' dir='ltr'><strong>metri</strong></span> <span class='ocrx_word' id='word_1_65' title='bbox 1045 1140 1176 1216; x_wconf 89' lang='lat' dir='ltr'><strong>(pro</strong></span> <span class='ocrx_word' id='word_1_66' title='bbox 1203 1136 1442 1197; x_wconf 83' lang='lat' dir='ltr'><strong>arbitrio</strong></span> <span class='ocrx_word' id='word_1_67' title='bbox 1485 1137 1684 1211; x_wconf 83' lang='lat' dir='ltr'><strong>fictas)</strong></span> <span class='ocrx_word' id='word_1_68' title='bbox 1726 1134 1881 1195; x_wconf 86' lang='lat' dir='ltr'><strong>mille</strong></span> <span class='ocrx_word' id='word_1_69' title='bbox 1908 1134 2055 1193; x_wconf 86' lang='lat' dir='ltr'><strong>locis</strong></span> <span class='ocrx_word' id='word_1_70' title='bbox 2082 1152 2147 1193; x_wconf 85' lang='lat' dir='ltr'><strong>se</strong></span> <span class='ocrx_word' id='word_1_71' title='bbox 2184 1129 2513 1193; x_wconf 74' lang='lat' dir='ltr'><strong>correxisse</strong></span> 
     </span>
     <span class='ocr_line' id='line_1_9' title="bbox 338 1224 2509 1312; baseline -0.002 -21"><span class='ocrx_word' id='word_1_72' title='bbox 338 1231 648 1311; x_wconf 73' lang='lat' dir='ltr'><strong>gloriatur,</strong></span> <span class='ocrx_word' id='word_1_73' title='bbox 677 1232 784 1295; x_wconf 83' lang='lat' dir='ltr'><strong>sed</strong></span> <span class='ocrx_word' id='word_1_74' title='bbox 811 1224 966 1293; x_wconf 86' lang='lat' dir='ltr'><strong>idem</strong></span> <span class='ocrx_word' id='word_1_75' title='bbox 993 1244 1169 1306; x_wconf 81' lang='lat' dir='ltr'><strong>certe,</strong></span> <span class='ocrx_word' id='word_1_76' title='bbox 1198 1242 1413 1312; x_wconf 73' lang='lat' dir='ltr'><strong>praeter</strong></span> <span class='ocrx_word' id='word_1_77' title='bbox 1457 1230 1749 1295; x_wconf 81' lang='lat' dir='ltr'><strong>scribendi</strong></span> <span class='ocrx_word' id='word_1_78' title='bbox 1792 1230 2081 1291; x_wconf 75' lang='lat' dir='ltr'><strong>rationem</strong></span> <span class='ocrx_word' id='word_1_79' title='bbox 2122 1228 2275 1289; x_wconf 72' lang='lat' dir='ltr'><strong>Mes.</strong></span> <span class='ocrx_word' id='word_1_80' title='bbox 2326 1227 2509 1289; x_wconf 78' lang='lat' dir='ltr'><strong>usita-</strong></span> 
     </span>
     <span class='ocr_line' id='line_1_10' title="bbox 330 1323 2513 1407; baseline -0.004 -18"><span class='ocrx_word' id='word_1_81' title='bbox 330 1338 479 1401; x_wconf 79' lang='lat' dir='ltr'><strong>tam,</strong></span> <span class='ocrx_word' id='word_1_82' title='bbox 502 1338 564 1395; x_wconf 85' lang='lat' dir='ltr'><strong>et</strong></span> <span class='ocrx_word' id='word_1_83' title='bbox 591 1348 628 1389; x_wconf 85' lang='lat' dir='ltr'>a</span> <span class='ocrx_word' id='word_1_84' title='bbox 647 1338 884 1407; x_wconf 77' lang='lat' dir='ltr'><strong>recepta</strong></span> <span class='ocrx_word' id='word_1_85' title='bbox 911 1327 1184 1401; x_wconf 68' lang='lat' dir='ltr'><strong>alienam,</strong></span> <span class='ocrx_word' id='word_1_86' title='bbox 1209 1330 1504 1391; x_wconf 71' lang='lat' dir='ltr'><strong>sexcentis</strong></span> <span class='ocrx_word' id='word_1_87' title='bbox 1525 1328 1675 1389; x_wconf 80' lang='lat' dir='ltr'><strong>locis</strong></span> <span class='ocrx_word' id='word_1_88' title='bbox 1706 1337 1929 1387; x_wconf 80' lang='lat' dir='ltr'><strong>textum</strong></span> <span class='ocrx_word' id='word_1_89' title='bbox 1956 1323 2513 1405; x_wconf 76' lang='lat' dir='ltr'><strong>TerentiLcor-rupit.</strong></span> 
     </span>
     <span class='ocr_line' id='line_1_11' title="bbox 333 1422 2515 1506; baseline -0.001 -23"><span class='ocrx_word' id='word_1_90' title='bbox 333 1426 532 1504; x_wconf 80' lang='lat' dir='ltr'><strong>Atque</strong></span> <span class='ocrx_word' id='word_1_91' title='bbox 561 1424 620 1483; x_wconf 90' lang='lat' dir='ltr'><strong>hi</strong></span> <span class='ocrx_word' id='word_1_92' title='bbox 649 1433 766 1485; x_wconf 84' lang='lat' dir='ltr'><strong>tres</strong></span> <span class='ocrx_word' id='word_1_93' title='bbox 794 1426 950 1486; x_wconf 88' lang='lat' dir='ltr'><strong>inter</strong></span> <span class='ocrx_word' id='word_1_94' title='bbox 986 1427 1280 1506; x_wconf 81' lang='lat' dir='ltr'><strong>principes</strong></span> <span class='ocrx_word' id='word_1_95' title='bbox 1317 1425 1492 1506; x_wconf 80' lang='lat' dir='ltr'><strong>hujus</strong></span> <span class='ocrx_word' id='word_1_96' title='bbox 1522 1424 1717 1485; x_wconf 81' lang='lat' dir='ltr'><strong>oetatis</strong></span> <span class='ocrx_word' id='word_1_97' title='bbox 1741 1424 2054 1484; x_wconf 79' lang='lat' dir='ltr'><strong>habentur.</strong></span> <span class='ocrx_word' id='word_1_98' title='bbox 2136 1422 2427 1491; x_wconf 72' lang='lat' dir='ltr'><strong>Quartum</strong></span> <span class='ocrx_word' id='word_1_99' title='bbox 2450 1439 2515 1481; x_wconf 80' lang='lat' dir='ltr'><strong>se</strong></span> 
     </span>
     <span class='ocr_line' id='line_1_12' title="bbox 337 1516 2515 1600; baseline 0 -21"><span class='ocrx_word' id='word_1_100' title='bbox 337 1520 606 1600; x_wconf 75' lang='lat' dir='ltr'><strong>adjunxit</strong></span> <span class='ocrx_word' id='word_1_101' title='bbox 653 1520 916 1583; x_wconf 80' lang='lat' dir='ltr'><strong>Batavus</strong></span> <span class='ocrx_word' id='word_1_102' title='bbox 957 1526 1103 1583; x_wconf 86' lang='lat' dir='ltr'><strong>Arn.</strong></span> <span class='ocrx_word' id='word_1_103' title='bbox 1147 1524 1336 1583; x_wconf 88' lang='lat' dir='ltr'><strong>Henr.</strong></span> <span class='ocrx_word' id='word_1_104' title='bbox 1377 1521 1845 1593; x_wconf 74' lang='lat' dir='ltr'><strong>Westerhovius,</strong></span> <span class='ocrx_word' id='word_1_105' title='bbox 1886 1520 2107 1581; x_wconf 85' lang='lat' dir='ltr'><strong>Rector</strong></span> <span class='ocrx_word' id='word_1_106' title='bbox 2161 1516 2515 1590; x_wconf 78' lang='lat' dir='ltr'><strong>Goudanus,</strong></span> 
     </span>
     <span class='ocr_line' id='line_1_13' title="bbox 334 1614 2511 1701; baseline 0 -24"><span class='ocrx_word' id='word_1_107' title='bbox 334 1616 620 1689; x_wconf 85' lang='lat' dir='ltr'><strong>Perizonii</strong></span> <span class='ocrx_word' id='word_1_108' title='bbox 668 1618 1021 1698; x_wconf 74' lang='lat' dir='ltr'><strong>discipulus,</strong></span> <span class='ocrx_word' id='word_1_109' title='bbox 1045 1620 1148 1701; x_wconf 86' lang='lat' dir='ltr'><strong>qui</strong></span> <span class='ocrx_word' id='word_1_110' title='bbox 1193 1621 1463 1699; x_wconf 74' lang='lat' dir='ltr'><strong>quamvis</strong></span> <span class='ocrx_word' id='word_1_111' title='bbox 1495 1618 1695 1679; x_wconf 84' lang='lat' dir='ltr'><strong>Codd.</strong></span> <span class='ocrx_word' id='word_1_112' title='bbox 1726 1618 1879 1677; x_wconf 81' lang='lat' dir='ltr'><strong>Mss.</strong></span> <span class='ocrx_word' id='word_1_113' title='bbox 1908 1627 1971 1678; x_wconf 84' lang='lat' dir='ltr'><strong>et</strong></span> <span class='ocrx_word' id='word_1_114' title='bbox 2008 1616 2205 1697; x_wconf 83' lang='lat' dir='ltr'><strong>plures</strong></span> <span class='ocrx_word' id='word_1_115' title='bbox 2254 1634 2329 1675; x_wconf 85' lang='lat' dir='ltr'><strong>ex</strong></span> <span class='ocrx_word' id='word_1_116' title='bbox 2368 1614 2511 1677; x_wconf 80' lang='lat' dir='ltr'><strong>edd.</strong></span> 
     </span>
     <span class='ocr_line' id='line_1_14' title="bbox 333 1712 2515 1792; baseline -0.001 -19"><span class='ocrx_word' id='word_1_117' title='bbox 333 1722 479 1773; x_wconf 77' lang='lat' dir='ltr'><strong>vett.</strong></span> <span class='ocrx_word' id='word_1_118' title='bbox 509 1732 579 1775; x_wconf 82' lang='lat' dir='ltr'><strong>ac</strong></span> <span class='ocrx_word' id='word_1_119' title='bbox 606 1716 948 1778; x_wconf 77' lang='lat' dir='ltr'><strong>melioribus</strong></span> <span class='ocrx_word' id='word_1_120' title='bbox 975 1717 1346 1789; x_wconf 79' lang='lat' dir='ltr'><strong>contulisset,</strong></span> <span class='ocrx_word' id='word_1_121' title='bbox 1375 1727 1572 1777; x_wconf 80' lang='lat' dir='ltr'><strong>tamen</strong></span> <span class='ocrx_word' id='word_1_122' title='bbox 1599 1734 1663 1775; x_wconf 81' lang='lat' dir='ltr'><strong>se</strong></span> <span class='ocrx_word' id='word_1_123' title='bbox 1700 1714 1969 1775; x_wconf 85' lang='lat' dir='ltr'><strong>criticum</strong></span> <span class='ocrx_word' id='word_1_124' title='bbox 2010 1712 2173 1773; x_wconf 75' lang='lat' dir='ltr'><strong>haud</strong></span> <span class='ocrx_word' id='word_1_125' title='bbox 2214 1732 2383 1792; x_wconf 77' lang='lat' dir='ltr'><strong>aeque</strong></span> <span class='ocrx_word' id='word_1_126' title='bbox 2412 1730 2515 1771; x_wconf 78' lang='lat' dir='ltr'><strong>ex-</strong></span> 
     </span>
     <span class='ocr_line' id='line_1_15' title="bbox 335 1808 2517 1893; baseline 0.001 -26"><span class='ocrx_word' id='word_1_127' title='bbox 335 1808 542 1883; x_wconf 84' lang='lat' dir='ltr'><strong>hibuit,</strong></span> <span class='ocrx_word' id='word_1_128' title='bbox 571 1830 746 1889; x_wconf 87' lang='lat' dir='ltr'><strong>quam</strong></span> <span class='ocrx_word' id='word_1_129' title='bbox 776 1812 1066 1878; x_wconf 69' lang='lat' dir='ltr'><strong>seduium.</strong></span> <span class='ocrx_word' id='word_1_130' title='bbox 1087 1812 1148 1875; x_wconf 85' lang='lat' dir='ltr'><strong>in</strong></span> <span class='ocrx_word' id='word_1_131' title='bbox 1177 1824 1464 1893; x_wconf 76' lang='lat' dir='ltr'><strong>apparatu</strong></span> <span class='ocrx_word' id='word_1_132' title='bbox 1511 1813 1891 1891; x_wconf 75' lang='lat' dir='ltr'><strong>interpretum</strong></span> <span class='ocrx_word' id='word_1_133' title='bbox 1940 1808 2339 1891; x_wconf 72' lang='lat' dir='ltr'><strong>congerendo.</strong></span> <span class='ocrx_word' id='word_1_134' title='bbox 2424 1810 2517 1869; x_wconf 87' lang='lat' dir='ltr'><strong>De</strong></span> 
     </span>
     <span class='ocr_line' id='line_1_16' title="bbox 336 1904 2517 1985; baseline -0 -20"><span class='ocrx_word' id='word_1_135' title='bbox 336 1906 667 1985; x_wconf 85' lang='lat' dir='ltr'><strong>Anglorum</strong></span> <span class='ocrx_word' id='word_1_136' title='bbox 690 1917 750 1973; x_wconf 86' lang='lat' dir='ltr'><strong>et</strong></span> <span class='ocrx_word' id='word_1_137' title='bbox 779 1909 1062 1972; x_wconf 83' lang='lat' dir='ltr'><strong>Italorum</strong></span> <span class='ocrx_word' id='word_1_138' title='bbox 1085 1910 1376 1971; x_wconf 76' lang='lat' dir='ltr'><strong>sumtibus</strong></span> <span class='ocrx_word' id='word_1_139' title='bbox 1397 1907 2025 1971; x_wconf 78' lang='lat' dir='ltr'><strong>testantur-editiones.</strong></span> <span class='ocrx_word' id='word_1_140' title='bbox 2107 1904 2388 1967; x_wconf 71' lang='lat' dir='ltr'><strong>Germani</strong></span> <span class='ocrx_word' id='word_1_141' title='bbox 2412 1905 2517 1965; x_wconf 84' lang='lat' dir='ltr'><strong>ho·</strong></span> 
     </span>
     <span class='ocr_line' id='line_1_17' title="bbox 339 2002 2515 2085; baseline -0 -23"><span class='ocrx_word' id='word_1_142' title='bbox 339 2002 438 2063; x_wconf 87' lang='lat' dir='ltr'><strong>die</strong></span> <span class='ocrx_word' id='word_1_143' title='bbox 467 2004 546 2070; x_wconf 84' lang='lat' dir='ltr'><strong>ad</strong></span> <span class='ocrx_word' id='word_1_144' title='bbox 570 2004 676 2065; x_wconf 67' lang='lat' dir='ltr'><strong>has</strong></span> <span class='ocrx_word' id='word_1_145' title='bbox 708 2006 906 2067; x_wconf 77' lang='lat' dir='ltr'><strong>literas</strong></span> <span class='ocrx_word' id='word_1_146' title='bbox 935 2024 1182 2069; x_wconf 69' lang='lat' dir='ltr'><strong>acumen</strong></span> <span class='ocrx_word' id='word_1_147' title='bbox 1207 2016 1274 2068; x_wconf 83' lang='lat' dir='ltr'><strong>et</strong></span> <span class='ocrx_word' id='word_1_148' title='bbox 1291 2006 1599 2085; x_wconf 70' lang='lat' dir='ltr'><strong>ing-eninm</strong></span> <span class='ocrx_word' id='word_1_149' title='bbox 1624 2004 1851 2067; x_wconf 84' lang='lat' dir='ltr'><strong>nullum</strong></span> <span class='ocrx_word' id='word_1_150' title='bbox 1879 2006 2161 2066; x_wconf 69' lang='lat' dir='ltr'><strong>attulere:</strong></span> <span class='ocrx_word' id='word_1_151' title='bbox 2202 2012 2379 2083; x_wconf 77' lang='lat' dir='ltr'><strong>etque</strong></span> <span class='ocrx_word' id='word_1_152' title='bbox 2402 2020 2515 2080; x_wconf 80' lang='lat' dir='ltr'><strong>pu-</strong></span> 
     </span>
     <span class='ocr_line' id='line_1_18' title="bbox 337 2097 2521 2174; baseline -0.002 -14"><span class='ocrx_word' id='word_1_153' title='bbox 337 2099 464 2174; x_wconf 85' lang='lat' dir='ltr'><strong>det,</strong></span> <span class='ocrx_word' id='word_1_154' title='bbox 485 2101 681 2161; x_wconf 86' lang='lat' dir='ltr'><strong>futiles</strong></span> <span class='ocrx_word' id='word_1_155' title='bbox 711 2101 844 2163; x_wconf 81' lang='lat' dir='ltr'><strong>illas</strong></span> <span class='ocrx_word' id='word_1_156' title='bbox 885 2101 1024 2162; x_wconf 89' lang='lat' dir='ltr'><strong>edd.</strong></span> <span class='ocrx_word' id='word_1_157' title='bbox 1061 2101 1139 2161; x_wconf 81' lang='lat' dir='ltr'><strong>ad</strong></span> <span class='ocrx_word' id='word_1_158' title='bbox 1168 2101 1408 2162; x_wconf 85' lang='lat' dir='ltr'><strong>modum</strong></span> <span class='ocrx_word' id='word_1_159' title='bbox 1437 2101 1693 2161; x_wconf 83' lang='lat' dir='ltr'><strong>Minellii</strong></span> <span class='ocrx_word' id='word_1_160' title='bbox 1722 2121 1771 2160; x_wconf 80' lang='lat' dir='ltr'><strong>s.</strong></span> <span class='ocrx_word' id='word_1_161' title='bbox 1799 2120 1935 2160; x_wconf 89' lang='lat' dir='ltr'><strong>cum</strong></span> <span class='ocrx_word' id='word_1_162' title='bbox 1963 2100 2120 2159; x_wconf 80' lang='lat' dir='ltr'><strong>notis</strong></span> <span class='ocrx_word' id='word_1_163' title='bbox 2152 2097 2521 2157; x_wconf 75' lang='lat' dir='ltr'><strong>Germanicis</strong></span> 
     </span>
     <span class='ocr_line' id='line_1_19' title="bbox 347 2193 2517 2277; baseline -0.002 -22"><span class='ocrx_word' id='word_1_164' title='bbox 347 2216 722 2260; x_wconf 76' lang='lat' dir='ltr'><strong>enumerare.</strong></span> <span class='ocrx_word' id='word_1_165' title='bbox 795 2198 1164 2261; x_wconf 80' lang='lat' dir='ltr'><strong>Adducimus</strong></span> <span class='ocrx_word' id='word_1_166' title='bbox 1191 2208 1412 2270; x_wconf 82' lang='lat' dir='ltr'><strong>tamen,</strong></span> <span class='ocrx_word' id='word_1_167' title='bbox 1443 2210 1510 2259; x_wconf 87' lang='lat' dir='ltr'><strong>ut</strong></span> <span class='ocrx_word' id='word_1_168' title='bbox 1535 2218 1611 2259; x_wconf 85' lang='lat' dir='ltr'><strong>ex</strong></span> <span class='ocrx_word' id='word_1_169' title='bbox 1646 2196 1719 2257; x_wconf 88' lang='lat' dir='ltr'><strong>iis</strong></span> <span class='ocrx_word' id='word_1_170' title='bbox 1748 2196 1959 2277; x_wconf 79' lang='lat' dir='ltr'><strong>genius</strong></span> <span class='ocrx_word' id='word_1_171' title='bbox 1990 2193 2193 2257; x_wconf 79' lang='lat' dir='ltr'><strong>saecnli</strong></span> <span class='ocrx_word' id='word_1_172' title='bbox 2218 2193 2377 2273; x_wconf 75' lang='lat' dir='ltr'><strong>apud</strong></span> <span class='ocrx_word' id='word_1_173' title='bbox 2404 2210 2517 2252; x_wconf 81' lang='lat' dir='ltr'><strong>nos</strong></span> 
     </span>
     <span class='ocr_line' id='line_1_20' title="bbox 342 2305 641 2373; baseline -0.01 -17"><span class='ocrx_word' id='word_1_174' title='bbox 342 2305 641 2373; x_wconf 68' lang='lat' dir='ltr'><strong>appareat·-</strong></span> 
     </span>
     <span class='ocr_line' id='line_1_21' title="bbox 351 2384 2517 2473; baseline -0.002 -24"><span class='ocrx_word' id='word_1_175' title='bbox 351 2436 361 2443; x_wconf 88' lang='lat'><strong>.</strong></span> <span class='ocrx_word' id='word_1_176' title='bbox 425 2392 569 2451; x_wconf 87' lang='lat'>1701</span> <span class='ocrx_word' id='word_1_177' title='bbox 623 2392 974 2473; x_wconf 68' lang='lat' dir='ltr'><strong>cantabrig.</strong></span> <span class='ocrx_word' id='word_1_178' title='bbox 996 2403 1244 2455; x_wconf 82' lang='lat' dir='ltr'><strong>curante</strong></span> <span class='ocrx_word' id='word_1_179' title='bbox 1285 2392 1448 2454; x_wconf 84' lang='lat' dir='ltr'><strong>John</strong></span> <span class='ocrx_word' id='word_1_180' title='bbox 1473 2393 1641 2472; x_wconf 77' lang='lat' dir='ltr'><strong>Leng</strong></span> <span class='ocrx_word' id='word_1_181' title='bbox 1668 2412 1725 2453; x_wconf 94' lang='lat' dir='ltr'><strong>c.</strong></span> <span class='ocrx_word' id='word_1_182' title='bbox 1754 2410 1905 2452; x_wconf 63' lang='grc' dir='ltr'><strong>ναι-ι’.</strong></span> <span class='ocrx_word' id='word_1_183' title='bbox 1933 2385 2071 2451; x_wconf 88' lang='lat' dir='ltr'><strong>lect.</strong></span> <span class='ocrx_word' id='word_1_184' title='bbox 2100 2386 2256 2469; x_wconf 78' lang='lat' dir='ltr'><strong>typis</strong></span> <span class='ocrx_word' id='word_1_185' title='bbox 2283 2384 2517 2466; x_wconf 80' lang='lat' dir='ltr'><strong>majori-</strong></span> 
     </span>
     <span class='ocr_line' id='line_1_22' title="bbox 336 2488 1286 2572; baseline 0.005 -24"><span class='ocrx_word' id='word_1_186' title='bbox 336 2488 450 2548; x_wconf 81' lang='lat' dir='ltr'><strong>bus</strong></span> <span class='ocrx_word' id='word_1_187' title='bbox 479 2488 672 2550; x_wconf 78' lang='lat' dir='ltr'><strong>Acad.</strong></span> <span class='ocrx_word' id='word_1_188' title='bbox 699 2489 802 2550; x_wconf 83' lang='lat' dir='ltr'><strong>sol.</strong></span> <span class='ocrx_word' id='word_1_189' title='bbox 830 2491 974 2552; x_wconf 86' lang='lat' dir='ltr'><strong>min..</strong></span> <span class='ocrx_word' id='word_1_190' title='bbox 997 2511 1048 2552; x_wconf 79' lang='lat' dir='ltr'><strong>s.</strong></span> <span class='ocrx_word' id='word_1_191' title='bbox 1080 2497 1122 2552; x_wconf 88' lang='grc'><strong>4</strong></span> <span class='ocrx_word' id='word_1_192' title='bbox 1147 2492 1286 2572; x_wconf 79' lang='lat' dir='ltr'><strong>maj.</strong></span> 
     </span>
    </p>

    <p class='ocr_par' dir='ltr' id='par_1_3' title="bbox 338 2577 2518 2743">
     <span class='ocr_line' id='line_1_23' title="bbox 415 2577 2518 2662; baseline -0.001 -19"><span class='ocrx_word' id='word_1_193' title='bbox 415 2617 502 2630; x_wconf 93' lang='lat'><strong>—-</strong></span> <span class='ocrx_word' id='word_1_194' title='bbox 547 2585 792 2649; x_wconf 82' lang='lat' dir='ltr'><strong>Amstel.</strong></span> <span class='ocrx_word' id='word_1_195' title='bbox 819 2607 892 2648; x_wconf 86' lang='lat' dir='ltr'><strong>ex</strong></span> <span class='ocrx_word' id='word_1_196' title='bbox 919 2607 1040 2651; x_wconf 88' lang='lat' dir='ltr'><strong>rec.</strong></span> <span class='ocrx_word' id='word_1_197' title='bbox 1059 2587 1306 2650; x_wconf 84' lang='lat' dir='ltr'><strong>Boecleri</strong></span> <span class='ocrx_word' id='word_1_198' title='bbox 1331 2609 1386 2649; x_wconf 88' lang='lat' dir='ltr'><strong>c.</strong></span> <span class='ocrx_word' id='word_1_199' title='bbox 1411 2587 1538 2650; x_wconf 89' lang='lat' dir='ltr'><strong>ind.</strong></span> <span class='ocrx_word' id='word_1_200' title='bbox 1559 2587 1997 2648; x_wconf 73' lang='lat' dir='ltr'><strong>absolutissimo</strong></span> <span class='ocrx_word' id='word_1_201' title='bbox 2024 2584 2203 2644; x_wconf 73' lang='lat' dir='ltr'><strong>Mart.</strong></span> <span class='ocrx_word' id='word_1_202' title='bbox 2234 2577 2518 2662; x_wconf 81' lang='lat' dir='ltr'><strong>Hugenii.</strong></span> 
     </span>
     <span class='ocr_line' id='line_1_24' title="bbox 338 2683 2277 2743; baseline 0.003 -2"><span class='ocrx_word' id='word_1_203' title='bbox 338 2683 437 2741; x_wconf 89' lang='grc'><strong>12.</strong></span> <span class='ocrx_word' id='word_1_204' title='bbox 1105 2734 1111 2743; x_wconf 79' lang='lat'><strong>.</strong></span> <span class='ocrx_word' id='word_1_205' title='bbox 2270 2683 2277 2690; x_wconf 78' lang='grc'><strong><em>’</em></strong></span> 
     </span>
    </p>

    <p class='ocr_par' dir='ltr' id='par_1_4' title="bbox 426 2779 1785 2843">
     <span class='ocr_line' id='line_1_25' title="bbox 426 2779 1785 2843; baseline 0.001 -3"><span class='ocrx_word' id='word_1_206' title='bbox 426 2781 581 2840; x_wconf 87' lang='grc'>1702</span> <span class='ocrx_word' id='word_1_207' title='bbox 625 2781 992 2843; x_wconf 76' lang='lat' dir='ltr'><strong>Minelliana.</strong></span> <span class='ocrx_word' id='word_1_208' title='bbox 1023 2779 1312 2842; x_wconf 84' lang='lat' dir='ltr'><strong>Roterod.</strong></span> <span class='ocrx_word' id='word_1_209' title='bbox 1341 2781 1437 2841; x_wconf 85' lang='lat'><strong>12.</strong></span> <span class='ocrx_word' id='word_1_210' title='bbox 1768 2803 1785 2811; x_wconf 80' lang='lat'>·</span> 
     </span>
    </p>

    <p class='ocr_par' dir='ltr' id='par_1_5' title="bbox 419 2871 2337 2950">
     <span class='ocr_line' id='line_1_26' title="bbox 419 2871 2337 2950; baseline -0.003 -14"><span class='ocrx_word' id='word_1_211' title='bbox 419 2908 502 2922; x_wconf 88' lang='lat'><strong>--</strong></span> <span class='ocrx_word' id='word_1_212' title='bbox 531 2895 590 2936; x_wconf 84' lang='lat' dir='ltr'><strong>c.</strong></span> <span class='ocrx_word' id='word_1_213' title='bbox 619 2897 680 2935; x_wconf 85' lang='grc' dir='ltr'><strong>ιι.</strong></span> <span class='ocrx_word' id='word_1_214' title='bbox 711 2876 789 2934; x_wconf 82' lang='lat' dir='ltr'><strong>ad</strong></span> <span class='ocrx_word' id='word_1_215' title='bbox 815 2877 1056 2938; x_wconf 82' lang='lat' dir='ltr'><strong>modum</strong></span> <span class='ocrx_word' id='word_1_216' title='bbox 1085 2877 1336 2938; x_wconf 86' lang='lat' dir='ltr'><strong>Minellii</strong></span> <span class='ocrx_word' id='word_1_217' title='bbox 1365 2895 1509 2936; x_wconf 75' lang='lat' dir='ltr'><strong>cura</strong></span> <span class='ocrx_word' id='word_1_218' title='bbox 1537 2876 1680 2936; x_wconf 84' lang='lat' dir='ltr'><strong>Chr.</strong></span> <span class='ocrx_word' id='word_1_219' title='bbox 1710 2873 2015 2936; x_wconf 84' lang='lat' dir='ltr'><strong>Junckeri.</strong></span> <span class='ocrx_word' id='word_1_220' title='bbox 2048 2871 2205 2950; x_wconf 78' lang='lat' dir='ltr'><strong>Lips.</strong></span> <span class='ocrx_word' id='word_1_221' title='bbox 2242 2873 2337 2930; x_wconf 84' lang='grc'><strong>12.</strong></span> 
     </span>
    </p>

    <p class='ocr_par' dir='ltr' id='par_1_6' title="bbox 423 2971 1070 3052">
     <span class='ocr_line' id='line_1_27' title="bbox 423 2971 1070 3052; baseline 0.002 -21"><span class='ocrx_word' id='word_1_222' title='bbox 423 2973 584 3031; x_wconf 89' lang='grc'>1703</span> <span class='ocrx_word' id='word_1_223' title='bbox 627 2971 986 3052; x_wconf 81' lang='lat' dir='ltr'><strong>Rothomag.</strong></span> <span class='ocrx_word' id='word_1_224' title='bbox 1011 2975 1070 3032; x_wconf 92' lang='lat'><strong>8.</strong></span> 
     </span>
    </p>

    <p class='ocr_par' dir='ltr' id='par_1_7' title="bbox 425 3066 1504 3149">
     <span class='ocr_line' id='line_1_28' title="bbox 425 3066 1504 3149; baseline 0.001 -23"><span class='ocrx_word' id='word_1_225' title='bbox 425 3068 586 3126; x_wconf 87' lang='grc'>1709</span> <span class='ocrx_word' id='word_1_226' title='bbox 614 3066 878 3132; x_wconf 83' lang='lat' dir='ltr'><strong>Londin.</strong></span> <span class='ocrx_word' id='word_1_227' title='bbox 907 3067 966 3128; x_wconf 87' lang='lat' dir='ltr'><strong>in</strong></span> <span class='ocrx_word' id='word_1_228' title='bbox 993 3089 1168 3129; x_wconf 83' lang='lat' dir='ltr'><strong>usum</strong></span> <span class='ocrx_word' id='word_1_229' title='bbox 1198 3069 1414 3149; x_wconf 89' lang='lat' dir='ltr'><strong>Delph.</strong></span> <span class='ocrx_word' id='word_1_230' title='bbox 1445 3071 1504 3128; x_wconf 88' lang='grc'><strong>8.</strong></span> 
     </span>
    </p>

    <p class='ocr_par' dir='ltr' id='par_1_8' title="bbox 345 3158 2525 3344">
     <span class='ocr_line' id='line_1_29' title="bbox 429 3158 2525 3270; baseline 0 -49"><span class='ocrx_word' id='word_1_231' title='bbox 429 3163 586 3222; x_wconf 89' lang='grc'>1710</span> <span class='ocrx_word' id='word_1_232' title='bbox 628 3163 881 3224; x_wconf 80' lang='lat' dir='ltr'><strong>Amstel.</strong></span> <span class='ocrx_word' id='word_1_233' title='bbox 927 3185 979 3226; x_wconf 92' lang='lat' dir='ltr'><strong>c.</strong></span> <span class='ocrx_word' id='word_1_234' title='bbox 1013 3166 1138 3225; x_wconf 87' lang='lat' dir='ltr'><strong>ind.</strong></span> <span class='ocrx_word' id='word_1_235' title='bbox 1178 3165 1267 3226; x_wconf 87' lang='lat' dir='ltr'><strong>M.</strong></span> <span class='ocrx_word' id='word_1_236' title='bbox 1315 3165 1578 3246; x_wconf 84' lang='lat' dir='ltr'><strong>Hugenii</strong></span> <span class='ocrx_word' id='word_1_237' title='bbox 1623 3175 1686 3225; x_wconf 90' lang='lat' dir='ltr'><strong>et</strong></span> <span class='ocrx_word' id='word_1_238' title='bbox 1728 3162 2053 3224; x_wconf 80' lang='lat' dir='ltr'><strong>imitatione</strong></span> <span class='ocrx_word' id='word_1_239' title='bbox 2084 3158 2378 3231; x_wconf 78' lang='lat' dir='ltr'><strong>Plautina,</strong></span> <span class='ocrx_word' id='word_1_240' title='bbox 2421 3177 2525 3270; x_wconf 80' lang='lat' dir='ltr'><strong>cu·-</strong></span> 
     </span>
     <span class='ocr_line' id='line_1_30' title="bbox 345 3257 1691 3344; baseline 0.002 -26"><span class='ocrx_word' id='word_1_241' title='bbox 345 3266 514 3319; x_wconf 82' lang='lat' dir='ltr'><strong>rante</strong></span> <span class='ocrx_word' id='word_1_242' title='bbox 541 3259 627 3318; x_wconf 91' lang='lat' dir='ltr'><strong>M.</strong></span> <span class='ocrx_word' id='word_1_243' title='bbox 655 3257 935 3339; x_wconf 78' lang='lat' dir='ltr'><strong>Hugenio</strong></span> <span class='ocrx_word' id='word_1_244' title='bbox 962 3263 1045 3322; x_wconf 81' lang='lat' dir='ltr'><strong>fil.</strong></span> <span class='ocrx_word' id='word_1_245' title='bbox 1080 3265 1172 3323; x_wconf 87' lang='grc'><strong>12.</strong></span> <span class='ocrx_word' id='word_1_246' title='bbox 1205 3263 1402 3324; x_wconf 85' lang='lat' dir='ltr'><strong>Editio</strong></span> <span class='ocrx_word' id='word_1_247' title='bbox 1427 3263 1691 3344; x_wconf 78' lang='lat' dir='ltr'><strong>elegans.</strong></span> 
     </span>
    </p>

    <p class='ocr_par' dir='ltr' id='par_1_9' title="bbox 435 3356 1510 3424">
     <span class='ocr_line' id='line_1_31' title="bbox 435 3356 1510 3424; baseline 0.01 -12"><span class='ocrx_word' id='word_1_248' title='bbox 435 3356 582 3414; x_wconf 88' lang='grc'>1711</span> <span class='ocrx_word' id='word_1_249' title='bbox 627 3357 874 3424; x_wconf 80' lang='lat' dir='ltr'><strong>Amstel.</strong></span> <span class='ocrx_word' id='word_1_250' title='bbox 901 3377 934 3418; x_wconf 90' lang='lat' dir='ltr'><strong>e</strong></span> <span class='ocrx_word' id='word_1_251' title='bbox 961 3360 1510 3422; x_wconf 79' lang='lat' dir='ltr'><strong>rec.Heinsii.12.</strong></span> 
     </span>
    </p>

    <p class='ocr_par' dir='ltr' id='par_1_10' title="bbox 427 3451 1282 3532">
     <span class='ocr_line' id='line_1_32' title="bbox 427 3451 1282 3532; baseline 0.007 -21"><span class='ocrx_word' id='word_1_252' title='bbox 427 3483 512 3496; x_wconf 90' lang='lat'><strong>--</strong></span> <span class='ocrx_word' id='word_1_253' title='bbox 553 3451 706 3532; x_wconf 80' lang='lat' dir='ltr'><strong>Lips.</strong></span> <span class='ocrx_word' id='word_1_254' title='bbox 746 3455 837 3516; x_wconf 80' lang='grc'><strong>12.</strong></span> <span class='ocrx_word' id='word_1_255' title='bbox 864 3474 1037 3516; x_wconf 88' lang='lat' dir='ltr'><strong>erec.</strong></span> <span class='ocrx_word' id='word_1_256' title='bbox 1073 3455 1282 3518; x_wconf 77' lang='lat' dir='ltr'><strong>Heius.</strong></span> 
     </span>
    </p>

    <p class='ocr_par' dir='ltr' id='par_1_11' title="bbox 429 3547 2508 3634">
     <span class='ocr_line' id='line_1_33' title="bbox 429 3547 2508 3634; baseline 0 -26"><span class='ocrx_word' id='word_1_257' title='bbox 429 3581 513 3614; x_wconf 87' lang='grc'><strong>-,-</strong></span> <span class='ocrx_word' id='word_1_258' title='bbox 554 3548 912 3632; x_wconf 81' lang='lat' dir='ltr'><strong>Rothomag.</strong></span> <span class='ocrx_word' id='word_1_259' title='bbox 938 3563 1299 3634; x_wconf 78' lang='lat' dir='ltr'><strong>expurgatus</strong></span> <span class='ocrx_word' id='word_1_260' title='bbox 1327 3565 1388 3615; x_wconf 92' lang='lat' dir='ltr'><strong>et</strong></span> <span class='ocrx_word' id='word_1_261' title='bbox 1413 3553 1741 3614; x_wconf 79' lang='lat' dir='ltr'><strong>illustratus</strong></span> <span class='ocrx_word' id='word_1_262' title='bbox 1766 3551 1927 3612; x_wconf 81' lang='lat' dir='ltr'><strong>notis</strong></span> <span class='ocrx_word' id='word_1_263' title='bbox 1954 3550 2085 3612; x_wconf 74' lang='lat' dir='ltr'><strong>JOS.</strong></span> <span class='ocrx_word' id='word_1_264' title='bbox 2112 3547 2383 3616; x_wconf 79' lang='lat' dir='ltr'><strong>Juvencii</strong></span> <span class='ocrx_word' id='word_1_265' title='bbox 2412 3549 2508 3609; x_wconf 84' lang='lat'><strong>12.</strong></span> 
     </span>
    </p>

    <p class='ocr_par' dir='ltr' id='par_1_12' title="bbox 428 3643 1943 3731">
     <span class='ocr_line' id='line_1_34' title="bbox 428 3643 1943 3731; baseline 0.001 -26"><span class='ocrx_word' id='word_1_266' title='bbox 428 3679 510 3690; x_wconf 93' lang='lat'>-</span> <span class='ocrx_word' id='word_1_267' title='bbox 549 3643 878 3728; x_wconf 80' lang='lat' dir='ltr'><strong>Hamburg.</strong></span> <span class='ocrx_word' id='word_1_268' title='bbox 909 3669 964 3710; x_wconf 90' lang='lat' dir='ltr'><strong>c.</strong></span> <span class='ocrx_word' id='word_1_269' title='bbox 993 3649 1232 3731; x_wconf 86' lang='lat' dir='ltr'><strong>interpr.</strong></span> <span class='ocrx_word' id='word_1_270' title='bbox 1261 3651 1458 3712; x_wconf 85' lang='lat' dir='ltr'><strong>Germ.</strong></span> <span class='ocrx_word' id='word_1_271' title='bbox 1490 3649 1854 3711; x_wconf 70' lang='lat' dir='ltr'><strong>Hert-nuccii.</strong></span> <span class='ocrx_word' id='word_1_272' title='bbox 1882 3650 1943 3707; x_wconf 90' lang='lat'><strong>8.</strong></span> 
     </span>
    </p>

    <p class='ocr_par' dir='ltr' id='par_1_13' title="bbox 437 3734 1014 3807">
     <span class='ocr_line' id='line_1_35' title="bbox 437 3734 1014 3807; baseline 0.013 -8"><span class='ocrx_word' id='word_1_273' title='bbox 437 3743 591 3803; x_wconf 84' lang='lat'><strong>1714</strong></span> <span class='ocrx_word' id='word_1_274' title='bbox 631 3734 1014 3812; x_wconf 73' lang='lat' dir='ltr'><strong>Amste1.24.</strong></span> 
     </span>
    </p>

    <p class='ocr_par' dir='ltr' id='par_1_14' title="bbox 442 3835 2265 3918">
     <span class='ocr_line' id='line_1_36' title="bbox 442 3835 2265 3918; baseline -0.003 -20"><span class='ocrx_word' id='word_1_275' title='bbox 442 3840 598 3900; x_wconf 89' lang='grc'>1715</span> <span class='ocrx_word' id='word_1_276' title='bbox 640 3841 894 3905; x_wconf 82' lang='lat' dir='ltr'><strong>Londin.</strong></span> <span class='ocrx_word' id='word_1_277' title='bbox 919 3860 1062 3904; x_wconf 79' lang='lat' dir='ltr'><strong>cura</strong></span> <span class='ocrx_word' id='word_1_278' title='bbox 1081 3844 1270 3908; x_wconf 79' lang='lat' dir='ltr'><strong>Mich.</strong></span> <span class='ocrx_word' id='word_1_279' title='bbox 1299 3843 1597 3906; x_wconf 79' lang='lat' dir='ltr'><strong>Maittaire</strong></span> <span class='ocrx_word' id='word_1_280' title='bbox 1619 3865 1676 3906; x_wconf 87' lang='lat' dir='ltr'><strong>c.</strong></span> <span class='ocrx_word' id='word_1_281' title='bbox 1702 3842 1827 3905; x_wconf 85' lang='lat' dir='ltr'><strong>ind.</strong></span> <span class='ocrx_word' id='word_1_282' title='bbox 1858 3835 2117 3918; x_wconf 83' lang='lat' dir='ltr'><strong>Hugenii</strong></span> <span class='ocrx_word' id='word_1_283' title='bbox 2169 3838 2265 3895; x_wconf 90' lang='grc'><strong>12.</strong></span> 
     </span>
    </p>

    <p class='ocr_par' dir='ltr' id='par_1_15' title="bbox 440 3937 2017 4021">
     <span class='ocr_line' id='line_1_37' title="bbox 440 3937 2017 4021; baseline 0 -27"><span class='ocrx_word' id='word_1_284' title='bbox 440 3937 596 3995; x_wconf 88' lang='grc'>1716</span> <span class='ocrx_word' id='word_1_285' title='bbox 635 3937 824 3998; x_wconf 81' lang='lat' dir='ltr'><strong>Paris.</strong></span> <span class='ocrx_word' id='word_1_286' title='bbox 855 3957 909 3998; x_wconf 90' lang='lat' dir='ltr'><strong>c.</strong></span> <span class='ocrx_word' id='word_1_287' title='bbox 940 3939 1370 4004; x_wconf 62' lang='lat' dir='ltr'><strong>Jos..1uvencii</strong></span> <span class='ocrx_word' id='word_1_288' title='bbox 1393 3941 1635 4021; x_wconf 84' lang='lat' dir='ltr'><strong>interpr.</strong></span> <span class='ocrx_word' id='word_1_289' title='bbox 1664 3959 1749 4000; x_wconf 79' lang='lat' dir='ltr'><strong>ac</strong></span> <span class='ocrx_word' id='word_1_290' title='bbox 1758 3937 1937 3998; x_wconf 86' lang='lat' dir='ltr'><strong>notis.</strong></span> <span class='ocrx_word' id='word_1_291' title='bbox 1964 3938 2017 3998; x_wconf 90' lang='lat'><strong>8.</strong></span> 
     </span>
    </p>

    <p class='ocr_par' dir='ltr' id='par_1_16' title="bbox 393 4032 2061 4112">
     <span class='ocr_line' id='line_1_38' title="bbox 393 4032 2061 4112; baseline 0 -22"><span class='ocrx_word' id='word_1_292' title='bbox 393 4071 400 4079; x_wconf 75' lang='lat'>-</span> <span class='ocrx_word' id='word_1_293' title='bbox 443 4032 594 4091; x_wconf 86' lang='grc'>1717</span> <span class='ocrx_word' id='word_1_294' title='bbox 641 4034 798 4112; x_wconf 82' lang='lat' dir='ltr'><strong>Aug.</strong></span> <span class='ocrx_word' id='word_1_295' title='bbox 829 4033 1012 4096; x_wconf 86' lang='lat' dir='ltr'><strong>Vind.</strong></span> <span class='ocrx_word' id='word_1_296' title='bbox 1043 4055 1094 4098; x_wconf 81' lang='lat' dir='ltr'><strong>o.</strong></span> <span class='ocrx_word' id='word_1_297' title='bbox 1113 4057 1174 4098; x_wconf 89' lang='lat' dir='ltr'><strong>n.</strong></span> <span class='ocrx_word' id='word_1_298' title='bbox 1200 4038 1400 4098; x_wconf 85' lang='lat' dir='ltr'><strong>Germ.</strong></span> <span class='ocrx_word' id='word_1_299' title='bbox 1429 4039 1639 4102; x_wconf 79' lang='lat' dir='ltr'><strong>Eman.</strong></span> <span class='ocrx_word' id='word_1_300' title='bbox 1670 4033 1917 4097; x_wconf 72' lang='lat' dir='ltr'><strong>sinceri.</strong></span> <span class='ocrx_word' id='word_1_301' title='bbox 1948 4037 2007 4093; x_wconf 90' lang='lat'><strong>8.</strong></span> <span class='ocrx_word' id='word_1_302' title='bbox 2054 4081 2061 4090; x_wconf 91' lang='lat'><strong>.</strong></span> 
     </span>
    </p>

    <p class='ocr_par' dir='ltr' id='par_1_17' title="bbox 360 4128 2525 4314">
     <span class='ocr_line' id='line_1_39' title="bbox 370 4128 2525 4210; baseline 0.001 -24"><span class='ocrx_word' id='word_1_303' title='bbox 370 4161 378 4166; x_wconf 98' lang='lat'><em>-</em></span> <span class='ocrx_word' id='word_1_304' title='bbox 431 4161 516 4186; x_wconf 84' lang='lat'><strong>.—</strong></span> <span class='ocrx_word' id='word_1_305' title='bbox 557 4128 842 4192; x_wconf 86' lang='lat' dir='ltr'><strong>Roterod.</strong></span> <span class='ocrx_word' id='word_1_306' title='bbox 885 4151 941 4192; x_wconf 85' lang='lat' dir='ltr'><strong>c.</strong></span> <span class='ocrx_word' id='word_1_307' title='bbox 965 4151 1122 4193; x_wconf 79' lang='lat' dir='ltr'><strong>vers.</strong></span> <span class='ocrx_word' id='word_1_308' title='bbox 1147 4143 1210 4196; x_wconf 88' lang='lat' dir='ltr'><strong>et</strong></span> <span class='ocrx_word' id='word_1_309' title='bbox 1234 4135 1390 4196; x_wconf 83' lang='lat' dir='ltr'><strong>notis</strong></span> <span class='ocrx_word' id='word_1_310' title='bbox 1420 4133 1731 4207; x_wconf 77' lang='lat' dir='ltr'><strong>Dacieriae,</strong></span> <span class='ocrx_word' id='word_1_311' title='bbox 1758 4129 1981 4194; x_wconf 77' lang='lat' dir='ltr'><strong>additis</strong></span> <span class='ocrx_word' id='word_1_312' title='bbox 2006 4128 2273 4210; x_wconf 82' lang='lat' dir='ltr'><strong>iconibus</strong></span> <span class='ocrx_word' id='word_1_313' title='bbox 2301 4145 2373 4188; x_wconf 82' lang='lat' dir='ltr'><strong>ex</strong></span> <span class='ocrx_word' id='word_1_314' title='bbox 2402 4133 2525 4189; x_wconf 79' lang='lat' dir='ltr'><strong>ant.</strong></span> 
     </span>
     <span class='ocr_line' id='line_1_40' title="bbox 360 4225 1161 4314; baseline 0 -22"><span class='ocrx_word' id='word_1_315' title='bbox 360 4225 665 4314; x_wconf 39' lang='lat' dir='ltr'><strong>unnim.</strong></span> <span class='ocrx_word' id='word_1_316' title='bbox 693 4246 814 4308; x_wconf 71' lang='lat' dir='ltr'><strong>reg.</strong></span> <span class='ocrx_word' id='word_1_317' title='bbox 845 4231 880 4288; x_wconf 91' lang='lat'><strong>3</strong></span> <span class='ocrx_word' id='word_1_318' title='bbox 910 4228 1071 4312; x_wconf 69' lang='lat' dir='ltr'><strong>Voli.</strong></span> <span class='ocrx_word' id='word_1_319' title='bbox 1103 4233 1161 4293; x_wconf 89' lang='lat'><strong>8.</strong></span> 
     </span>
    </p>
   </div>
  </div>
 </body>
</html>
