3192 4975
607 406 780 477 1602

609 567 686 615 ire
712 578 881 630 posse.
914 567 1062 615 Idem.

679 643 826 692 Tenui
847 658 946 691 esse
967 640 1197 701 oratione,
1218 643 1266 689 et
1285 639 1523 701 scriptum
1545 638 1661 700 levi]

610 718 748 767 Vide
793 718 851 767 C.
888 717 1014 768 Julii
1051 716 1269 765 Coesaris
1307 716 1373 763 de
1413 714 1662 761 Terentio

599 793 872 856 judicium,
887 793 1025 841 iuter
1046 789 1345 839 testimonia
1365 789 1512 838 initio
1531 804 1663 851 prm-

609 868 730 917 fixa.
764 866 892 917 Meri
913 867 1226 916 casaubonus.

672 947 705 992 6
760 942 882 999 Quia
931 956 1159 1005 nusquam
1209 940 1423 989 imnum
1474 937 1665 1000 scn‘psit

609 1018 1018 1082 adolescentulum]
1064 1018 1194 1067 Ideo
1229 1015 1464 1067 videmur
1505 1015 1666 1075 leves,

611 1103 913 1159 tenuesque,
931 1094 1117 1158 inquit,
1141 1092 1264 1157 quia
1285 1106 1386 1141 non
1409 1092 1460 1140 in
1478 1104 1664 1139 comoe-

607 1170 693 1219 dia
714 1171 951 1234 prodigia
969 1169 1108 1220 facta
1129 1174 1269 1229 sunt,
1301 1175 1359 1216 et
1382 1166 1663 1231 tragoedias

609 1246 997 1297 concitavimus.
1082 1245 1154 1293 Et
1195 1241 1382 1293 callide
1431 1242 1518 1291 bic
1559 1254 1662 1292 non

607 1323 769 1371 solum
813 1334 1042 1370 errorem
1081 1317 1528 1381 reprehendentis,
1569 1314 1662 1365 sed

608 1396 766 1445 etiam
801 1396 1044 1458 imperite
1081 1392 1350 1455 scripsisse
1372 1392 1539 1455 ipsum
1583 1406 1666 1439 os·

611 1471 774 1520 tendit
799 1469 1038 1518 Luscium
1060 1468 1344 1518 Lavinium.
1378 1468 1614 1516 Donatus.

673 1546 904 1608 Scripsit]
934 1545 1152 1607 Legitur
1174 1548 1228 1591 et
1251 1542 1393 1601 serit.
1425 1542 1595 1591 Idem.

671 1618 1103 1680 Adolescentuzum]
1137 1618 1214 1667 Ut
1258 1617 1509 1665 comicam
1543 1630 1662 1677 per-

605 1708 778 1743 sonam
821 1694 1148 1752 ostenderet,
1184 1691 1458 1741 artificiose
1500 1690 1664 1738 immi-

608 1771 720 1819 nuit
757 1771 1164 1831 adolescentulum,
1195 1782 1297 1830 quo
1341 1766 1504 1829 magis
1545 1778 1665 1826 per·

609 1860 736 1894 sona
753 1861 782 1894 a
800 1846 1113 1895 sublimitate
1133 1842 1334 1905 tragica
1351 1838 1663 1891 discederet.

677 1994 806 2049 Quia
834 2009 1058 2057 nusquam
1088 1993 1305 2041 imnum
1332 1990 1520 2052 scripsit
1550 1991 1662 2037 ado-

607 2072 717 2119 lesc.
754 2070 862 2133 qua]
897 2069 1110 2120 Cautius
1149 2068 1354 2117 omnino
1381 2080 1534 2128 agere
1569 2066 1661 2114 de-

607 2144 850 2207 buerunt,
884 2144 973 2208 qui
1009 2144 1374 2193 auctoritatem
1408 2141 1579 2202 magni
1602 2140 1662 2187 il-

607 2218 708 2267 lius
739 2219 968 2267 Turnebi
1001 2218 1190 2278 secuti,
1223 2230 1320 2265 nec
1354 2215 1422 2263 de
1458 2230 1515 2262 re
1549 2220 1665 2263 tota

607 2294 735 2341 satis
775 2294 1082 2356 cogitantes,
1114 2292 1212 2341 hoc
1244 2297 1446 2339 tantum
1480 2304 1663 2338 secure

607 2367 961 2423 crediderunt,
1001 2366 1139 2431 quod
1176 2367 1222 2415 is
1259 2379 1325 2414 ex
1359 2367 1570 2413 Donato
1608 2364 1663 2412 in

605 2440 742 2490 Eun.
768 2449 1038 2498 sumserat,
1059 2454 1243 2491 cervam
1263 2440 1347 2489 hic
1368 2438 1663 2503 significare

608 2517 842 2577 amicam,
866 2531 1017 2580 quam
1043 2515 1191 2566 multi
1213 2516 1503 2578 depereant
1525 2529 1665 2563 ama·

605 2593 768 2642 iores.
837 2593 938 2642 Qui
982 2591 1226 2654 attendit,
1269 2590 1392 2654 quid
1437 2589 1664 2652 dicatur,

603 2681 708 2715 non
731 2668 936 2716 dubitat
957 2668 1194 2716 Luscium
1225 2666 1278 2714 in
1301 2680 1363 2714 eo
1387 2665 1665 2728 reprehen-

605 2743 660 2790 di
681 2759 694 2790 ε
722 2742 855 2806 quod
881 2741 1165 2792 introduxit
1185 2743 1238 2788 in
1257 2739 1523 2790 Comoedia
1544 2739 1667 2788 ado·

605 2818 944 2868 lescentulum
973 2816 1243 2878 μαινόμενον
1264 2815 1374 2864 sive
1397 2816 1627 2863 insanum
1647 2831 1663 2875 ;

607 2893 696 2956 qui
737 2897 944 2954 putaret
977 2892 1210 2956 adeoque
1247 2891 1466 2950 diceret,
1501 2903 1556 2938 se
1589 2891 1665 2938 vi-

605 2967 733 3016 dere
762 2981 966 3016 cervam
987 2965 1271 3029 fugientem
1292 2964 1665 3014 insectantibus
1727 2985 1733 2988 ·

607 3041 842 3104 canibus,
863 3041 1072 3106 ipsique
1089 3055 1204 3090 cum
1227 3040 1452 3089 lacrimis
1471 3041 1667 3102 suppli-

605 3122 832 3172 cantem,
869 3124 929 3165 ut
966 3116 1266 3165 subveniret
1306 3115 1421 3164 sibi.
1489 3115 1665 3164 Insani

602 3197 664 3238 et
700 3189 934 3239 furentes
982 3195 1168 3252 putant
1210 3202 1265 3237 se
1294 3189 1492 3251 videre,
1523 3190 1661 3253 quod

602 3279 710 3316 >non
749 3264 960 3313 vident:
993 3263 1182 3312 Οἵονται
1209 3262 1324 3311 ἰδεῖν
1347 3263 1412 3312 τὰ
1435 3263 1501 3324 μὴ
1534 3265 1662 3312 ὄντα·

605 3342 743 3390 sicut
765 3341 847 3389 vel
869 3356 934 3389 ex
964 3340 1124 3404 Ajace
1147 3339 1416 3403 Sophoclis
1445 3339 1666 3402 cog'nos-

607 3430 730 3464 cas:
766 3416 1000 3479 adeoque
1038 3414 1204 3476 μανίας
1239 3413 1413 3477 ἔποχον
1453 3414 1668 3476 ῥίπτουσι

605 3488 769 3549 λόγον,
805 3488 942 3538 sicut
963 3490 1099 3553 apud
1123 3490 1422 3554 Euripidem
1447 3491 1501 3537 in
1527 3489 1664 3552 Hip-

603 3566 788 3627 polyto
822 3565 1064 3614 Phaedra.
1095 3566 1148 3614 in
1192 3567 1378 3630 quibus
1419 3563 1667 3626 μανιῶδεσι

605 3638 785 3699 λόγοις,
824 3648 1225 3689 consentaneum
1260 3647 1341 3689 est
1372 3640 1436 3689 τὰ
1465 3641 1554 3687 τοῦ
1575 3637 1665 3687 τά·

609 3719 717 3765 θονς
753 3713 1054 3766 αἰνίττεσθαι.
1096 3717 1235 3767 sicut
1271 3717 1511 3779 exempla
1552 3717 1664 3764 lau·

609 3790 735 3840 data
793 3792 1097 3842 ostendunt.
1179 3793 1318 3858 Ajax
1373 3792 1510 3840 enim
1570 3792 1665 3841 irae

609 3880 718 3914 suae
749 3876 1109 3928 argumentum
1151 3866 1443 3930 διαστρόφοις
1486 3865 1665 3929 ὀφθαλ-

607 3942 711 4002 μοῖς
753 3941 1019 3992 intuetur:
1066 3942 1290 3990 Phaedra
1347 3941 1535 3991 amoris
1585 3943 1667 3992 sui

607 4013 798 4077 figuras
866 4017 1113 4080 loquitur,
1182 4015 1478 4077 insanisque
1549 4029 1665 4064 ver-

607 4089 688 4138 bis
746 4088 810 4138 τὰ
868 4092 954 4138 τοῦ
1003 4088 1170 4154 ἔρωτος
1224 4087 1496 4139 αἰνίττεται.
1578 4091 1666 4140 Ita

609 4162 746 4224 apud
787 4163 1026 4213 Luscium
1087 4164 1176 4212 ille
1229 4163 1668 4229 adolescentulus,

609 4249 720 4300 proe
743 4237 898 4286 nimio
922 4237 1180 4287 desiderio
1211 4237 1409 4301 amicas,
1431 4241 1666 4302 potuerit

1319 420 1532 469 No'rAE
1577 418 1980 471 VAmoRUM
2028 420 2109 470 lu

1738 561 1805 611 de
1848 575 1985 611 sanae
2028 560 2216 611 mentis
2257 564 2400 609 statu
2443 562 2693 625 emereri,
2736 570 2793 613 et

1736 638 1917 687 morbo
1951 639 2087 687 intra
2110 638 2402 701 praecordia
2424 640 2695 709 saviente,
2718 642 2794 691 vi-

1736 713 1864 763 dere
1884 727 1998 775 quae
2022 726 2123 761 uon
2148 712 2381 773 videbat,
2402 712 2571 776 deque
2593 715 2656 762 iis
2676 729 2794 764 ver-

1736 788 1801 838 ba
1837 790 2037 851 jacere.
2092 787 2276 852 quibus
2320 788 2527 837 interim
2570 790 2794 839 voluerit

1734 864 1906 914 Poeta
1926 877 2133 913 causam
2157 863 2366 911 insaniae
2390 870 2447 913 et
2470 864 2631 914 morbi
2654 864 2796 913 αἰνίτ·

1732 944 1911 989 τεσθαι.
1978 937 2097 987 Sive
2121 942 2292 986 autem
2316 939 2589 986 continuus
2612 938 2691 987 hic
2715 938 2794 988 fu-

1737 1028 1825 1063 ror
1867 1014 1966 1074 sit;
2018 1018 2076 1061 ut
2123 1010 2317 1075 Ajacis,
2366 1024 2518 1076 quem
2560 1012 2797 1071 θεήλατον

1735 1088 1906 1138 Poeta
1926 1086 2083 1149 feeit3
2116 1088 2223 1136 sive
2248 1088 2572 1138 vehementia
2596 1097 2797 1152 pertur-

1735 1163 1956 1213 bationis
1995 1162 2059 1211 ad
2107 1176 2371 1211 sermones
2414 1178 2593 1226 parum
2638 1178 2792 1215 sanos

1738 1243 1951 1287 evectus
1988 1237 2308 1299 refringitur,
2353 1243 2413 1286 nt
2455 1239 2511 1286 in
2553 1238 2799 1300 Phaedra,

1737 1328 1851 1377 quae
1890 1311 2037 1361 πάλιν
2076 1314 2359 1361 καταστᾶσα
2392 1314 2481 1369 τῆς
2514 1312 2680 1373 μανίας
2715 1313 2797 1361 καὶ

1739 1387 1921 1452 ἔμφρων
1937 1387 2169 1450 ’γενομένη
2190 1387 2461 1437 αἰσθάνεται
2493 1388 2663 1447 ἑαυτὴν
2702 1406 2794 1437 πα-

1736 1464 2051 1529 ρατρέψασαν,
2085 1464 2163 1513 καὶ
2194 1464 2396 1525 μανιώδη
2432 1462 2794 1525 &mmmm

1738 1542 1983 1606 quicquid
2054 1542 2262 1604 inquam
2324 1541 2503 1589 horum
2554 1542 2801 1590 sumserit

1737 1618 1973 1676 Luscius,
1997 1630 2097 1665 non
2113 1617 2219 1678 jam
2243 1616 2494 1665 comicum
2518 1615 2610 1662 sed
2635 1616 2796 1677 tragi-

1738 1706 1857 1741 cum
1898 1690 2045 1740 πάθος
2087 1692 2138 1738 in
2190 1705 2395 1739 scenam
2442 1689 2633 1738 attulit.
2676 1704 2795 1739 nam

1738 1768 1939 1829 κωμικὴν
1960 1767 2175 1816 ὑπόθεσιν
2196 1768 2427 1827 excedit,
2466 1766 2547 1815 vel
2586 1781 2683 1828 per
2720 1768 2796 1815 in-

1739 1845 1975 1905 tervalla,
2012 1845 2094 1891 vel
2120 1844 2213 1905 per
2248 1845 2456 1903 συνεχῆν
2491 1842 2797 1905 ἐκφροσύνην,

1739 1920 1900 1968 verba
1944 1918 2225 1966 furentium
2280 1918 2435 1981 loqui.
2518 1918 2641 1967 Hoc
2697 1925 2797 1978 est,

1739 1994 1875 2055 quod
1898 1993 2167 2041 Terentius
2191 1993 2241 2039 in
2262 1990 2449 2041 Luscio
2470 1992 2673 2041 notavit
2694 2009 2707 2039 2
2742 2002 2799 2042 et

1737 2070 1790 2118 in
1813 2084 1911 2133 quo
1932 2068 2017 2117 τὸν
2037 2067 2237 2129 κωμικὸν
2250 2066 2567 2131 ἔκωμῷδησεν.
2591 2068 2794 2117 Boecler.

1803 2144 2010 2207 Scripsit
2030 2142 2445 2205 adolescentulum]
2464 2145 2591 2194 Quae
2613 2150 2797 2206 tragoe·

1738 2220 1839 2269 diae
1881 2221 2105 2282 aptiora,
2149 2233 2301 2283 qnam
2346 2218 2626 2267 comoediae.
2668 2218 2797 2266 Mer.

1742 2286 2057 2343 ‘Cambonum

1790 2370 1821 2417 7
1843 2369 2043 2418 Cervam
2062 2368 2224 2418 videre
2231 2368 2429 2431 fugere,
2443 2368 2616 2416 secturi
2632 2365 2795 2429 canes]

1737 2444 1842 2495 Hic
1865 2442 2082 2494 affectus
2104 2459 2136 2493 a
2159 2443 2424 2494 comoediis
2454 2440 2798 2491 removendus

1737 2527 1837 2570 est.
1873 2521 2109 2569 Donatus.
2400 2529 2409 2536 ·

1808 2595 2010 2644 Cervam
2036 2595 2195 2643 videre
2216 2592 2410 2655 fugere,
2439 2594 2615 2642 sectari
2632 2593 2795 2656 canes]

1740 2669 2068 2733 Ambignitas
2102 2684 2199 2731 per
2229 2670 2578 2727 accusativum
2603 2683 2797 2724 casum,

1741 2735 2075 2807 perseverans
2098 2759 2255 2808 usque
2283 2744 2348 2792 ad
2373 2745 2608 2792 ultimum
2629 2745 2695 2791 de
2719 2745 2798 2792 in·

1740 2820 1955 2878 dustria,
2002 2827 2064 2870 ut
2116 2818 2276 2868 etiam
2320 2819 2433 2882 ipsa
2472 2817 2797 2883 perplexitas

1740 2890 1919 2943 odiosa
1940 2895 2025 2943 sit.
2060 2892 2215 2942 Idem.

1812 2968 2009 3030 Videre]
2041 2967 2176 3030 Imo,
2206 2967 2377 3016 videri.
2442 2967 2579 3016 Nam
2614 2969 2799 3031 procul

1740 3043 1901 3093 dubio
1924 3046 1998 3092 ita
2020 3044 2275 3106 scriptum
2298 3041 2507 3104 reliquit
2522 3042 2761 3092 Comicus
2780 3059 2808 3092 :-

1740 3119 1875 3181 quod
1900 3119 2114 3167 verbum
2152 3116 2314 3178 magis
2350 3122 2527 3177 aptum
2555 3129 2793 3178 personae

1738 3191 2032 3252 insanienti,
2084 3191 2151 3238 de
2193 3203 2297 3252 qua
2339 3188 2622 3250 intelligit3
2674 3192 2797 3252 quia

1736 3265 1909 3325 videri,
1938 3264 1993 3312 id
2016 3271 2118 3325 est,
2147 3261 2204 3310 τὸ
2231 3265 2401 3320 δοκεῖν,
2424 3262 2502 3313 καὶ
2532 3263 2796 3326 φαντάζεσ.

1736 3343 1826 3400 θαι,
1876 3343 2026 3402 longe
2070 3339 2509 3388 accommodatius
2570 3341 2795 3390 turbatae

1738 3415 1918 3476 menti,
1934 3427 2085 3478 quam
2108 3412 2167 3461 τὸ
2186 3414 2314 3478 δρᾷν.
2382 3415 2519 3464 Nam
2542 3412 2795 3477 ejusmodi

1736 3488 1965 3537 homines
1989 3495 2179 3551 putant
2215 3504 2272 3538 se
2314 3488 2493 3538 videre
2524 3489 2659 3551 qnod
2692 3503 2794 3539 non

1736 3563 1946 3612 vident:
1979 3573 2034 3612 et
2072 3565 2171 3613 boe
2213 3570 2300 3613 est
2336 3565 2505 3614 δοκεῖν.
2572 3564 2705 3612 Scal.
2741 3565 2795 3612 in

1739 3637 1909 3689 Catul.
1942 3639 2071 3689 Mer.
2098 3641 2415 3689 Casaubonus.

1802 3715 1834 3760 8
1856 3713 1928 3760 Et
1946 3728 2049 3762 eam
2066 3714 2272 3777 plorare,
2292 3728 2446 3775 orare,
2471 3718 2525 3762 ut
2546 3713 2794 3763 subveniat

1736 3787 1851 3852 sibi]
1902 3789 2035 3838 Haec
2076 3790 2239 3838 omnis
2282 3787 2551 3852 περίστασις
2591 3790 2793 3852 tragica

1739 3871 1845 3924 em
1882 3871 1937 3912 et
1958 3857 2076 3914 ideo
2098 3865 2151 3912 in
2174 3865 2429 3913 comoedia
2442 3865 2624 3914 vitiose
2645 3863 2792 3913 indu·

1738 3941 1888 3989 citur.
1921 3941 2159 3990 Duatas.

1802 4016 1925 4064 Eam
1942 4015 2153 4078 plorare]
2163 4016 2429 4078 Lacrymoe
2444 4014 2661 4065 bominis
2674 4029 2791 4079 pro·

1738 4089 1888 4151 prise,
1914 4089 2001 4153 (ut
2022 4090 2161 4139 solus
2193 4103 2315 4138 vere
2348 4089 2573 4152 gaudeat
2590 4095 2645 4138 et
2667 4103 2789 4138 moe-

1739 4166 1895 4231 reat,)
1916 4181 1983 4215 ex
2016 4167 2241 4232 quadam
2265 4175 2436 4217 tamen
2458 4165 2791 4216 similitudine

1736 4241 1852 4291 aliis
1862 4241 2061 4306 aliquot
2074 4243 2383 4294 animalibus
2392 4243 2713 4294 tribuuntur:
2732 4250 2791 4292 ut
