3192 4975
1157 431 1238 480 IN
1286 421 1764 482 TERENTIUM.

380 582 515 630 dolet
550 583 639 633 Ph.
662 583 699 638 i,
720 589 765 632 3.
790 587 851 631 10
898 580 1033 629 Nihil
1068 584 1196 646 apud
1230 599 1307 630 me
1344 583 1432 630 tibi

380 648 543 696 defieri
565 648 713 709 patiar
743 647 835 696 He.
858 662 905 702 V,
927 651 976 695 2.
999 651 1031 695 2

449 710 681 761 Desmdu.
746 711 900 758 Etiam
942 710 1133 772 insuper
1176 710 1433 758 defrudet?

381 775 480 824 Ad.
502 775 556 831 ii,
576 780 626 825 2.
644 779 709 823 38
758 775 901 832 Quod
922 774 1005 822 ille
1026 774 1252 822 unciatim
1275 774 1351 824 ⁸vix
1374 775 1435 822 de

381 841 603 886 demenso
639 855 744 896 suo,
782 855 917 886 suum
952 839 1207 886 defrudans
1230 839 1434 901 genium,

382 903 631 964 comparsit
648 903 787 950 miser
820 904 911 951 Ph.
934 903 969 960 i,
994 906 1041 952 1.
1066 907 1129 951 10

445 967 671 1030 Defugio.
734 967 993 1029 Nunquam
1009 967 1249 1030 defugiam
1270 975 1432 1015 aueto-

380 1031 558 1078 ritatem
582 1031 673 1078 Eu.
693 1032 747 1090 ii,
770 1036 818 1079 3.
837 1035 902 1080 98

445 1095 710 1158 Defungor.
776 1095 1045 1142 Defunctus
1069 1092 1169 1158 jam
1207 1110 1325 1151 sum,
1362 1095 1433 1141 ni-

381 1158 446 1205 hil
483 1167 557 1206 est
591 1161 721 1222 quod
764 1159 892 1207 dicat
929 1159 1042 1206 mihi
1074 1159 1166 1208 Eu.
1206 1158 1332 1206 Prol.
1372 1163 1435 1209 15

384 1223 583 1270 Utinam
624 1225 715 1272 hoc
737 1224 800 1270 sit
832 1224 973 1270 modo
997 1223 1299 1271 defunctum!
1334 1222 1433 1273 Ad.

379 1287 451 1342 iii,
487 1290 538 1335 4.
579 1291 643 1336 63
701 1288 857 1350 Cupio
891 1286 1053 1334 misera
1086 1287 1136 1334 in
1159 1288 1315 1335 haere
1332 1287 1457 1350 jam‘

384 1351 639 1414 defungier
670 1352 760 1400 Ph.
786 1367 829 1407 v,
852 1355 901 1398 8.
921 1354 986 1399 32

445 1414 602 1476 Dego.
668 1415 737 1463 Ut
754 1431 861 1463 cum
883 1431 979 1461 nmo
1001 1421 1185 1462 aetatem
1208 1415 1435 1477 degeret?

382 1479 471 1526 Ph.
502 1479 556 1536 ii,
594 1483 643 1528 3.
682 1484 747 1528 70
800 1478 943 1526 Hunc
963 1479 1087 1526 diem
1110 1479 1277 1526 misere
1297 1480 1435 1526 nimis

384 1542 543 1605 cupio,
581 1551 857 1607 perpetuum
878 1543 931 1590 iu
954 1541 1119 1591 laetitia
1138 1545 1307 1606 degere
1338 1542 1435 1594 Ad.

382 1607 447 1663 iv,
474 1612 519 1654 1.
540 1612 573 1655 6

447 1669 651 1719 Dehinc.
717 1670 906 1718 Dehinc
943 1679 998 1718 ut
1019 1671 1281 1734 quiescant,
1301 1687 1436 1734 porro

382 1750 551 1782 moneo
574 1733 640 1783 A.
661 1733 786 1782 Prol.
808 1740 872 1784 22
905 1734 1095 1783 Dehinc
1114 1735 1317 1797 postulo,
1341 1735 1438 1783 sive

383 1815 571 1909 {equum
593 1805 681 1910 εὲῖ,
704 1805 753 1846 te
774 1813 898 1874 oro‚·
916 1807 971 1846 ut
1012 1798 1075 1846 A.
1098 1799 1199 1910 ἰὲ2.
1224 1804 1287 1912 {39
1320 1799 1437 1910 ¹De-

385 1871 1203 1975 fissfso¹¹3m2¹¹efft1³31113ffix⁸3nfm⁰a
1224 1869 1439 1975 ..13³2ssss

388 1991 479 2041 Eu.
499 1993 553 2047 ii,
574 1996 624 2040 3.
648 1999 677 2040 5
712 1991 761 2038 N
764 2007 855 2039 unc
871 1992 1042 2039 dehinc
1060 2007 1195 2055 spero
1219 2000 1436 2040 aeternam

384 2055 506 2104 inter
526 2072 612 2103 nos
632 2055 825 2118 gratiam
848 2056 947 2103 fore
976 2055 1068 2102 Eu.
1086 2072 1133 2111 V,
1154 2061 1205 2104 2.
1226 2061 1287 2104 33
1336 2056 1436 2102 De-

384 2120 495 2168 hinc
528 2135 587 2168 ne
622 2120 881 2182 expectetis
913 2127 1233 2183 argumentum
1267 2120 1440 2168 fabulae

384 2183 483 2231 Ad.
506 2184 633 2232 Prol.
654 2189 719 2233 22

452 2247 703 2296 Dehortor.
781 2248 877 2296 Hic
920 2248 1189 2295 dehortatus
1232 2255 1305 2296 est
1344 2263 1438 2307 me,

387 2328 447 2360 ne
470 2313 599 2359 illam
620 2313 709 2361 tibi
730 2314 885 2360 darem
908 2312 999 2361 Ph.
1022 2329 1069 2370 v,
1090 2317 1137 2362 7.
1162 2317 1223 2362 17

452 2376 648 2439 Dejero.
731 2378 933 2426 Bacchis
974 2376 1156 2439 dejerat
1198 2384 1439 2440 persancte

386 2441 481 2517 He.
501 2459 546 2498 v,
570 2446 618 2491 2.
640 2448 669 2491 5
720 2442 911 2507 Liquet,
948 2441 1064 2489 mihi
1098 2439 1304 2505 dejerare
1347 2441 1438 2490 Eu.

386 2510 598 2619 ιι’ἷζοῇξῐῖ
698 2569 903 2632 Accepit
944 2570 1283 2625 conditionem,
1328 2570 1439 2618 dein

388 2642 617 2697 quaestum
638 2635 814 2697 occipit
836 2636 897 2683 A.
918 2634 955 2690 i,
980 2639 1025 2683 1.
1048 2640 1111 2683 52
1144 2635 1309 2697 Spero,
1329 2634 1441 2681 dein

388 2698 527 2747 facile
556 2716 613 2747 ex
649 2698 745 2747 illis
766 2714 867 2747 sese
900 2713 1180 2746 emersurum
1212 2698 1345 2745 malis
1378 2698 1440 2746 A.

388 2762 461 2820 iii,
484 2768 533 2811 3.
558 2768 622 2812 30

454 2827 663 2875 Deinde.
726 2826 903 2873 Nosti?
952 2826 1125 2873 deinde
1164 2825 1349 2872 desinet
1380 2824 1443 2872 A.

388 2891 441 3001 ii,
464 2896 523 3000 6.t
539 2896 601 2941 10
648 2889 811 2999 Νιυῐᾶο.
832 2890 1029 2998 ρᾶἰιῃιιω
1062 2890 1159 2998 fiae,
1196 2890 1363 2998 isithzfeci
1391 2896 1445 2935 ut

412 2970 500 3002 ave
543 2972 555 3000 z
626 2968 679 2999 os
770 2968 847 2999 ein
882 2968 929 3009 e,
998 2968 1061 2999 uo
1127 2967 1229 3013 Juss
1266 2968 1314 2999 er
1366 2967 1444 2998 are

386 3018 571 3073 bibere,
588 2970 703 3063 gnte
734 3016 799 3064 A.
822 3015 895 3072 iii,
912 2967 1013 3065 2.(’3
1062 3015 1249 3062 Deinde
1272 3030 1373 3062 eam
1395 3016 1443 3062 in

386 3083 567 3130 lectum
588 3081 685 3128 illae
704 3081 940 3129 collocant
970 3080 1061 3127 Eu.
1083 3080 1150 3135 iii,
1188 3085 1235 3129 5.
1271 3083 1333 3128 45
1385 3078 1443 3127 ld

390 3146 591 3209 primum
611 3146 767 3193 dicam
790 3162 801 3191 ε
836 3145 1027 3201 deinde,
1050 3144 1177 3206 quod
1199 3143 1325 3199 veni,
1344 3143 1445 3191 elo-

392 3226 509 3273 quar
539 3209 663 3257 Hea.
685 3209 812 3256 Prol.
846 3214 875 3257 3
910 3208 1081 3271 Neque
1105 3224 1153 3256 se
1176 3208 1225 3255 id
1249 3208 1405 3271 pigere
1430 3226 1441 3255 :

393 3283 445 3321 et
463 3274 637 3321 deinde
657 3274 887 3321 facturum
922 3280 1133 3321 autumat
1164 3272 1286 3319 Hea.
1312 3272 1441 3321 Prol.

396 3344 460 3387 19
494 3338 585 3385 Dic
619 3337 929 3396 convenisse3
963 3338 1123 3401 egisse·
1146 3344 1193 3383 te
1226 3338 1289 3383 de
1321 3352 1445 3399 nup-

395 3403 489 3449 tiis.
512 3402 616 3451 Me.
636 3402 823 3450 Dicam.
848 3402 1159 3464 quid-deinde
1178 3402 1196 3447 ?
1229 3402 1353 3450 Hea.
1377 3402 1445 3459 iv,

396 3472 446 3515 8.
470 3470 533 3516 24
568 3467 697 3523 Quid
717 3465 889 3514 deinde
911 3466 995 3512 fit?
1030 3465 1123 3513 He.
1144 3466 1177 3517 i.
1202 3469 1252 3513 2.
1271 3470 1335 3513 08

462 3531 887 3579 Delectamentum.
974 3528 1073 3586 Qui
1110 3529 1199 3575 sibi
1242 3544 1319 3575 me
1360 3544 1446 3591 pro

396 3594 611 3653 ridiculo,
634 3612 691 3644 ac
722 3588 1065 3643 delectamento
1088 3600 1225 3657 putat
1254 3591 1379 3641 Hea.
1403 3610 1449 3649 v,

464 3723 748 3773 Delectatio.
826 3722 956 3771 Dum
993 3722 1095 3770 istis
1131 3720 1262 3768 fuisti
1306 3719 1449 3778 solus,

400 3788 513 3835 dum
534 3790 665 3835 nulla
686 3789 779 3836 alia
793 3788 1046 3836 delectatio
1080 3786 1203 3834 Hea.
1224 3802 1271 3842 v,
1293 3790 1343 3835 2.
1364 3790 1428 3833 34

464 3851 687 3904 Delecto.
751 3852 1047 3915 Pamphilam
1074 3866 1272 3907 arcesse,
1293 3859 1347 3896 ut
1366 3850 1451 3919 de3-

400 3916 545 3963 lectet
564 3917 643 3965 hic
665 3932 751 3963 nos
775 3915 867 3965 Eu.
890 3916 955 3971 iv,
979 3920 1027 3964 1.
1048 3919 1105 3963 11

466 3980 640 4030 Deleo.
708 3979 862 4028 Deleo
896 3994 1057 4027 omnes
1079 3978 1250 4026 dehinc
1270 3994 1329 4025 ex
1349 3978 1453 4026 ani·

401 4060 478 4093 mo
498 4046 717 4093 mulieres
748 4045 842 4092 Eu.
864 4044 919 4099 ii,
942 4048 991 4093 3.
1014 4048 1043 4091 5

468 4109 719 4158 Delibero.
793 4108 1023 4156 Delibera
1060 4108 1168 4163 hoc,
1210 4108 1321 4154 dum
1363 4121 1452 4167 ego

402 4175 563 4231 redeo,
584 4175 695 4225 leno
725 4172 821 4223 Ad.
843 4173 896 4229 ii,
923 4177 968 4221 1.
991 4176 1057 4220 42
1106 4171 1363 4225 Deliberet,
1385 4185 1457 4217 re·

406 4240 688 4304 nuntietque
726 4238 871 4286 hodie
907 4237 1046 4301 mihi,
1064 4235 1257 4295 velitne,
1276 4250 1338 4283 an
1358 4250 1456 4283 non

2359 457 2366 464 ·
2387 420 2559 487 lxxv

1508 582 1604 629 He.
1625 582 1694 638 iii,
1733 588 1782 632 5.
1808 587 1872 632 58
1921 581 1964 629 Ε
1995 595 2024 628 0
2067 581 2268 646 amplius
2299 583 2561 634 deliberan-

1508 647 1621 693 dum
1643 661 1814 698 censeo
1841 647 1934 694 Ph.
1957 646 1974 692 i
1994 681 2009 702 ,
2033 651 2080 696 4.
2105 651 2164 696 17

1570 709 1844 758 Delibutus.
1911 709 2057 758 Satin’
2093 717 2181 772 est,
2217 711 2257 758 si
2295 718 2342 759 te
2379 713 2563 763 delibu-

1508 781 1608 821 tum
1631 775 1810 837 gaudio
1833 775 2014 824 reddo?
2047 775 2140 823 Ph.
2163 790 2210 831 v,
2231 780 2282 824 fl.
2307 778 2372 828 16

1574 837 1832 886 Delictum.
1899 838 1969 886 Ut
2005 854 2078 886 me
2116 840 2206 887 hoc
2229 838 2454 888 delictum
2479 841 2563 890 ad—

1508 901 1690 950 misisse
1713 904 1761 950 in
1795 918 1888 960 me,
1910 903 1960 950 id
1983 902 2098 950 mihi
2121 905 2416 952 vehementer
2435 905 2566 954 dolet

1508 967 1606 1016 Ad.
1627 967 1693 1022 iv,
1715 973 1760 1016 5.
1777 970 1842 1015 48

1575 1029 1834 1094 Delinquo.
1900 1029 1978 1078 An
2018 1031 2130 1094 quia
2167 1045 2262 1080 nou
2285 1031 2568 1096 delinquunt

1508 1093 1597 1141 viri
1617 1095 1634 1140 ἓ
1669 1094 1763 1143 He.
1783 1095 1849 1149 iv,
1870 1099 1922 1143 4.
1939 1099 2002 1145 41
2423 1093 2428 1096 ’

1575 1157 1756 1209 Deliro.
1823 1157 2041 1207 Deliras?
2079 1157 2142 1205 A.
2167 1159 2230 1213 iv,
2252 1162 2302 1208 4.
2325 1163 2406 1209 13.
2458 1158 2562 1209 Ad.

1507 1239 1554 1277 v,
1578 1227 1631 1272 8.
1656 1226 1716 1272 13
1773 1222 1934 1279 Quid!
1971 1222 2176 1270 deliras?
2211 1223 2300 1270 Ph.
2339 1239 2387 1286 v,
2419 1227 2468 1272 3.
2502 1229 2564 1274 18

1509 1286 1697 1335 Delirat
1717 1288 1855 1336 miser
1877 1288 2038 1334 timore
2082 1287 2173 1334 Ph.
2191 1303 2240 1344 v,
2262 1290 2309 1336 8.
2331 1291 2366 1336 8
2413 1287 2566 1336 Senex

1509 1350 1715 1399 delirans
1749 1351 1846 1399 Ad.
1867 1352 1934 1407 iv,
1947 1357 1997 1402 7.
2015 1355 2080 1401 43

1574 1414 1786 1465 Deludo.
1852 1414 1990 1462 Dolis
2021 1424 2076 1462 ut
2111 1429 2188 1462 me
2221 1413 2469 1463 deluderes
2500 1415 2564 1465 A.

1506 1478 1580 1535 iii,
1601 1483 1650 1527 4.
1669 1483 1704 1528 4
1737 1479 1902 1527 Ubivis
1923 1479 2109 1528 facilius
2157 1494 2286 1526 usus
2301 1481 2406 1536 sim,
2424 1495 2566 1544 quam

1510 1542 1560 1590 in
1581 1543 1672 1591 hae
1693 1558 1759 1599 re,
1780 1559 1856 1591 me
1876 1543 2091 1592 deludier
2163 1579 2175 1592 .
2199 1543 2233 1598 i,
2254 1548 2304 1593 2.
2329 1547 2392 1592 32

1576 1606 1776 1654 Demea.
1856 1607 2046 1655 Salvum
2089 1614 2138 1654 te
2182 1607 2418 1664 advenire,
2463 1607 2566 1655 De-

1512 1686 1634 1728 mea,
1659 1672 1944 1734 gaudemus!
1995 1672 2093 1719 Ad.
2113 1671 2150 1728 i,
2176 1677 2221 1720 1.
2242 1676 2304 1720 55
2353 1671 2446 1718 Sed
2484 1688 2564 1720 ec-

1510 1750 1620 1784 cum
1662 1734 1890 1784 Demeam
1913 1736 1924 1783 !
1982 1735 2079 1786 Ad.
2121 1751 2168 1792 v,
2211 1739 2262 1785 θ.
2304 1741 2336 1785 2
2389 1735 2562 1800 passim

1511 1799 1628 1856 alibi

1576 1864 1803 1912 Demens.
1849 1863 2035 1912 Adeon’
2057 1871 2130 1911 est
2149 1864 2378 1911 demens?
2401 1879 2459 1912 ex
2481 1880 2566 1927 pe-

1512 1929 1731 1991 regrina?
1767 1926 1831 1975 A.
1850 1929 1921 1985 iii,
1947 1933 1992 1977 1.
2017 1932 2072 1977 11
2112 1927 2242 1975 Dum
2264 1943 2354 1989 ego
2376 1935 2567 1990 propter

1512 2001 1560 2038 te
1581 2007 1737 2040 errans
1758 1993 1906 2055 patria
1924 2007 2060 2041 careo
2081 1993 2274 2040 demens
2308 1991 2433 2040 Hea.
2452 1993 2504 2048 ii,
2519 1997 2570 2041 3.

1580 2119 1889 2168 Demensum.
1969 2119 2112 2176 Quod
2135 2118 2216 2165 ille
2241 2119 2467 2166 unciatim
2489 2120 2566 2166 vix

1514 2183 1577 2231 de
1601 2185 1824 2231 demenso
1846 2199 1930 2230 suo
1952 2184 2206 2246 comparsit
2230 2181 2368 2230 miser
2402 2183 2491 2230 Ph.
2534 2182 2570 2241 i,

1578 2311 1850 2358 Dementia.
1915 2311 1959 2358 O
1983 2311 2198 2374 Jupiter!
2235 2309 2467 2358 hanccine
2495 2310 2568 2358 vi·

1517 2381 1614 2422 tam
1637 2375 1647 2421 !
1683 2376 1876 2423 hoscine
1899 2391 2048 2423 mores
2068 2376 2078 2420 !
2104 2377 2226 2423 hanc
2249 2374 2533 2422 dementiam
2553 2375 2565 2421 !

1515 2439 1612 2489 Ad.
1645 2440 1712 2496 iv,
1748 2445 1796 2489 7.
1830 2444 1898 2490 40
1949 2439 2124 2503 Credo,
2157 2447 2213 2486 ut
2233 2446 2306 2488 est
2327 2439 2570 2486 dementia

1518 2503 1616 2553 Ad.
1635 2505 1708 2560 iii,
1725 2509 1773 2554 3.
1795 2508 1860 2553 36

1580 2568 1840 2631 Demipho.
1883 2568 2044 2630 Negat
2067 2569 2298 2617 Phanium
2322 2584 2422 2617 esse
2445 2570 2566 2617 hanc

1518 2634 1608 2680 sibi
1650 2640 1898 2695 cognatam
1938 2632 2214 2693 Demipho?
2249 2634 2340 2682 Ph.
2370 2633 2426 2693 ii,
2462 2637 2512 2681 3.
2537 2640 2567 2682 5

1513 2696 1880 2759 Demiphonem,
1899 2697 1940 2742 si
1962 2696 2090 2743 domi
2109 2706 2198 2754 est,
2221 2698 2364 2743 visam
2409 2697 2500 2744 Ph.
2523 2714 2570 2759 v,

1514 2766 1562 2809 7.
1584 2766 1614 2809 5
1651 2760 1821 2821 passim
1843 2760 1956 2805 alibi

1579 2823 1816 2873 Demiror.
1879 2821 1950 2871 At
1984 2822 2072 2868 hoc
2095 2822 2310 2877 demiror,
2332 2823 2412 2885 qui
2447 2822 2568 2869 Hea.

1514 2886 1569 2946 ii,
1594 2892 1642 2935 3.
1664 2891 1755 2935 121
1803 2886 1896 2933 Sed
1919 2886 2132 2940 demiror,
2155 2886 2272 2949 quid
2295 2886 2356 2932 sit
2388 2886 2484 2933 He.
2505 2886 2571 2942 iv,

1516 2956 1565 2999 1.
1590 2954 1653 2998 14
1686 2950 1842 3005 Quam
1863 2964 2048 2997 causam
2072 2950 2340 3013 reperient?
2373 2951 2574 2999 demiror

1516 3015 1610 3062 Ph.
1631 3014 1688 3075 ii,
1709 3018 1755 3061 1.
1779 3020 1808 3061 5

1583 3078 1844 3132 Demissus,
1867 3078 2038 3132 alum.
2104 3078 2236 3133 Quas
2271 3086 2438 3125 matres
2475 3085 2572 3125 stu-

1518 3144 1636 3189 dent
1655 3141 1866 3190 demissis
1888 3140 2089 3189 humeris
2109 3157 2210 3189 esse
2245 3143 2338 3189 Eu.
2360 3142 2413 3197 ii,
2437 3146 2486 3191 3.
2507 3146 2572 3191 22

1517 3206 1735 3254 Accurrit
1754 3207 1814 3252 ad
1835 3220 1927 3262 me,
1962 3204 2194 3262 incurvus,
2231 3206 2470 3264 tremulus,
2505 3206 2572 3253 la-

1518 3269 1610 3319 biis
1631 3270 1860 3328 demissis,
1883 3284 2072 3331 gemens
2105 3269 2196 3321 Eu.
2216 3271 2271 3326 ii,
2296 3275 2344 3319 3.
2361 3275 2425 3319 44
2553 3275 2559 3283 ‘

1583 3334 1756 3383 Demo.
1823 3334 2011 3382 Interea
2030 3349 2192 3381 aurum
2215 3335 2303 3383 sibi
2323 3335 2444 3383 elam
2469 3350 2571 3382 mua

1520 3399 1608 3448 lier
1627 3400 1774 3447 demit
1807 3399 1900 3449 Eu.
1926 3398 1988 3454 iv,
2014 3404 2058 3448 1.
2083 3403 2144 3447 13
2189 3400 2358 3448 Demsi
2392 3408 2570 3447 metum

1520 3478 1707 3511 omnem
1740 3462 1838 3512 Ad.
1857 3464 1923 3518 iv,
1946 3468 1993 3511 7.
2033 3468 2096 3511 18
2147 3463 2212 3510 Et
2245 3464 2376 3519 mihi,
2397 3472 2448 3511 et
2468 3464 2574 3521 tibi,

1522 3536 1571 3575 et
1590 3528 1684 3574 illis
1705 3527 1924 3575 demseris
1957 3526 2216 3575 molestiam
2249 3527 2347 3574 Ad.
2367 3545 2414 3582 v,
2438 3532 2486 3574 3.
2509 3530 2574 3575 33

1587 3591 1888 3639 Demonstro.
1951 3590 2164 3646 Audisti,
2201 3591 2344 3639 modo
2377 3590 2466 3637 iste
2487 3591 2574 3635 ho·

1521 3671 1600 3702 mo
1617 3670 1758 3719 quam
1797 3654 1956 3702 villam
1993 3656 2327 3703 demonstravit
2347 3652 2574 3701 Charini?

1526 3719 1648 3767 Hea.
1668 3722 1738 3781 iv,
1761 3725 1810 3769 4.
1833 3725 1865 3767 9
1900 3719 2151 3766 Hominem
2173 3717 2576 3767 commonstrarier

1522 3784 1638 3831 mihi
1655 3786 1792 3831 istum
1807 3784 1934 3839 volo,
1952 3791 2050 3839 aut,
2069 3782 2152 3829 ubi
2166 3783 2364 3839 habitet,
2382 3783 2576 3828 demon·

1525 3848 1708 3896 strat-ier
1739 3849 1830 3896 Ph.
1849 3848 1906 3910 ii,
1929 3853 1974 3896 1.
1996 3853 2062 3896 ⁷6

1589 3912 1853 3961 Demoveo.
1922 3910 2048 3959 Cave
2083 3910 2245 3958 oculos
2267 3924 2296 3957 a
2315 3910 2432 3956 meis
2463 3922 2580 3955 ocu-

1525 3977 1583 4023 lis
1615 3991 1852 4041 quoquam
1887 3976 2279 4036 demoveas-tuos
2313 3972 2414 4022 Ad.
2451 3972 2506 4031 ii,
2531 3977 2580 4021 1.

1591 4104 1868 4153 Demulceo.
1931 4101 2046 4149 Non
2083 4117 2271 4166 possum
2309 4102 2426 4167 pati,
2459 4100 2580 4165 quin

1528 4167 1616 4217 tibi
1638 4178 1782 4233 caput
1801 4168 2089 4218 demulceam
2122 4165 2244 4214 Hea.
2265 4167 2330 4223 ivr,
2353 4173 2400 4216 5.
2424 4169 2486 4215 14

1591 4234 1814 4284 Demum.
1899 4231 2054 4280 Hem!
2090 4232 2320 4281 nunccine
2357 4230 2576 4281 demum?
