3192 4975
1217 442 1300 489 m
1350 426 1825 491 renutrimus.

430 586 630 649 nain
685 593 810 640 .188
871 588 950 639 Ne
986 590 1130 646 abeas
1154 590 1340 657 iongius
1386 590 1486 641 Ad.

431 670 483 711 v,
501 661 552 704 5.
573 660 600 705 1
701 670 778 702 um
798 654 910 705 hinc
927 656 1086 704 denuo
1099 656 1242 703 abeat
1271 654 1396 705 Hea.
1413 656 1486 715 iii,

429 722 482 768 8.
515 722 579 769 ⁸8
647 718 868 784 Optabit.
913 728 968 767 ut
1003 721 1144 769 abent
1179 721 1240 768 ab
1277 736 1328 768 se
1365 720 1487 769 filius

431 780 557 832 Hes.
578 781 643 841 iv,
665 788 762 832 5.8
795 783 946 832 Immo
984 785 1126 833 abeat
1161 785 1310 832 multo
1344 784 1485 840 malo,

427 846 596 910 quovis
631 848 842 910 gentium
883 848 1008 896 Hea.
1041 865 1090 903 v,
1133 853 1180 898 1.
1215 856 1277 898 55
1328 848 1486 897 Prius-

427 926 569 975 quam
589 912 702 959 hinc
724 912 864 959 abeat
910 912 1197 970 ΡΙι.ἱν,5.7
1247 912 1486 961 Provisum

429 978 520 1032 esst,
552 990 614 1024 ne
651 976 756 1023 bec
787 975 902 1024 hinc
933 978 1075 1024 abeat
1123 975 1218 1023 Ph.
1255 992 1303 1032 v,
1339 982 1389 1027 2.
1425 980 1485 1027 14

429 1038 658 1097 obtecto,
694 1041 918 1087 abeamus
953 1039 1076 1087 intro
1129 1039 1222 1088 Eu.
1262 1056 1313 1097 v,
1349 1044 1398 1091 2.
1420 1044 1485 1091 67

429 1103 564 1159 Quid
584 1101 724 1152 nobis
745 1120 852 1151 cum
871 1103 1002 1152 inis?
1035 1104 1254 1152 abeamus
1293 1104 1388 1153 Ad.
1421 1105 1488 1163 iv,

427 1172 481 1217 5.
519 1172 587 1218 44
637 1168 864 1230 Mirabar,
885 1168 976 1218 boc
997 1168 1038 1216 si
1071 1168 1140 1217 sic
1161 1168 1313 1217 abiret
1359 1168 1427 1217 A.
1451 1170 1486 1226 i,

427 1236 482 1283 2.
501 1236 536 1281 4
583 1229 743 1288 Quam
763 1233 826 1281 ob
846 1246 940 1280 rem
970 1232 1054 1281 ab·
1089 1238 1137 1281 te
1157 1232 1342 1281 abiret?
1391 1233 1489 1282 He.

425 1296 499 1353 iv,
519 1299 570 1344 4.
591 1300 656 1345 74
703 1295 772 1345 Te
814 1297 1050 1345 absentem
1084 1297 1370 1354 incusamus,
1405 1298 1488 1362 qui

425 1358 604 1409 abieris
661 1358 754 1409 Ph.
791 1360 866 1417 iii,
901 1365 950 1411 1.
974 1364 1007 1411 7
1073 1361 1244 1418 Miror,
1274 1361 1394 1426 qnid
1430 1379 1486 1411 ex

427 1423 618 1473 Piraeo
653 1423 824 1471 abierit
881 1424 976 1475 En.
1013 1424 1064 1480 ii.
1098 1430 1149 1475 2.
1189 1430 1255 1475 59
1304 1425 1408 1474 Abs
1441 1433 1490 1475 te

427 1488 732 1551 quamobrem
765 1489 868 1536 boec
907 1488 1094 1546 abierit,
1131 1504 1319 1537 causam
1359 1490 1490 1538 vides

429 1553 526 1601 He.
544 1552 620 1609 iii,
643 1557 693 1603 8.
714 1557 780 1603 22
833 1553 1040 1610 Quando
1061 1554 1164 1603 haec
1195 1553 1362 1601 abierit
1395 1553 1492 1603 He.

428 1617 494 1673 iv,
513 1621 561 1666 3.
582 1621 644 1667 18
693 1616 801 1665 Ab!
852 1617 894 1665 si
927 1616 1102 1681 pergit,
1124 1618 1282 1667 abiero
1332 1617 1431 1667 Ad.
1453 1618 1490 1676 i,

430 1686 484 1731 8.
501 1684 566 1731 47
617 1680 716 1729 Ubi
737 1698 830 1745 ego
849 1682 964 1729 hinc
983 1682 1144 1729 abiero
1183 1682 1274 1733 Ph.
1295 1682 1332 1735 i.
1354 1686 1403 1732 2.
1425 1686 1489 1732 98

432 1744 544 1802 Quo
581 1744 664 1794 ille
705 1746 836 1793 abire
875 1746 1074 1810 ignavus
1121 1746 1270 1809 possit
1306 1746 1492 1809 longius

431 1808 524 1857 En.
544 1809 608 1865 iv,
630 1814 680 1859 8.
703 1814 768 1859 20
813 1810 846 1858 J
851 1812 941 1860 ube
962 1811 1088 1857 bunc
1105 1809 1234 1859 abire
1254 1810 1366 1859 binc
1403 1810 1490 1859 nli·
1535 1838 1542 1847 ·

431 1889 528 1935 quo
562 1873 684 1921 Hes.
705 1872 778 1931 iii,
797 1879 848 1924 8.
869 1879 933 1923 25
980 1874 1110 1923 Hinc
1141 1876 1270 1923 abire
1297 1882 1490 1925 matrem

433 1938 530 1986 He.
551 1938 618 2001 iv,
640 1941 690 1987 3.
713 1943 742 1987 7
791 1938 952 1986 Sinam
987 1940 1090 1988 sine
1121 1952 1313 1987 munere
1351 1954 1381 1986 a
1416 1956 1491 1989 me

432 2002 594 2050 abire?
627 2001 723 2051 He.
746 2019 794 2059 ν,
817 2007 868 2052 4.
894 2007 953 2052 is
987 2004 1048 2051 Id
1059 2004 1202 2051 modo
1217 2004 1315 2061 dic,
1337 2004 1492 2055 abisse

433 2066 616 2114 Dorum
639 2066 734 2117 Eu.
755 2066 821 2122 iv,
844 2071 894 2116 4.
917 2073 982 2119 57
1021 2066 1154 2124 Λὶιι’,
1179 2077 1356 2130 patrem
1379 2068 1492 2117 hinc

431 2132 584 2179 abisse
601 2131 712 2178 rus?
763 2132 860 2179 Ad.
878 2132 1014 2193 iv,1.
1045 2136 1071 2180 1
1125 2131 1330 2181 Uxorem
1363 2139 1492 2179 tuam

431 2195 544 2243 hinc
567 2194 716 2243 abisse
749 2194 846 2243 He.
869 2196 935 2251 ἰν,
952 2200 1002 2246 2.
1024 2198 1057 2245 2
1112 2195 1265 2243 Patris
1287 2195 1358 2243 ais
1377 2212 1492 2244 con-

434 2266 649 2323 spectum
671 2257 866 2307 veritum
884 2260 995 2308 hinc-
1015 2259 1205 2307 abisse?
1241 2261 1332 2309 Ph.
1367 2260 1426 2319 ii,
1443 2264 1492 2309 2.

435 2330 462 2373 1
511 2324 649 2371 Itane
669 2322 780 2371 hinc
801 2324 986 2371 abisse?
1034 2324 1123 2372 Pb.
1145 2324 1219 2380 iii,
1244 2328 1290 2373 1.
1315 2330 1346 2373 2
1393 2326 1493 2374 Cu-

433 2387 551 2451 pida
573 2402 697 2435 eram
716 2387 924 2435 >abeundi
959 2404 988 2436 a
1007 2388 1158 2436 miiite
1188 2388 1284 2437 He.
1309 2389 1346 2445 i,
1363 2394 1412 2439 2.
1429 2394 1490 2439 16

433 2452 638 2502 Puerum
661 2451 778 2501 inde
813 2452 975 2502 abiens
997 2453 1199 2502 conveni
1246 2452 1312 2503 A.
1349 2454 1402 2509 ii,
1435 2459 1488 2506 2.

433 2521 498 2566 31
561 2516 715 2573 Nihil,
737 2517 832 2565 nisi
863 2519 1026 2566 abiens
1053 2519 1170 2566 mihi
1194 2517 1351 2566 innuit
1393 2519 1492 2568 Eu.

435 2581 503 2638 iv,
524 2586 573 2630 5.
596 2587 629 2631 9
661 2580 898 2630 Istuccine
915 2583 1214 2630 interminata
1235 2599 1352 2640 sum,
1379 2582 1492 2632 hinc

435 2645 617 2707 abiens,
637 2645 760 2693 tibi?
793 2645 884 2695 Eu.
909 2663 957 2704 v,
980 2652 1028 2697 1.
1046 2651 1108 2696 14
1131 2647 1320 2709 Eripuit
1340 2647 1388 2694 vi
1405 2647 1496 2693 vir-

436 2709 539 2772 gini
572 2709 734 2758 abiens
754 2710 948 2758 anulum
990 2710 1087 2760 He.
1125 2711 1194 2771 iv,
1219 2716 1264 2759 1.
1286 2715 1352 2759 59
1401 2711 1495 2759 Cui

430 2773 762 2822 commendavi
800 2774 947 2822 filium
970 2775 1082 2823 hinc
1120 2776 1283 2822 abiens
1329 2775 1421 2822 Ph.
1440 2774 1496 2832 ii,

436 2842 485 2886 1.
508 2843 572 2887 58
619 2837 858 2900 Suspicor,
879 2839 1058 2901 aliquid
1082 2839 1224 2886 domo
1247 2839 1497 2885 abeuntem

434 2902 685 2950 abstulisse
733 2901 826 2948 Eu.
863 2903 929 2956 iv,
965 2906 1016 2949 9.
1053 2905 1115 2949 19
1179 2901 1497 2948 Observabam

429 2965 648 3014 servulos
684 2963 928 3012 venientes
949 2971 1032 3011 aut
1053 2965 1279 3012 abeuntes
1311 2963 1374 3011 A.
1393 2965 1427 3019 i,
1453 2971 1500 3014 l.

433 3035 500 3080 57
556 3027 800 3076 Abeuntes
836 3029 974 3075 ambo
993 3029 1073 3076 hic
1107 3035 1204 3076 tum
1226 3043 1360 3076 senes
1406 3028 1498 3080 Ph.

436 3096 473 3151 i,
493 3098 547 3142 2.
567 3095 631 3140 21
683 3090 932 3140 Abiturum
973 3108 1022 3140 se
1059 3093 1142 3140 abs
1183 3101 1230 3140 te
1263 3109 1364 3140 esse
1383 3092 1498 3141 ilico

439 3156 693 3206 minabitur
753 3155 878 3204 Hea.
915 3156 984 3213 iii,
1024 3162 1070 3206 1.
1111 3161 1176 3206 80
1239 3158 1334 3204 Sed
1367 3156 1496 3206 illam

439 3221 1135 3334 ffigoabigiglffiintbeffiggxse
1145 3221 1497 3335 {guti’dgcresvli

443 3350 540 3398 He.
559 3351 624 3407 iv·,
645 3353 694 3398 2.
717 3355 781 3400 lo

501 3412 717 3462 Abhinc.
785 3413 976 3461 Abhinc
1011 3414 1280 3470 trIennium,
1302 3414 1496 3462 commi-

441 3477 594 3542 gravit
617 3478 710 3526 buc
732 3477 914 3525 viciniae
980 3477 1044 3524 A.
1063 3477 1103 3541 i,
1130 3485 1176 3527 1.
1195 3483 1260 3528 42
1308 3479 1497 3526 Abhinc

443 3557 626 3592 menses
663 3543 827 3590 decem
860 3541 955 3589 fere
1007 3541 1104 3592 He.
1127 3559 1174 3597 v,
1193 3545 1239 3591 3.
1257 3547 1324 3590 24
1382 3541 1500 3590 Fere

445 3607 615 3655 abhinc
635 3619 786 3654 annos
809 3607 1081 3670 quindecim
1121 3606 1212 3654 Ph.
1235 3623 1280 3662 v,
1303 3610 1352 3654 8.
1373 3609 1438 3654 28

512 3669 769 3718 Abhorreo.
848 3671 1109 3719 Abhorrere
1147 3670 1352 3717 animum
1389 3669 1500 3718 huic

443 3734 586 3784 video
620 3750 651 3782 a
687 3733 868 3798 nuptiis
910 3735 1007 3784 He.
1029 3735 1098 3791 iv,
1117 3739 1166 3784 4.
1190 3739 1254 3784 92
1313 3733 1502 3782 Abhor-

447 3799 572 3848 renti
592 3799 654 3846 ab
680 3813 729 3846 re
749 3799 911 3847 uxoria
943 3798 1011 3847 A.
1033 3815 1082 3855 v,
1107 3804 1154 3848 1.
1181 3803 1242 3848 10

513 3861 692 3926 Abigo.
758 3863 963 3927 Abigam
1001 3865 1128 3912 hunc
1161 3879 1239 3910 rus
1293 3861 1391 3911 Ad.
1429 3861 1502 3918 iii,

512 3989 728 4053 Abjicio.
795 3990 916 4048 Qun
937 3990 1098 4054 aliquo
1133 3987 1401 4053 abjicienda
1433 3995 1506 4036 est

446 4055 545 4104 Ad.
565 4054 632 4110 ir,
655 4059 704 4104 7.
718 4059 785 4105 26

515 4119 700 4170 Abitio.
757 4117 944 4167 Abitus.
1023 4118 1224 4181 Propter
1261 4133 1365 4166 eam
1403 4117 1506 4166 haec

448 4185 603 4240 turba,
633 4191 785 4246 atque
807 4182 954 4230 abitio
975 4183 1135 4230 evenit
1165 4182 1288 4232 Heu.
1312 4181 1348 4236 i,
1368 4185 1418 4230 2.
1445 4186 1507 4230 16

445 4248 611 4305 Quum
655 4248 860 4312 videam,
895 4249 1021 4296 hunc
1064 4246 1366 4294 excruciarier
1405 4244 1508 4309 ejus

405 4349 409 4352 -
451 4313 584 4364 abitu
616 4311 742 4362 Hes.
773 4311 847 4371 iii,
880 4316 925 4361 1.
961 4319 992 4363 5
1057 4311 1274 4376 Sperabit
1308 4317 1509 4359 sumtum

2546 430 2623 499 iii

1559 590 1653 641 sibi
1694 590 1897 641 levatum
1920 604 2022 640 esse
2052 590 2215 641 barum
2237 592 2367 643 abiu
2410 594 2535 647 Hes.
2556 597 2624 659 iv,

1627 718 1833 783 Ablego.
1902 715 2083 783 Aliquo
2117 718 2231 769 mibi
2268 729 2341 771 est
2361 723 2471 774 hinc
2491 726 2624 775 able·

1561 784 1745 848 gandus
1785 782 1877 831 He.
1902 784 1973 841 iii,
1994 788 2046 833 8.
2068 789 2136 835 54

1627 846 1740 896 Abii
1776 848 1897 897 urio.
1962 846 2125 897 Patria
2174 850 2257 912 qui
2320 850 2622 916 abligurierat

1564 914 1689 961 bona
1803 944 1817 959 .
1838 910 1891 967 ii,
1914 917 2008 962 2.4

1559 975 1850 1087 fflAbortae.
1914 976 2088 1026 Dicam
2126 976 2343 1025 abortum
2377 994 2479 1028 esse
2526 980 2623 1031 He.

1562 1102 1837 1216 PhAiirrado.
1892 1102 2037 1154 Unde
2056 1102 2239 1168 aliquid
2269 1105 2433 1155 abr-rii
2465 1115 2624 1171 potest

1645 1199 1659 1215 .
1698 1166 1733 1223 ἰ.
1755 1172 1807 1217 2.
1832 1172 1897 1218 19

1629 1232 1843 1294 Abripio.
1908 1231 1965 1280 1d
2004 1230 2090 1279 iila
2120 1232 2387 1285 universum
2424 1234 2625 1299 abripiet

1561 1295 1654 1344 Ph.
1673 1296 1711 1352 i,
1738 1301 1783 1345 1.
1808 1301 1868 1346 11
1940 1296 2140 1345 Parvola
2176 1296 2289 1347 hinc
2322 1306 2395 1345 est
2430 1298 2539 1347 abre
2576 1307 2625 1349 ta

1561 1359 1655 1409 Eu.
1686 1358 1723 1417 i,
1746 1364 1795 1410 2.
1822 1364 1889 1411 76
1936 1360 2048 1411 Ιιι
2082 1360 2211 1409 intro
2254 1361 2485 1425 abripiere
2574 1365 2625 1415 d.

1562 1422 1616 1480 ii,
1662 1430 1706 1473 1.
1742 1428 1805 1473 27
1878 1424 2081 1486 Oportet
2112 1425 2165 1471 in
2203 1426 2461 1474 cruciatum
2510 1428 2623 1475 binc

1561 1487 1715 1551 abripi
1758 1487 1822 1538 A.
1844 1488 1908 1544 iv,
1929 1493 1978 1537 4.
1999 1492 2063 1539 47
2117 1488 2293 1545 Μίιονι
2307 1504 2404 1537 non
2429 1490 2628 1553 jussisse

1563 1551 1715 1625 abripi
1734 1568 1807 1599 me
1840 1552 1962 1599 Hea.
1984 1569 2031 1610 v,
2052 1556 2100 1601 2.
2122 1556 2187 1602 48
2250 1553 2465 1602 Puellam
2496 1556 2624 1603 dono

1563 1616 1717 1671 dedu,
1756 1632 1815 1664 ex
1853 1616 2020 1664 Attica
2054 1616 2167 1664 hinc
2198 1617 2439 1681 abreptam
2473 1618 2565 1666 Eu.
2588 1619 2625 1677 i,

1564 1684 1614 1754 .²·
1632 1684 1697 1729 36
1748 1681 1809 1728 Se
1826 1681 2029 1737 audisse,
2052 1682 2331 1745 abreptame
2348 1682 2497 1730 Sunio
2531 1682 2623 1733 Eu.

1563 1760 1604 1807 ι’
1625 1748 1757 1857 {bag
1814 1808 1892 1857 Ne
1915 1809 1997 1856 abs
2032 1806 2222 1857 te‘hanc
2251 1824 2465 1875 segreges
2500 1809 2562 1859 A.
2580 1811 2623 1868 ἰ.

1563 1876 1620 1921 5.
1654 1877 1720 1921 56
1766 1872 1869 1921 Abs
1908 1881 1957 1921 te
1995 1888 2097 1921 esse
2136 1883 2286 1922 ortum
2338 1874 2563 1931 A.iii,2.
2588 1880 2623 1925 9

1565 1934 1757 1985 Veritus
1797 1954 1916 1993 sum,
1943 1936 2096 1995 Dave',
2134 1940 2217 1985 abs
2242 1946 2290 1986 te
2338 1939 2403 1988 A.
2428 1940 2496 1996 iii,
2520 1945 2569 1989 4.
2590 1943 2621 1989 8

1564 2000 1645 2052 Ob
1664 2002 1766 2049 haec
1787 2003 1914 2051 facta
1935 2003 2019 2049 abs
2059 2010 2108 2050 te
2146 2018 2338 2065 spernor
2398 2004 2491 2052 Eu.
2515 2002 2549 2057 i,
2571 2008 2624 2055 2.

1564 2068 1627 2113 91
1679 2064 1861 2128 Volgus
1884 2082 1989 2129 quae
2011 2067 2095 2113 abs
2134 2083 2183 2113 se
2214 2083 2343 2129 segre
2439 2075 2461 2114 t
2500 2066 2627 2118 Hea.

1564 2128 1623 2184 ii,
1639 2133 1691 2178 4.
1712 2133 1744 2177 6
1800 2130 1927 2176 Dum
1952 2130 2033 2177 abs
2072 2137 2122 2176 te
2142 2131 2306 2177 absum
2408 2146 2480 2177 ea.
2501 2131 2559 2185 ii,
2577 2135 2627 2180 4.

1568 2196 1633 2242 19
1677 2191 1833 2249 Quam
1874 2194 1995 2241 bene
2030 2193 2181 2240 abste
2202 2202 2503 2255 prospectum
2526 2194 2625 2241 est!

1565 2255 1691 2304 Heu.
1722 2258 1787 2321 iv,
1809 2262 1855 2307 1.
1877 2262 1940 2307 25
1991 2256 2092 2304 Abs
2116 2257 2269 2320 quivis
2291 2258 2481 2305 homine
2526 2256 2624 2306 Ad.

1562 2320 1618 2377 ii,
1634 2324 1680 2370 5.
1711 2326 1734 2371 1
1809 2320 1909 2369 Aba
1931 2330 1979 2369 te
2002 2328 2055 2369 nt
2076 2320 2316 2369 blanditiis
2334 2322 2623 2398 voluptatem

1562 2385 1752 2514 {¹335
1763 2384 1897 2504 ³3¹ss
1923 2386 2300 2502 ‘'212311321131‘.
2322 2388 2425 2500 :35
2428 2402 2489 2500 ιζ’
2491 2389 2628 2500 ¹3:132

1563 2515 1705 2562 video
1740 2516 1833 2566 Ph.
1859 2533 1905 2574 v,
1929 2522 1977 2570 8.
2005 2520 2067 2566 12
2090 2533 2093 2537 ’
2119 2515 2311 2564 Ostium
2350 2516 2627 2580 concrepuit

1567 2580 1652 2628 abs
1676 2585 1723 2627 te
1754 2579 1843 2631 Ph.
1870 2597 1918 2639 v,
1939 2587 1991 2630 5.
2017 2585 2078 2630 12

1633 2643 1876 2692 Abscede.
1942 2645 2057 2694 Cito
2079 2644 2139 2692 ab
2160 2659 2219 2691 eo
2240 2645 2342 2692 haec
2362 2644 2432 2692 ira
2464 2645 2625 2692 absce-

1569 2709 1653 2754 det
1706 2707 1800 2756 He.
1821 2723 1869 2765 v,
1892 2713 1943 2757 2.
1970 2713 2029 2757 15
2096 2708 2242 2763 Mihi,
2276 2725 2337 2756 ne
2359 2710 2628 2766 abscedam,

1568 2771 1769 2832 imperat
1812 2771 1899 2818 Eu.
1924 2771 1993 2826 iii,
2017 2779 2065 2820 5.
2088 2776 2154 2820 80
2202 2771 2379 2820 Silicet
2394 2787 2469 2819 me
2484 2773 2629 2819 istene

1571 2841 1699 2880 tecto
1722 2835 1971 2882 abscedere
2014 2833 2138 2882 Hes.
2161 2835 2227 2890 iv,
2248 2839 2298 2882 2.
2320 2840 2349 2882 5

1637 2897 1869 2948 Absolvo.
1915 2897 2167 2945 Hominem
2184 2898 2527 2962 quamprimum
2542 2899 2623 2946 ab·

1571 2961 1793 3010 solvitote
1846 2962 1943 3010 Ad.
1965 2963 2021 3019 ii,
2045 2967 2092 3011 4.
2118 2966 2180 3011 18
2235 2961 2306 3010 Ut
2324 2965 2451 3010 hunc
2473 2962 2627 3010 absol-

1573 3024 1886 3153 valxbegluezb
1906 3030 2112 3154 Ἂδιεῗῃυο
2142 3105 2237 3138 una
2258 3091 2348 3138 hac
2385 3091 2507 3138 foret
2538 3089 2631 3138 He.

1569 3153 1638 3210 iv,
1661 3158 1711 3202 2.
1728 3158 1791 3204 25
1848 3153 1977 3202 Nam
2017 3155 2195 3218 absque
2229 3169 2289 3203 eo
2310 3161 2433 3204 esset
2478 3155 2570 3205 Ph.
2594 3153 2629 3212 i,

1573 3280 1916 3394 &Abstergem
1960 3281 2055 3340 Qui
2078 3284 2385 3348 abstergerem
2406 3281 2631 3332 vulnera?

1652 3381 1665 3395 .
1688 3347 1753 3406 iv,
1772 3351 1823 3397 7.
1845 3351 1877 3396 9

1637 3411 1905 3461 Absterreo.
1973 3411 2085 3468 Quo
2130 3411 2426 3462 Chremetem
2456 3413 2631 3462 abster-

1571 3484 1705 3522 reant
1746 3476 1811 3522 A.
1831 3477 1902 3533 iii,
1928 3481 1973 3524 1.
1997 3480 2059 3524 14
2426 3523 2429 3526 ,

1636 3539 1883 3590 Abstineo.
1928 3539 2042 3586 Non
2063 3555 2252 3586 manum
2274 3537 2632 3596 absdncs‚mas·

1571 3603 1689 3714 {rigia
1708 3605 1750 3680 ἓ.
1773 3603 1994 3718 {113322-
2000 3609 2045 3724 3
2083 3603 2429 3714 ,Τιιεεὶεᾋῐέεέμ
2446 3603 2630 3652 abstine

1623 3683 1770 3724 ea.u,
1826 3701 1839 3715 .
2052 3684 2099 3715 ui
2136 3683 2231 3714 non
2332 3683 2353 3714 s
2392 3681 2503 3714 neas
2523 3681 2623 3714 ma-

1573 3747 1687 3779 num
1720 3731 1841 3782 Hes.
1866 3732 1939 3788 iii,
1962 3737 2012 3781 3.
2032 3737 2063 3780 4
2117 3729 2211 3778 Illa
2246 3747 2295 3779 se
2324 3731 2558 3778 abstinere
2580 3739 2635 3779 nt

1575 3796 1783 3873 potnerit
1796 3797 1826 3872 ἓ.
1860 3796 1957 3872 I-iet
1982 3797 2020 3858 i,
2040 3799 2088 3843 2.
2111 3799 2193 3870 64
2236 3795 2308 3842 Ea
2326 3809 2401 3842 me
2424 3795 2635 3843 abstinu-

1574 3875 1991 3974 useAbzgg'iilgfpm
2013 3859 2122 3970 {113⁶
2144 3863 2393 3970 :3:335013110
2432 3921 2636 3970 abstraxi

1577 3987 1671 4036 He.
1692 3988 1768 4044 iii,
1792 3993 1839 4039 1.
1864 3993 1924 4038 17
1982 3987 2103 4044 Quis
2136 3987 2280 4048 igitur
2312 4003 2418 4034 eum
2455 3988 2515 4034 ab
2550 3987 2635 4034 illa

1577 4053 1821 4109 abstraxit,
1856 4053 1945 4100 nisi
1972 4051 2094 4114 ego?
2140 4049 2201 4097 A.
2222 4051 2294 4107 iii,
2317 4057 2365 4100 2.
2387 4055 2452 4100 39
2500 4051 2633 4099 Psal-

1577 4115 1711 4164 triam
1754 4133 1849 4165 una
1869 4117 1981 4164 illuc
2014 4130 2195 4163 mecum
2228 4113 2340 4162 hine
2376 4117 2635 4163 abstraham

1579 4180 1677 4227 Ad.
1698 4198 1748 4244 v,
1772 4186 1821 4230 8.
1844 4187 1905 4232 57
1941 4179 2011 4228 Ut
2031 4195 2106 4226 me
2128 4194 2157 4226 a
2178 4177 2405 4243 Glycerio
2420 4181 2633 4229 miserum

1580 4245 1854 4293 abstrahat?
1899 4244 1963 4293 A.
1985 4245 2020 4298 i.
2043 4250 2093 4293 5.
2116 4248 2149 4292 8
2198 4243 2277 4294 Ab
2312 4247 2400 4296 hac
2431 4261 2537 4312 quae
2558 4259 2635 4292 me

1578 4308 1819 4359 abstrahat
1849 4309 1944 4359 He.
1964 4308 2039 4374 iii,
2060 4311 2109 4360 1.
2132 4312 2195 4359 18
