3192 4975
607 435 900 504 cccxxvi

609 601 698 652 Sic
725 615 756 650 ι
912 597 1012 648 Ad.
1031 601 1150 654 m!-
1190 601 1249 648 11
1299 597 1432 656 Quid
1469 592 1540 646 ais
1569 596 1665 646 tu?

613 668 720 717 AEs.
773 681 818 714 nc
837 662 1021 729 opinor.
1053 662 1132 711 Sic
1151 663 1280 711 ωΙσο
1323 663 1420 711 Ad.
1443 679 1490 720 v,
1511 667 1563 712 7.
1581 667 1665 712 22.

610 735 674 782 25
720 730 792 778 At
810 729 878 777 sic
897 727 1054 784 citius,
1137 727 1154 774 i
1175 736 1224 775 te
1241 728 1465 792 expedias
1498 727 1570 775 his
1602 742 1669 774 m·

609 795 804 851 cumnis,
829 793 1032 858 reperias
1129 807 1174 840 e.
1193 792 1268 852 iii,
1291 797 1336 842 1.
1358 797 1391 842 8
1443 791 1667 841 Profecto

609 859 702 908 hoc
724 859 792 907 sic
813 865 902 915 est,
924 864 978 905 ut
1007 863 1126 922 puto
1171 856 1267 905 He.
1290 856 1357 914 iii,
1381 861 1429 906 3.
1456 862 1520 906 19
1565 853 1667 914 Qui

607 924 680 972 sic
700 931 826 980 sunt,
847 923 972 970 haud
1009 915 1202 968 miiitum
1235 921 1464 969 haredem
1491 919 1669 986 juvant

610 987 708 1036 He.
729 987 800 1045 iii,
816 993 866 1035 ὅ.
887 992 951 1038 10
982 985 1034 1034 N
1035 1001 1096 1034 on
1119 985 1186 1034 sic
1203 986 1404 1034 ludibrio
1423 985 1513 1034 tuis
1531 987 1671 1034 factis

609 1051 802 1102 habitus
819 1067 966 1100 essem
1013 1049 1107 1098 He.
1127 1051 1190 1106 iv,
1215 1055 1260 1100 1.
1283 1054 1340 1098 11
1385 1050 1466 1098 Sic
1489 1051 1670 1112 optime

607 1131 776 1166 omnes
789 1131 953 1164 causas
975 1115 1224 1178 praecidam
1240 1115 1456 1164 omnibus
1489 1114 1584 1162 He.
1604 1116 1667 1171 iv,

611 1185 662 1232 2.
683 1185 750 1231 22
780 1181 860 1230 Sic
885 1189 932 1230 tc
954 1180 1146 1240 dixisse,
1165 1179 1336 1243 opinor
1379 1177 1472 1228 He.
1497 1195 1542 1235 v,
1565 1183 1615 1228 4.
1634 1185 1665 1228 ⁶

611 1243 758 1294 Nunc
777 1245 817 1294 si
902 1245 942 1292 is
959 1252 1048 1300 est,
1069 1243 1154 1308 qui
1184 1246 1274 1292 hoc
1307 1243 1454 1301 dicat,¹
1476 1251 1560 1290 unt
1597 1244 1668 1293 sic

609 1308 788 1374 cogitet
880 1311 929 1358 h.
951 1309 1079 1357 Ptol.
1115 1313 1178 1360 13
1226 1307 1458 1356 Βσείωιεε
1491 1309 1560 1356 εἰσ
1595 1315 1669 1356 est

611 1374 628 1386 '
723 1375 868 1425 nium.
898 1374 980 1422 Ad
1003 1381 1287 1437 precatorem
1302 1373 1487 1428 adeam.
1505 1373 1667 1430 credo,

645 1453 694 1486 ui
717 1439 830 1487 mihi
851 1438 920 1488 sic
939 1445 1055 1486 oret.
1101 1437 1232 1495 Quid
1271 1439 1336 1486 rei
1369 1437 1522 1502 gerit?
1571 1437 1667 1486 Ge.

649 1502 660 1514 ⁶
695 1538 710 1559 .
733 1503 935 1552 tenuiter
966 1503 1058 1551 Ph.
1079 1502 1112 1559 i,
1134 1508 1179 1552 2.
1203 1506 1287 1552 20.
1309 1508 1391 1553 m.
1411 1506 1478 1552 96
1509 1501 1665 1550 Hem!

607 1567 752 1616 ntin’
774 1569 844 1616 sic
859 1568 964 1616 est?
987 1566 1081 1616 Ge.
1097 1565 1224 1618 Non.
1245 1566 1345 1617 An.
1363 1566 1492 1624 Quid
1507 1566 1667 1615 sisic?

607 1630 706 1680 Ge.
721 1631 1086 1696 Propemodum.
1120 1630 1218 1680 An.
1239 1631 1373 1688 Quid
1389 1631 1431 1678 si
1445 1631 1548 1678 sic?
1571 1629 1668 1681 Ge.

609 1695 698 1744 sat
717 1705 790 1745 est
823 1697 914 1745 Ph.
932 1697 971 1758 i,
989 1701 1040 1746 4.
1061 1700 1124 1746 34
1179 1695 1310 1752 Non,
1333 1711 1428 1743 non
1451 1695 1518 1744 εἰσ
1537 1695 1668 1742 futu-

611 1775 713 1808 rum
735 1769 808 1808 est
825 1779 840 1807 ε
871 1776 970 1808 non
989 1767 1148 1824 potest
1177 1760 1268 1809 Ph.
1291 1761 1343 1822 ii,
1364 1764 1410 1808 1.
1429 1763 1495 1811 73
1541 1759 1668 1808 Phn-

611 1825 742 1872 nium
765 1824 974 1873 relictam
996 1825 1176 1872 solam?
1225 1825 1318 1874 Ge.
1341 1823 1438 1874 Sic.
1485 1823 1558 1872 Tu
1579 1824 1665 1872 im·

609 1889 796 2001 ffliisti.
843 1887 936 1938 Ph.
968 1889 1048 1937 Sic
1083 1889 1250 1952 opinor
1303 1889 1394 1936 Ph.
1413 1887 1466 1949 ii,
1489 1893 1540 1938 2.
1563 1893 1612 1937 2.
1634 1893 1669 1938 0

675 1953 744 2002 ihi
764 1955 832 2002 sic
862 1956 952 2004 hoc
985 1954 1171 2001 videtur
1217 1953 1308 2000 Ph.
1329 1953 1382 2008 ii.
1402 1958 1453 2002 4.
1477 1957 1536 2002 10
1588 1953 1667 2002 Sic

611 2019 791 2066 hubent
809 2018 1042 2082 principia
1061 2033 1178 2073 sese,
1201 2024 1257 2064 ut
1277 2017 1386 2066 dico
1417 2017 1510 2065 Ph.
1529 2017 1602 2076 iii,
1620 2021 1667 2066 1.

613 2087 678 2133 1⁶
711 2083 792 2131 Sic
811 2099 910 2130 sum
933 2101 948 2131 z
982 2084 1024 2131 si
1045 2083 1228 2146 placeo,
1247 2089 1378 2130 utere
1410 2081 1500 2130 Ph.
1521 2082 1592 2138 iii,
1616 2086 1666 2132 2.

610 2151 680 2196 42
732 2147 934 2196 Facinus
951 2146 1215 2212 indignum,
1238 2147 1454 2203 Chreme,
1473 2147 1544 2195 εἰσ
1577 2146 1669 2194 cir-

607 2211 805 2260 cumiri!
841 2211 974 2261 Inter
1001 2226 1084 2259 vos
1121 2212 1189 2260 sic
1225 2213 1328 2260 hoec
1364 2212 1522 2275 potius
1559 2227 1668 2260 cum

613 2275 740 2324 bonu
771 2283 822 2324 ut
853 2284 1196 2340 componuntur
1216 2275 1384 2340 gratia,
1431 2291 1538 2322 uum
1557 2289 1668 2322 cum

613 2341 771 2387 malt?
806 2339 912 2393 :Ph.
933 2341 998 2396 iv,
1019 2344 1067 2389 3.
1087 2345 1137 2389 9.
1162 2345 1224 2389 16
1271 2339 1400 2396 Quid
1419 2375 1432 2386 .
1465 2339 1669 2386 deliras?

613 2403 704 2452 Ch.
723 2403 804 2451 Sic
825 2404 928 2451 erit.
960 2403 1051 2451 Illa
1067 2404 1282 2452 maneat?
1331 2403 1422 2450 ch.
1445 2403 1542 2451 Sic.
1589 2403 1669 2451 Sic

683 2465 698 2514 i
727 2467 1020 2515 commodius
1057 2481 1158 2515 esse
1194 2466 1241 2514 in
1277 2481 1440 2513 omnes
1475 2467 1671 2515 arbitror

657 2532 704 2578 h.
725 2545 773 2588 v,
797 2535 846 2579 3.
869 2536 949 2580 18.
972 2535 1052 2581 30.
1073 2535 1132 2580 31
1189 2530 1323 2587 Quid
1345 2546 1428 2577 vos
1449 2546 1558 2593 ergo
1593 2544 1670 2579 me

606 2595 682 2644 sic
705 2594 1012 2645 ludificsmini
1031 2594 1214 2659 inepti?
1248 2595 1340 2645 Ph.
1364 2610 1409 2657 v,
1431 2599 1482 2644 7.
1503 2600 1566 2643 ⁶⁵
1589 2596 1668 2643 Sic

609 2659 790 2709 fuctum
825 2669 916 2709 est.
965 2661 1042 2710 Sic
1079 2662 1204 2708 dabo
1229 2660 1240 2707 l
1275 2674 1383 2723 age,
1419 2674 1506 2723 age
1541 2676 1670 2709 nunc

614 2724 707 2775 Ph.
729 2742 775 2789 v,
793 2729 844 2775 8.
865 2730 947 2775 17.
964 2730 1031 2775 38

677 2790 885 2839 Siccine.
948 2790 1133 2838 Siccine
1153 2805 1228 2837 me
1247 2796 1388 2853 utque
1408 2788 1536 2836 illam
1553 2804 1671 2851 ope-

611 2868 666 2903 n
687 2861 769 2901 tun
789 2870 915 2903 nunc
936 2855 1126 2903 miseros
1161 2853 1463 2902 solicitat-ier?
1516 2852 1579 2901 Α.
1602 2854 1667 2909 iv,

611 2922 664 2969 2.
685 2922 718 2968 0
749 2919 933 2969 Siccine
955 2920 1041 2975 uis,
1060 2918 1324 2967 Parmeno?
1360 2918 1452 2965 Eu.
1473 2918 1511 2974 i,
1533 2922 1582 2966 2.
1608 2920 1669 2966 19

614 2982 732 3031 Ain'
767 3000 895 3041 vero,
915 2984 1078 3032 canis?
1109 2982 1282 3031 siccine
1315 2982 1446 3045 ogis?
1492 2980 1583 3029 Eu.
1602 2982 1668 3039 iv,

611 3052 665 3097 7.
687 3052 751 3096 34
801 3046 988 3097 Siccine
1007 3055 1082 3095 est
1116 3048 1384 3096 sententia?
1417 3044 1540 3093 Heu.
1563 3047 1595 3102 i,
1622 3052 1666 3096 1.

615 3115 711 3160 114
744 3111 931 3161 Siccine
953 3112 1067 3160 mihi
1085 3111 1434 3175 inter-loquere?
1465 3110 1667 3167 Heu-iv,

611 3178 664 3224 8.
687 3180 748 3226 1⁸
781 3176 966 3225 Siccine
982 3193 1009 3223 a
1042 3178 1110 3223 's?
1142 3175 1237 3223 Ad.
1260 3177 1293 3231 i,
1317 3178 1365 3224 2.
1385 3178 1452 3224 48
1483 3174 1667 3223 Siccine

611 3241 742 3289 hunc
759 3240 972 3305 decipis?
1047 3242 1096 3291 h.
1121 3240 1190 3296 iii,
1209 3244 1259 3288 2.
1280 3244 1343 3287 43

679 3304 861 3353 Sicubi.
923 3304 1044 3351 Tum
1075 3305 1225 3353 sicubi
1259 3319 1367 3351 eum
1401 3302 1544 3350 satias
1580 3304 1668 3350 ho-

615 3366 813 3428 minum,
835 3376 918 3415 aut
939 3367 1101 3431 negoti
1119 3368 1160 3417 si
1179 3368 1370 3430 quando
1389 3368 1551 3414 odium
1587 3384 1667 3415 ce-

613 3440 748 3493 perat
779 3432 872 3482 Eu.
893 3430 964 3489 iii.
989 3437 1035 3480 1.
1058 3436 1119 3481 13

677 3494 892 3561 Signum.
955 3496 1066 3545 Scio
1085 3513 1098 3543 ε
1129 3508 1348 3559 magnum
1378 3496 1562 3559 signum
1603 3495 1667 3545 A.

613 3558 666 3617 ii,
690 3565 740 3609 2.
759 3566 824 3611 29
867 3561 971 3609 Etsi
991 3560 1107 3609 illud
1127 3559 1366 3623 inceptum
1387 3567 1544 3609 tamen
1562 3562 1666 3608 ani-

614 3625 680 3672 mi
699 3638 773 3673 est
791 3625 1012 3690 pudentis
1032 3627 1235 3690 signum,
1257 3635 1307 3673 et
1327 3640 1421 3672 non
1436 3626 1665 3675 instrenui

614 3688 738 3738 Heu.
759 3691 796 3752 i,
818 3696 870 3749 1.
883 3694 948 3741 68
999 3690 1230 3755 Magnum
1251 3690 1342 3738 hoc
1359 3706 1548 3754 quoque
1567 3692 1665 3755 sig·-

612 3768 726 3801 num
763 3763 854 3810 est.
888 3754 1126 3803 dominam
1167 3769 1268 3803 esse
1307 3762 1439 3803 extra
1475 3756 1663 3803 noxiam

609 3818 734 3867 -Hea-
751 3820 807 3885 ii,
827 3825 875 3869 3.
897 3824 958 3868 67
992 3818 1101 3869 Ηοσ
1120 3826 1193 3868 est
1208 3818 1347 3883 signi,
1365 3818 1448 3866 ubi
1463 3820 1663 3883 primum

611 3884 801 3947 poterit,
823 3900 872 3933 se
891 3884 1023 3933 illinc
1061 3884 1310 3945 subducet,
1331 3884 1430 3932 scio
1485 3884 1572 3931 Eu.
1594 3884 1661 3939 iv,

613 3953 661 3996 1.
689 3952 748 3997 14
803 3948 935 4005 Quid
957 3950 1058 3997 ais?
1093 3964 1190 3996 non
1209 3948 1330 4012 sigui
1351 3950 1442 3995 hoc
1461 3956 1533 3996 sat
1552 3949 1659 3995 est?

613 4011 707 4061 He.
726 4013 780 4069 ii,
807 4018 852 4063 1.
887 4018 952 4062 39
1005 4013 1134 4061 Num
1165 4013 1270 4077 ejus
1303 4013 1434 4060 color
1468 4013 1661 4075 pudoris

611 4076 796 4141 signum
819 4094 1012 4141 usquam
1029 4078 1242 4125 indicat?
1276 4077 1338 4124 A.
1358 4092 1404 4133 v,
1423 4081 1472 4125 3.
1489 4082 1520 4125 7
1565 4078 1662 4125 Hic

607 4154 701 4202 ego
740 4158 819 4189 ero
857 4151 965 4205 post
997 4143 1259 4206 principiam
1291 4140 1404 4189 inde
1446 4142 1663 4189 omnibus

609 4203 796 4266 signum
835 4209 960 4255 dabo
1012 4206 1106 4255 Eu.
1140 4207 1208 4263 iv,
1230 4211 1278 4254 7.
1300 4211 1360 4255 11
1409 4205 1570 4252 Multa
1613 4206 1663 4253 in

614 4266 820 4325 homine,
841 4270 1040 4326 Demea,
1060 4272 1196 4334 signa
1213 4270 1374 4319 insunt
1425 4268 1522 4317 Ad.
1541 4285 1589 4332 V,
1614 4274 1663 4319 3.

611 4334 680 4380 80
732 4330 904 4383 Adhuc
923 4350 1029 4399 qum
1049 4336 1270 4393 assolent,
1293 4348 1492 4398 qumque
1523 4349 1661 4398 opor·-

1586 445 1661 498 m
1674 439 1841 498 DBX'

1736 603 1809 646 tet
1844 595 1979 662 sim
2014 589 2117 646 es'se
2152 593 2213 644 td
2252 589 2467 650 snln'tem,
2490 591 2649 644 omniu
2684 589 2813 652 huf&

1738 677 1841 710 esse
1858 661 1997 712 video
2028 662 2091 709 A.
2112 661 2192 722 iii,
2210 665 2259 710 2.
2280 664 2313 710 2
2344 659 2569 716 Patrium,
2588 669 2639 710 et
2656 663 2797 726 signa

1736 734 1913 788 cetera,
2026 741 2087 774 ue
2100 725 2279 774 sciebat
2309 723 2401 772 Eu.
2422 725 2459 782 i,
2480 728 2531 774 2.
2550 729 2617 774 82
2648 725 2799 789 Signa

1736 792 1937 840 ostende
2032 807 2080 838 u.
2098 791 2234 854 1⁹36.
2252 793 2321 839 20
2368 789 2473 852 Ego
2506 803 2563 838 eo
2596 791 2661 837 sd
2704 791 2795 839 so-

1738 856 1964 920 phronon·
1984 854 2227 911 nutricem,
2250 861 2306 900 ut
2336 867 2437 930 enm
2472 853 2722 916 adducam,
2742 863 2796 904 et

1736 917 2797 1052 xffitgztffl⁸3³gkssz.ss¹2’;1¹{’ssa.³?,{5¹27

1738 1077 1745 1086 ·
1803 1049 2069 1098 Silentium.
2150 1047 2199 1095 N
2202 1061 2295 1096 unc
2338 1047 2475 1095 turha
2512 1045 2643 1095 nulla
2678 1055 2755 1096 est
2773 1063 2795 1097 ε

1736 1113 1902 1170 otium,
1922 1120 1973 1161 et
1990 1113 2227 1162 silentium
2246 1118 2320 1160 est
2350 1111 2445 1160 He.
2468 1112 2567 1160 Alt-
2584 1108 2707 1160 Ptol.
2722 1115 2795 1163 36

1738 1175 1867 1226 Date
1888 1185 2183 1242 potestatem,
2204 1175 2319 1224 mihi
2338 1175 2570 1224 statarium
2590 1184 2642 1223 ut
2656 1189 2797 1240 agere

1738 1241 1879 1290 licent
1896 1256 1981 1306 per
1998 1242 2235 1290 silentium
2280 1240 2403 1290 Hes.
2428 1240 2552 1288 Prol.
2572 1243 2639 1290 30
2692 1241 2798 1290 He-

1736 1321 1899 1370 cyram
1920 1308 1979 1354 nd
1997 1321 2081 1354 vos
2100 1309 2267 1362 refero,
2286 1321 2428 1370 quom
2462 1305 2578 1352 mihi
2612 1319 2699 1370 per
2732 1307 2797 1354 si-

1737 1371 1935 1420 lentium
1956 1386 2193 1434 nunquam
2216 1385 2353 1434 ugcoe
2364 1368 2539 1418 licitum
2556 1377 2645 1420 est.
2668 1369 2801 1418 Date

1738 1435 1994 1492 silentium,
2030 1443 2085 1482 ut
2120 1435 2269 1484 libeat
2302 1433 2500 1482 scribere
2534 1433 2639 1482 aliia
2693 1435 2795 1484 He.

1738 1499 1843 1549 Ant.
1866 1501 1993 1548 Ptol.
2012 1505 2093 1550 21.
2115 1503 2180 1550 47
2234 1498 2416 1548 Adeste

1739 1579 1823 1628 per
1843 1564 2077 1613 silentium
2131 1564 2222 1612 Ph.
2244 1562 2373 1610 Ptol.
2396 1565 2457 1614 sl

2530 1513 2595 1546 uo
2635 1499 2797 1547 animo

2674 1579 2799 1628 ope-

1738 1645 1853 1690 rnm,
1887 1637 1937 1677 et
1967 1643 2075 1678 cum
2110 1627 2298 1676 silentio
2334 1625 2705 1691 animadvertite,
2738 1633 2800 1676 ut

1738 1693 1830 1742 Eu.
1852 1695 1980 1742 Ptol.
2001 1696 2065 1742 44

1803 1758 1951 1814 sileo,
1982 1757 2180 1807 Silesco.
2243 1751 2505 1820 Argentum·
2544 1756 2799 1808 inventum

1738 1833 1813 1871 est
1835 1823 2091 1871 Phaedriae
2126 1819 2361 1884 dejurgio
2380 1821 2545 1888 siletur
2576 1821 2665 1872 Ph.
2680 1835 2728 1878 v,
2742 1825 2799 1870 2.

1741 1891 1805 1936 is
1837 1887 1945 1936 Nisi
1962 1887 2076 1934 dum
2098 1887 2171 1934 hm
2192 1885 2585 1934 silescunt-nubo
2628 1884 2727 1936 Ad.
2744 1901 2795 1942 v,

1804 2015 2115 2064 Silicemium.
2176 2011 2205 2061 1
2224 2027 2339 2061 sane
2354 2030 2369 2060 =
2386 2027 2479 2076 ego
2500 2019 2547 2062 te
2568 2013 2793 2062 exercebo

1738 2080 1900 2137 hodie,
1922 2087 1977 2128 ut
1994 2081 2165 2144 dignus
2184 2093 2255 2135 es,
2275 2077 2561 2127 silicernium
2614 2077 2707 2126 Ad.
2724 2078 2797 2136 iv,

1804 2208 2015 2257 Simalio.
2055 2206 2267 2267 Simalio,
2287 2206 2479 2269 Donnx,
2498 2208 2703 2273 Syrisce,
2720 2222 2799 2256 se·

1740 2274 1956 2384 ἓιιίιιιίιιί.
1987 2272 2077 2330 Tu,
2098 2272 2306 2330 Simalio,
2328 2271 2381 2320 in
2402 2271 2635 2321 sinistrum
2648 2285 2798 2323 cornu,

1788 2353 1834 2385 u.
1856 2337 1921 2392 iv,
1942 2342 1992 2386 7.
2012 2342 2061 2386 2.
2088 2343 2119 2386 5

1805 2402 1998 2459 Similis,
2035 2402 2097 2449 le.
2163 2400 2359 2450 Domini
2394 2399 2556 2450 similis
2596 2415 2649 2450 es
2700 2399 2802 2450 Eu.

1740 2463 1810 2527 iii,
1830 2470 1879 2515 2.
1902 2471 1965 2517 43
2000 2466 2264 2517 convinces
2290 2465 2429 2515 facile
2450 2481 2507 2514 ex
2531 2473 2578 2514 te
2600 2473 2757 2513 natum
2774 2475 2795 2513 ε

1740 2542 1851 2577 num
1874 2532 1942 2578 tui
1960 2531 2125 2580 similis
2146 2538 2219 2581 est
2242 2532 2381 2595 probe
2434 2531 2557 2579 Heu.
2580 2546 2626 2586 v,
2648 2535 2701 2579 3.
2722 2534 2795 2579 18

1740 2593 1905 2643 Salvos
1946 2596 2023 2652 sit,
2046 2611 2182 2673 spero
2202 2610 2216 2645 ε
2248 2602 2320 2644 est
2360 2594 2522 2643 similis
2562 2592 2798 2657 majorum

1742 2674 1877 2708 sunm
1909 2658 2009 2709 Ad.
2028 2660 2101 2716 iit.
2124 2666 2173 2711 ³.
2196 2664 2258 2710 5⁷
2312 2661 2467 2719 Quam
2484 2666 2681 2723 uterque
2718 2667 2799 2706 est

1740 2723 1901 2771 similis
1924 2725 2028 2773 sui!
2077 2724 2168 2774 Ph.
2184 2725 2260 2787 iii,
2281 2730 2329 2774 2.
2354 2729 2417 2774 lo
2470 2724 2615 2773 Haud
2636 2722 2803 2771 similis

1741 2794 1813 2835 est
1833 2788 1960 2853 virgo
1980 2790 2211 2853 virginum
2246 2797 2505 2837 nostrarum
2554 2788 2645 2836 En.
2666 2788 2721 2844 ii,
2742 2793 2796 2839 3.

1738 2856 1801 2901 21
1860 2852 1987 2901 Viris
2022 2870 2125 2902 esse
2158 2854 2395 2911 advorsus,
2414 2868 2553 2917 mque
2586 2853 2796 2900 studium

1743 2924 1851 2963 esta
1883 2918 2045 2967 similis
2083 2918 2341 2981 pertinacia
2374 2924 2449 2966 est
2484 2917 2593 2965 .1{e.
2611 2918 2664 2973 ii,
2688 2921 2735 2966 1.
2756 2922 2791 2965 6

1736 2980 1817 3031 Ne
1838 2980 1979 3029 simili
1998 2990 2183 3031 utamur
2210 2982 2415 3039 fortuna,
2434 2989 2579 3046 atque
2596 2982 2689 3029 nsi
2716 2996 2801 3029 su-

1738 3060 1843 3093 mus
1873 3046 1964 3093 Pb.
1982 3047 2109 3095 Ptol.
2127 3051 2192 3096 32
2224 3046 2329 3095 Eho
2346 3047 2359 3094 l
2382 3062 2543 3095 nonne
2556 3047 2649 3095 hoc
2660 3060 2799 3093 τηου·

1740 3110 1821 3157 stri
1836 3110 1985 3158 simile
2006 3112 2105 3159 est?
2138 3110 2231 3159 Eu.
2252 3111 2307 3168 ii,
2329 3116 2380 3161 3.
2396 3112 2464 3160 42
2494 3110 2547 3158 Si
2568 3111 2683 3175 quid
2704 3110 2797 3157 hu-

1733 3173 1815 3238 jus
1834 3176 1986 3223 simile
2003 3176 2125 3224 forte
2146 3176 2399 3239 aliquando
2418 3176 2629 3223 evenerit
2666 3174 2797 3225 Heu.

1738 3240 1809 3293 iii,
1832 3244 1881 3289 2.
1904 3244 1971 3288 40
2020 3238 2217 3288 Nullum
2253 3239 2395 3303 hujus
2428 3240 2579 3287 simile
2614 3240 2793 3287 {sctum

1739 3304 1836 3351 Ad.
1859 3304 1893 3360 i,
1914 3310 1963 3353 2.
1990 3309 2053 3354 16
2086 3305 2308 3362 Monstri,
2327 3306 2395 3353 ito
2416 3321 2491 3353 me
2511 3303 2581 3351 Di
2600 3302 2787 3351 ament!

1738 3366 1887 3416 simile
1942 3369 2031 3417 Ph.
2054 3385 2102 3426 v,
2124 3374 2176 3418 ¹1.
2206 3374 2269 3419 61
2326 3368 2611 3432 Perpulchra
2648 3368 2791 3415 credo

1736 3432 1883 3489 donn,
1902 3434 2029 3482 haud
2050 3434 2219 3482 nostris
2235 3434 2407 3481 similia
2450 3434 2544 3481 Eu.
2562 3432 2635 3493 iii,
2652 3436 2705 3479 2.
2726 3437 2793 3483 16

1737 3494 1865 3545 Ecce
1884 3506 2039 3546 autem
2062 3498 2229 3547 similia
2248 3499 2439 3547 onmia:
2472 3512 2632 3545 omues
2668 3510 2787 3545 con-

1735 3571 1909 3625 gruunt
1939 3562 2028 3610 Ph.
2050 3562 2101 3620 ii,
2126 3568 2172 3612 1.
2194 3567 2257 3615 34
2690 3588 2693 3595 ·

1800 3626 1948 3675 Simo.
2011 3626 2099 3674 Est
2117 3627 2245 3675 Simo
2278 3626 2441 3675 intus?
2485 3626 2550 3673 A.
2570 3625 2634 3683 iv,
2650 3630 2701 3675 4.
2720 3630 2789 3674 50

1734 3688 1804 3750 Si,
1822 3692 1967 3748 Simo,
1987 3692 2113 3739 hunc
2133 3693 2261 3740 noris
2278 3691 2409 3754 satis,
2427 3707 2523 3739 non
2560 3689 2629 3739 itu
2666 3691 2795 3739 arbi·-
2816 3722 2829 3737 .

1733 3761 1852 3803 ltere
1884 3754 1948 3803 A.
1970 3771 2015 3812 v,
2036 3761 2087 3806 4.
2111 3760 2170 3805 11

1796 3819 2021 3883 Simplex·
2084 3819 2276 3885 Duplex
2298 3836 2407 3885 qum
2424 3836 2484 3868 ex
2511 3825 2785 3885 argumento

1728 3882 1857 3931 facta
1876 3892 1949 3931 est
1966 3884 2051 3931 sim
2089 3884 2169 3934 lici
2200 3886 2322 3935 Hea-
2346 3885 2474 3934 Ptol.
2494 3890 2527 3935 6

1794 3948 1959 3996 Simul.
2074 3949 2091 3995 i
2116 3956 2207 3998 tres
2238 3958 2340 3999 tum
2376 3949 2513 3998 simui
2550 3948 2791 3997 amabant.

1730 4011 1876 4060 Simul
1909 4014 2158 4063 sceleratus
2189 4014 2354 4063 Davus
2388 4015 2429 4062 εἱ

1731 4077 1891 4138 habet,
1926 4084 1981 4125 ut
2014 4088 2259 4127 consumat
2292 4094 2421 4128 nunc

1734 4145 1829 4191 132
1882 4142 2043 4189 Multa
2061 4152 2343 4192 concurrunt
2372 4144 2527 4197 simul,
2548 4142 2629 4208 qui
2666 4156 2784 4189 con-

2500 4014 2580 4062 uid
2616 4010 2789 4061 consili

2515 4112 2530 4127 .
2564 4078 2601 4135 i,
2623 4083 2667 4126 1.
2696 4080 2789 4125 60.

1723 4204 1956 4268 jecturom
1974 4208 2095 4256 hunc
2117 4224 2243 4257 nunc
2260 4209 2400 4258 fscio.
2434 4208 2587 4255 Missa
2608 4213 2682 4257 est
2700 4222 2787 4254 an·

1730 4270 1845 4318 cilla
1854 4272 1981 4319 illico
1992 4273 2286 4322 obstetricem
2302 4272 2567 4320 arcessitum
2582 4273 2642 4318 ad
2658 4286 2787 4328 enm,

1733 4343 1783 4382 et
1796 4350 1993 4397 puerum
2010 4344 2065 4385 ut
2085 4338 2268 4386 afferret
2278 4336 2413 4387 simul
2445 4336 2512 4387 A.
2530 4334 2606 4395 iii,
2622 4340 2673 4385 2.
2693 4337 2793 4387 31.
