3192 4975
1210 443 1286 492 m
1337 436 1813 497 ϊιςιῑιὲυϊιωι.

413 593 499 643 bos
521 594 686 644 dedit!
719 593 809 644 Eu.
829 593 895 655 ir,
919 598 967 644 3.
991 597 1047 644 11
1103 595 1236 653 Quat
1271 593 1474 662 (mines)

415 675 500 722 pro
517 660 749 709 alimentis
768 675 870 708 esse
892 675 1018 708 nunc
1035 661 1160 708 duco
1176 661 1310 711 dam
1343 661 1470 713 Hea-

412 724 528 837 3132?
533 724 691 837 εἰ.
709 723 1472 840 bsszq⁰23.p“'12¹¹:3:¹¹39253‡22,‘33

412 859 567 916 partes
589 861 692 901 tuas
715 864 900 902 acturus
923 862 1008 904 est.
1045 851 1141 904 An.
1176 853 1345 911 Quas?
1380 854 1472 907 Ph.

411 933 462 979 v,
483 923 532 967 6.
569 922 599 966 7
657 917 844 975 Quibus
882 918 1114 983 (nuptiis)
1152 935 1294 983 quarn
1332 919 1472 970 facile

411 989 628 1044 potuerat
649 983 829 1046 quiesci
862 982 929 1033 A.
962 984 1030 1044 iv,
1051 988 1100 1032 2.
1121 989 1152 1032 8
1201 983 1324 1048 Ego,
1361 985 1473 1048 quia

409 1061 507 1094 non
542 1047 685 1096 rediit
721 1047 866 1109 filius,
901 1048 1071 1112 quibus
1101 1065 1230 1098 nune
1266 1048 1475 1098 solicitet

407 1111 576 1159 rebus!
612 1113 711 1160 Ad.
743 1113 780 1174 i,
816 1117 862 1162 1.
901 1119 961 1164 11
1033 1112 1218 1171 Quibus
1249 1113 1297 1160 in
1335 1115 1472 1164 rebus

409 1176 529 1224 alius
551 1191 612 1224 ne
634 1177 778 1225 iratus
799 1178 990 1240 quidem
1020 1187 1093 1224 est
1127 1177 1217 1226 He.
1239 1177 1310 1240 iii,
1334 1184 1381 1230 1.
1405 1184 1471 1230 28

406 1237 546 1289 Intus
570 1241 863 1304 transsigetur,
887 1244 928 1292 si
948 1242 1063 1306 quid
1098 1251 1187 1299 est,
1227 1243 1354 1306 quod
1377 1260 1471 1292 rez-

410 1311 480 1352 tet
510 1305 572 1354 A.
596 1321 643 1362 v,
660 1309 710 1356 6.
734 1311 796 1357 17
844 1307 949 1372 Ego
983 1322 1172 1372 quoque
1195 1323 1291 1358 una
1311 1323 1470 1371 pereo,

409 1371 537 1434 quod
562 1370 676 1417 mihi
697 1379 770 1419 est
799 1372 954 1422 carius
994 1371 1080 1421 Eu.
1105 1373 1160 1430 ii,
1185 1377 1232 1422 1.
1256 1378 1286 1422 6
1340 1373 1471 1430 Quid

409 1434 478 1482 ais
499 1436 516 1482 ?
547 1434 638 1482 Th.
685 1433 743 1482 Id
783 1439 911 1500 quod
934 1452 1005 1484 res
1027 1446 1100 1486 est
1132 1437 1224 1486 Eu.
1247 1437 1312 1499 iv,
1333 1443 1382 1488 6.
1407 1442 1470 1488 10

407 1497 541 1546 Nihil
577 1508 650 1547 est
683 1500 865 1550 Thaide
903 1503 992 1551 hac
1023 1509 1108 1549 tua
1127 1501 1319 1565 dignius
1340 1504 1470 1567 quod

407 1573 589 1612 ametur
621 1564 713 1612 Eu.
737 1581 784 1625 ν,
805 1572 854 1616 9.
876 1569 940 1616 22
975 1564 1126 1623 Dum,
1142 1568 1272 1630 quod
1295 1574 1344 1615 te
1365 1568 1470 1632 dig-

407 1644 522 1676 num
545 1638 634 1684 est,
656 1629 802 1680 facies
834 1630 958 1680 Hea.
981 1631 1014 1688 i,
1038 1636 1084 1681 l.
1108 1638 1186 1690 56,
1223 1632 1368 1690 Quod
1407 1633 1468 1682 ud

405 1692 540 1742 illurn
581 1694 752 1743 attinet
783 1695 1077 1758 potissimum
1109 1696 1209 1745 Ad.
1247 1697 1318 1754 iii,
1354 1700 1400 1746 1.
1435 1702 1470 1748 9

407 1757 552 1814 Quod
575 1759 666 1820 hoc
688 1776 838 1822 genus
859 1761 963 1808 est?
998 1759 1093 1810 He.
1110 1761 1165 1822 ii,
1189 1767 1234 1811 1.
1261 1769 1285 1811 1
1324 1761 1470 1818 Quod

407 1823 502 1871 fors
523 1822 659 1883 feret,
680 1823 880 1872 feremus
900 1840 1036 1889 aequo
1059 1827 1216 1874 antimo
1249 1826 1337 1873 Ph.
1359 1827 1398 1883 i,
1419 1832 1468 1878 2.

406 1891 472 1938 88
505 1886 650 1946 Quod
672 1896 722 1936 tu
740 1905 914 1964 speras,
937 1889 1222 1954 propulsabo
1241 1891 1380 1940 facile
1401 1891 1468 1943 A.

403 1951 458 2010 ii,
490 1957 540 2002 3.
579 1957 640 2003 21
694 1951 892 2017 Aliquid
937 1955 1097 2002 inveni
1139 1956 1296 2017 modu,
1337 1957 1468 2020 quod

405 2031 532 2065 ames
567 2017 658 2066 Eu.
693 2017 745 2076 ii,
786 2024 836 2068 3.
865 2023 922 2069 17
979 2019 1092 2068 Sine
1129 2036 1224 2083 me,
1257 2021 1466 2070 vacivom

405 2087 594 2146 tempus
611 2099 673 2130 ne
693 2084 821 2146 quod
845 2083 974 2132 duim
999 2085 1116 2133 mihi
1137 2084 1306 2132 laboris
1339 2085 1466 2135 Heu.

403 2144 443 2201 i,
464 2150 513 2195 1.
535 2151 600 2196 38
655 2146 858 2196 Pravum
895 2164 954 2196 an
998 2158 1175 2197 rectum
1209 2151 1314 2207 siet,
1335 2151 1465 2214 quod

403 2225 467 2322 ἒίῗ
470 2210 814 2326 ῗέιὲἳίὶῗῖἱέ
824 2213 1066 2327 ’.ἶὲιῗέ
1067 2213 1238 2328 (1ῑῖὶοῖιῶ
1243 2230 1344 2330 Ἢ
1345 2215 1464 2328 ‘'15¹0‘’

405 2339 522 2398 scio,
565 2343 693 2405 quod
738 2293 960 2406 mapgnum
1005 2313 1181 2390 maluit
1219 2359 1296 2391 me
1339 2345 1464 2392 celas

403 2402 503 2454 He.
525 2403 594 2469 iii,
620 2412 665 2456 1.
687 2411 752 2456 39
802 2407 944 2466 Quod
983 2422 1110 2456 nunc
1145 2409 1358 2456 minitare
1391 2410 1461 2456 fa-

401 2485 527 2527 eere,
565 2478 619 2519 ut
639 2472 814 2521 faceres
847 2471 942 2523 He.
973 2471 1044 2534 iii,
1066 2477 1116 2523 4.
1150 2477 1212 2523 13
1262 2471 1461 2533 Nescio,

402 2537 531 2598 quod
571 2553 792 2601 magnum
824 2540 914 2587 hoc
949 2540 1118 2585 nuntio
1141 2545 1338 2601 expecto
1363 2554 1460 2587 mn-

403 2598 500 2647 lum
535 2601 626 2649 Ph.
664 2604 699 2664 i,
720 2608 770 2653 4.
797 2608 858 2652 16
907 2603 1016 2659 Quo
1032 2603 1159 2665 jure,
1175 2619 1364 2665 quaque
1388 2605 1461 2651 in-

396 2663 524 2727 juria
557 2666 623 2714 A.
657 2668 690 2723 i,
724 2672 773 2716 3.
806 2672 840 2715 9
889 2667 999 2723 Quo
1043 2674 1184 2729 paeto
1218 2666 1462 2715 Rhodium

402 2729 636 2791 tetigerim
655 2730 706 2777 in
728 2730 947 2779 convivio
981 2730 1074 2777 Eu.
1093 2731 1163 2787 iii,
1188 2736 1234 2779 1.
1256 2735 1320 2781 30
1353 2732 1464 2786 Quo

405 2794 562 2841 studio
596 2794 740 2842 vitam
774 2810 906 2843 suam
945 2805 992 2841 te
1029 2797 1223 2842 absente
1258 2795 1466 2858 exegerit

401 2856 528 2909 Hea.
567 2859 626 2916 ii„
645 2862 691 2907 3.
715 2864 780 2909 39
814 2858 924 2915 Quo
947 2866 1087 2922 pacto
1113 2860 1202 2907 hoc
1223 2860 1464 2923 aporiam?

404 2919 500 2971 He.
526 2924 590 2980 iv,
623 2928 672 2972 4.
705 2928 738 2973 6
786 2923 898 2980 Quo
934 2924 1096 2971 redibo
1121 2940 1201 2972 ore
1239 2925 1300 2971 ad
1342 2940 1464 2982 enm,

403 3003 546 3051 quam
563 2988 922 3037 contemserim?
955 2988 1048 3037 Ph.
1075 3004 1124 3045 ν,
1152 2995 1200 3039 7.
1223 2992 1286 3037 24
1338 2988 1462 3053 Ergo

402 3060 566 3115 aperte
591 3054 680 3112 vis,
703 3068 808 3117 quae
833 3062 1024 3109 restant,
1048 3069 1120 3101 me
1140 3054 1272 3117 loqui
1292 3054 1309 3101 ?
1341 3052 1406 3101 A.
1427 3054 1463 3111 i,

404 3120 452 3165 2.
473 3121 537 3167 24
584 3118 660 3166 Tu
697 3120 908 3175 fortasse,
943 3134 1049 3182 quae
1070 3119 1198 3167 facta
1237 3119 1315 3167 hic
1351 3118 1462 3175 sint,

401 3183 556 3230 nescis
587 3182 680 3232 Eu.
703 3200 748 3241 v,
771 3189 821 3233 9.
858 3188 920 3233 31
971 3183 1102 3240 Quin
1138 3184 1331 3239 habeat,
1355 3197 1462 3247 quae

401 3247 596 3310 quidem
615 3249 668 3297 in
691 3249 881 3297 homine
900 3248 1121 3297 dicuntur
1153 3248 1305 3296 bona?
1338 3247 1463 3297 Heu.

400 3310 440 3369 i,
462 3316 511 3360 2.
535 3318 597 3361 19
647 3312 756 3370 Ina,
793 3329 900 3376 quae
933 3314 1132 3361 antehae
1172 3315 1296 3362 saeta
1331 3321 1461 3376 sunt,

403 3377 569 3425 omitto
603 3377 702 3427 Ad.
723 3380 759 3435 i,
781 3383 830 3429 2.
853 3384 884 3427 6
935 3379 1076 3427 Unde
1109 3379 1323 3427 exordiar
1354 3394 1461 3425 nar-

401 3456 520 3499 rare,
539 3458 646 3505 quae
668 3458 756 3491 nec
779 3444 995 3507 opinanti
1017 3444 1239 3491 accidunt
1271 3442 1367 3491 He.
1389 3443 1464 3500 iii,

401 3510 451 3555 8.
471 3512 504 3556 2
552 3506 676 3571 Ego,
698 3523 805 3571 quoe
826 3508 875 3555 in
898 3524 992 3556 rem
1017 3515 1144 3555 tuam
1165 3508 1280 3564 sint,
1301 3522 1359 3555 ea
1381 3523 1461 3555 ve·

409 3570 488 3618 lim
519 3572 664 3620 facias
697 3572 788 3623 Ph.
819 3573 871 3635 ii,
909 3578 959 3625 4.
993 3577 1025 3621 9
1077 3572 1128 3620 Si
1149 3572 1262 3621 mihi
1282 3572 1461 3635 pergit,

403 3650 512 3745 gum
533 3638 647 3694 volt,
674 3638 828 3686 dicere
848 3654 864 3699 ;
896 3653 970 3695 ea,
989 3653 1096 3702 quae
1115 3652 1215 3685 non
1235 3638 1351 3696 volt,
1377 3652 1460 3685 au·

437 3697 507 3746 iet
537 3702 602 3748 A.
628 3718 674 3758 v,
693 3706 742 3751 4.
775 3708 837 3753 17
890 3703 1012 3760 Quae
1035 3718 1141 3749 vera
1175 3702 1355 3762 audivi,
1390 3709 1463 3749 ta·

403 3778 509 3822 ceo,
532 3772 583 3811 et
619 3765 840 3814 contineo
879 3777 1074 3831 optume
1105 3766 1198 3815 Eu.
1234 3768 1269 3825 i,
1307 3771 1357 3815 2.
1394 3770 1458 3815 23

403 3826 504 3876 Ubi
523 3828 708 3876 adbibit
737 3832 841 3893 plus
881 3833 1039 3893 paulo,
1063 3848 1148 3879 sua
1177 3847 1284 3895 quae
1307 3839 1462 3879 narrat

401 3892 640 3941 facinora!
677 3893 801 3944 Hea.
841 3894 892 3951 ii,
919 3901 964 3945 1.
984 3901 1016 3945 8
1068 3896 1248 3945 Sedulo
1270 3912 1460 3952 moneo,

400 3960 1462 4088 3¹¹²ssx⁰⁸12¹z÷¹zfssguz²sessssgssiffffi‘22:232’

438 4057 452 4071 ·
1445 4058 1460 4081 ι

402 4090 573 4151 partim
594 4104 702 4153 quoe
725 4090 890 4151 accepi
921 4090 1106 4137 auribus
1141 4090 1238 4137 He.
1259 4089 1332 4146 iii,
1355 4094 1404 4139 3.
1428 4094 1459 4138 3

403 4150 543 4217 Coepi
563 4154 626 4201 iis
649 4154 807 4201 onmia
827 4154 1000 4211 facere,
1020 4154 1212 4217 obsequi
1236 4170 1342 4217 quae
1365 4155 1460 4203 vel-

404 4212 500 4265 lent
537 4218 625 4266 Ph.
645 4220 683 4275 i,
704 4225 752 4268 2.
775 4222 840 4269 29
873 4218 1001 4267 Scin'
1021 4234 1094 4265 me
1115 4219 1166 4265 in
1182 4220 1351 4281 quibus
1372 4219 1459 4266 sim

405 4282 622 4343 gaudiis?
657 4283 746 4331 Eu.
767 4300 814 4340 v,
837 4288 887 4332 9.
909 4289 939 4333 6
989 4283 1148 4331 Multa
1183 4283 1233 4329 in
1272 4283 1459 4333 homine

403 4345 538 4410 signa
558 4348 734 4407 insunt,
755 4365 812 4398 ex
833 4347 1009 4415 quibua⁸
1025 4348 1298 4419 conjectura
1319 4348 1458 4399 facile

2314 433 2617 501 cclxxxv

1551 597 1607 644 fit
1637 596 1735 646 Ad.
1772 613 1819 654 ν,
1842 600 1893 646 3.
1914 599 1981 646 36
2026 593 2141 646 Nou
2174 597 2243 647 nic
2274 595 2481 648 ludibrio
2512 599 2609 649 tuit

1547 661 1689 709 factis
1740 661 1929 710 habitus
1946 713 1953 716 ,
1972 677 2137 712 essem.
2205 663 2319 727 My.
2382 662 2609 721 Quibus?

1551 725 1646 774 He.
1678 727 1745 788 iv,
1775 732 1819 776 1.
1842 731 1901 778 u
1953 726 2084 784 Quid
2120 734 2211 784 est,
2240 728 2371 792 quod
2398 743 2473 776 me
2491 729 2611 778 veiis

1549 790 1613 840 A.
1653 791 1687 847 i.
1712 795 1759 841 1.
1786 795 1849 840 18
1899 790 2067 848 Quid?
2103 799 2152 838 tu
2184 792 2257 839 hio
2292 792 2429 840 rebus
2450 792 2609 844 erodi·

1549 855 1687 904 fieri?
1712 856 1844 913 Quid
1862 856 2047 904 videtur
2066 857 2157 906 hoe
2178 855 2609 921 tibimnueipiurn?

1551 919 1644 968 Eu·
1678 921 1728 978 ii,
1766 925 1815 970 2·
1841 926 1921 970 1⁴0
1938 924 2005 971 ⁴2
2052 920 2185 978 Qnid
2204 921 2309 970 in?
2342 920 2436 970 Eu·
2468 921 2523 978 fi,
2560 927 2611 972 3·

1549 989 1635 1034 74.
1668 986 1733 1041 iv,
1753 990 1805 1035 4.
1828 989 1910 1034 68.
1946 983 2069 1033 Hea.
2092 985 2159 1041 iii,
2182 990 2231 1036 3.
2250 989 2317 1034 49
2350 985 2484 1044 Quid
2507 992 2607 1034 turn

1547 1057 1715 1114 postea
1735 1051 1753 1098 ἓ
1775 1049 1868 1098 Eu.
1892 1049 2007 1106 im.
2030 1054 2111 1100 78.
2144 1051 2210 1106 iv,
2229 1056 2278 1100 2.
2301 1053 2350 1100 9.
2382 1067 2429 1106 v,
2453 1054 2503 1100 7.
2526 1055 2607 1100 23.

1551 1113 1647 1162 Ad.
1666 1115 1735 1171 iv,
1756 1121 1806 1162 6.
1826 1119 1905 1164 16.
1938 1113 2035 1162 He.
2056 1115 2125 1176 iv,
2142 1119 2267 1164 Lao
2290 1115 2420 1171 Quid
2440 1116 2458 1162 ?
2482 1117 2611 1164 hunc

1549 1193 1645 1225 non
1669 1179 1836 1227 vides?
1869 1178 1962 1228 Eu.
2002 1179 2073 1235 iii,
2106 1184 2157 1228 2.
2194 1185 2257 1230 10
2304 1178 2477 1229 Procul
2500 1181 2611 1230 binc

1547 1241 1681 1292 lubet
1702 1244 1848 1308 prius,
1872 1244 1987 1307 quid
2006 1243 2087 1300 sit,
2106 1244 2331 1292 sciscitari
2354 1243 2449 1294 Eu.
2469 1244 2539 1300 iii,
2560 1249 2613 1295 4.

1551 1311 1613 1358 10
1660 1307 1859 1368 Nescio,
1878 1309 1995 1372 quid
2019 1309 2230 1372 profecto
2252 1309 2449 1358 absente
2472 1309 2609 1358 nobi·

1547 1373 1785 1422 turbatum
1804 1380 1877 1422 est
1912 1373 2041 1420 domi
2076 1373 2171 1425 Eu.
2211 1374 2275 1428 iv,
2316 1377 2367 1423 3.
2399 1378 2429 1423 7
2474 1373 2607 1430 Quid

1546 1435 1723 1486 factum
1768 1437 1880 1486 est?
1939 1439 2103 1486 taces?
2160 1438 2293 1497 Quid
2352 1437 2417 1500 is,
2470 1439 2611 1486 oboe-

1545 1516 1647 1558 cro,
1682 1503 1745 1550 ad
1792 1503 1912 1550 noa?
1946 1501 2039 1550 Eu.
2070 1519 2116 1556 v.
2157 1509 2207 1552 1.
2242 1511 2293 1552 6.
2328 1507 2391 1552 10
2440 1502 2609 1560 Quid?

1545 1566 1607 1612 ab
1628 1565 1639 1612 Ξ
1661 1566 1805 1628 volet,
1819 1574 1947 1615 certo
1968 1568 2065 1616 scio
2087 1566 2178 1615 Eu.
2203 1584 2248 1624 v,
2271 1572 2321 1617 2.
2342 1573 2407 1616 60
2440 1567 2609 1625 Quid?

1545 1630 1627 1678 isti
1663 1643 1711 1680 te
1741 1632 2021 1694 ignorabant
2068 1632 2159 1680 Eu.
2195 1649 2239 1688 v,
2274 1636 2321 1682 9.
2358 1636 2425 1681 69
2475 1632 2607 1689 Quid

1545 1709 1659 1744 sene
1696 1704 1857 1744 nostro
1892 1697 1982 1746 erit
2018 1697 2260 1744 miserius?
2310 1695 2445 1746 Cedo
2482 1698 2609 1746 istnc

1545 1766 1681 1808 tuum
1702 1761 1949 1810 comilium
1975 1779 1988 1808 ε
2022 1761 2139 1826 quid
2160 1761 2214 1810 id
2252 1762 2365 1810 est?
2398 1761 2523 1810 Heu.
2550 1762 2609 1825 ii,

1544 1829 1596 1873 3.
1620 1829 1699 1876 14.
1721 1831 1782 1876 91
1821 1825 2117 1883 Videbimus.
2133 1827 2249 1890 qnid
2270 1841 2391 1890 opus
2404 1827 2466 1874 sit
2481 1826 2610 1879 Heu.

1543 1889 1616 1946 iii,
1636 1895 1687 1940 2.
1707 1895 1772 1941 47
1816 1891 1998 1954 Metui,
2020 1892 2137 1955 quid
2170 1893 2376 1940 futurum
2399 1892 2607 1956 denique

1543 1963 1667 2004 esset
1699 1955 1823 2005 Heu.
1843 1955 1913 2012 iii,
1936 1961 1984 2006 3.
2005 1959 2037 2006 8
2082 1955 2215 2013 Quid
2246 1973 2321 2005 me
2343 1956 2445 2013 fiat,
2474 1955 2607 2019 parvi

1543 2021 1733 2082 pendis.
1798 2019 1927 2078 Quid
1954 2027 2073 2078 tum,
2092 2037 2273 2084 quaeso,
2305 2021 2347 2069 si
2388 2023 2481 2068 hoc
2520 2035 2607 2083 pn-

1543 2091 1615 2132 ter
1657 2085 1930 2134 resciverit?
1986 2086 2073 2150 sy.
2122 2085 2255 2142 Quid
2293 2086 2333 2134 ni
2362 2086 2507 2133 redeo
2542 2085 2607 2132 ad

1544 2147 1669 2210 illos,
1740 2151 1787 2196 ui
1820 2150 1986 2200 aiunt:
2034 2150 2152 2214 quid
2194 2151 2235 2196 si
2270 2165 2401 2198 nune
2434 2149 2606 2198 eoelum

1543 2215 1686 2261 ruat?
1768 2230 1844 2263 ea..
1864 2213 1928 2270 iv,
1950 2221 2001 2266 3.
2024 2219 2105 2265 37.
2125 2219 2209 2266 40.
2231 2218 2295 2265 41
2330 2214 2409 2262 Ita
2422 2214 2533 2263 fiat!
2556 2221 2607 2262 et

1541 2276 1681 2335 istoc,
1705 2279 1881 2344 siquid
1923 2281 2049 2343 potis
2080 2289 2189 2342 est,.
2208 2278 2383 2328 rectius
2416 2279 2514 2327 Ad.
2537 2278 2607 2336 iv,

1544 2347 1592 2392 1.
1609 2349 1639 2392 6
1656 2343 1899 2408 Sed‚quid
1918 2345 2025 2402 ista,
2046 2343 2294 2400 AEuchine,
2315 2344 2502 2392 nostra?
2524 2353 2609 2392 aut

1539 2407 1657 2470 quid
1696 2409 1833 2456 nobis
1874 2424 1985 2458 oum
2022 2409 2149 2458 inis?
2198 2410 2451 2456 abeamusz
2484 2409 2605 2472 quid

1537 2473 1645 2521 est?
1682 2473 1777 2522 Ad.
1796 2473 1864 2531 iv,
1885 2479 1935 2523 5.
1958 2478 2042 2525 48.
2063 2477 2130 2525 44
2181 2472 2259 2523 Ob
2294 2490 2398 2523 eam
2425 2488 2543 2531 rem,
2564 2473 2607 2523 si

1538 2538 1655 2601 quid
1696 2554 1805 2587 usus
1844 2540 2027 2589 venerit
2070 2540 2170 2588 Ad.
2207 2555 2256 2596 V,
2300 2543 2351 2588 6.
2385 2543 2415 2588 7
2472 2538 2606 2595 Quid

1538 2616 1688 2658 nunc,
1707 2604 1837 2667 quod
1858 2605 2028 2652 restat?
2062 2603 2161 2652 Ad.
2186 2620 2235 2663 v,
2260 2608 2307 2651 8.
2328 2606 2395 2653 24
2435 2603 2603 2660 Quid!

1539 2680 1639 2713 non
1676 2668 1833 2717 sciunt
1866 2668 1959 2730 ipsi
1992 2668 2151 2715 viam?
2208 2666 2303 2714 He.
2340 2666 2413 2728 iii,
2446 2673 2497 2716 2.
2538 2672 2601 2717 25

1540 2729 1693 2793 Quid,
1708 2731 1757 2779 si
1770 2746 1867 2779 non
1888 2732 2078 2780 veniet?
2102 2730 2197 2779 He.
2218 2731 2291 2786 iii,
2306 2736 2356 2781 4.
2372 2735 2438 2780 28
2470 2730 2604 2787 Quid

1539 2794 1596 2841 fit
1629 2795 1870 2860 denique?
1904 2795 1997 2845 Ge.
2040 2796 2171 2853 Quid
2206 2796 2325 2843 fiat?
2359 2795 2451 2843 Ph.
2485 2796 2521 2852 i,
2554 2800 2603 2858 2.

1539 2862 1622 2907 71.
1643 2863 1709 2909 72
1760 2859 1926 2916 Quid?
1958 2877 2049 2925 ego
2084 2860 2235 2916 vobis,
2259 2860 2403 2917 Geta,
2420 2859 2605 2909 alienus

1541 2924 1679 2973 sum?
1714 2924 1808 2972 Ph.
1834 2924 1907 2982 iii,
1942 2930 1991 2974 3.
2026 2929 2090 2975 12
2140 2924 2291 2983 Quid,
2326 2923 2366 2972 si
2398 2925 2603 2973 animam

1539 2988 1719 3037 debet?
1756 2989 1847 3039 Ph.
1880 2990 1945 3045 iv,
1977 2994 2025 3039 3.
2050 2995 2114 3039 66
2159 2988 2329 3046 Quid?
2360 3004 2475 3046 non,
2518 2990 2606 3037 ob-

1539 3068 1691 3109 secro.
1735 3055 1816 3101 es?
1852 3054 1946 3102 Ph.
1978 3070 2027 3115 v,
2064 3060 2111 3104 1.
2135 3060 2197 3104 16
2250 3054 2465 3116 Expecto
2486 3055 2603 3117 quid

1539 3115 1673 3165 velis.
1736 3118 1787 3165 Si
1824 3118 1911 3166 tibi
1930 3119 2045 3183 quid
2069 3119 2180 3176 feci,
2204 3126 2287 3166 aut
2304 3119 2450 3177 facio,
2470 3120 2602 3183 quod

1539 3180 1742 3245 placeat.
1785 3182 1846 3231 Id
1863 3184 2057 3233 arbitror
2078 3183 2291 3247 apprime
2308 3183 2358 3230 iu
2380 3181 2481 3230 vita
2498 3200 2603 3232 esse

1537 3246 1673 3303 utile,
1693 3254 1748 3295 ut
1767 3262 1829 3297 ne
1850 3248 1965 3313 quid
1987 3248 2131 3297 niniis
2150 3248 2213 3297 A.
2228 3248 2265 3307 i,
2287 3252 2336 3296 1.
2356 3252 2407 3297 7.
2432 3250 2511 3297 14.
2537 3252 2601 3298 36

1535 3312 1646 3372 Me,
1666 3318 1717 3359 et
1737 3320 1785 3361 te
1818 3313 2110 3377 imprudens,
2142 3312 2235 3361 nisi
2268 3313 2387 3376 quid
2424 3311 2494 3360 Di
2530 3329 2602 3361 re-

1537 3376 1763 3439 spiciunt,
1806 3378 1993 3441 perdidi
2024 3378 2087 3426 A.
2117 3378 2184 3435 iv,
2208 3382 2257 3427 1.
2279 3383 2343 3427 18
2390 3378 2523 3435 Quid
2546 3386 2599 3425 tu

1537 3440 1625 3497 ais,
1664 3440 1897 3491 Gnatho?
1930 3442 2047 3508 quid
2087 3451 2141 3491 tu
2176 3449 2353 3499 autem,
2387 3443 2599 3491 Thraso?

1535 3504 1629 3553 Eu.
1663 3507 1735 3565 iii,
1756 3508 1806 3557 2.
1840 3512 1920 3558 21.
1954 3511 2019 3558 22
2074 3508 2205 3565 Quid
2236 3506 2323 3556 ino
2353 3507 2601 3566 faciemus,

1536 3571 1716 3619 stulta?
1752 3571 1845 3636 Py.
1880 3572 2011 3630 Quid
2033 3573 2197 3629 facias,
2232 3571 2403 3646 rogas?
2436 3572 2528 3622 Eu.
2549 3590 2599 3628 v,

1539 3640 1588 3683 1.
1626 3641 1687 3687 21
1737 3635 1869 3694 Quid
1904 3639 2187 3687 comedent?
2223 3637 2338 3701 quid
2370 3631 2600 3685 ebibent?

1535 3700 1663 3749 Heu.
1684 3702 1735 3759 ii,
1766 3706 1818 3751 3.
1844 3706 1905 3753 14
1952 3702 2081 3760 Quid
2119 3710 2167 3749 te
2186 3702 2396 3749 futurum
2416 3716 2602 3759 censes,

1536 3781 1677 3829 quem
1714 3766 1901 3815 assidue
1936 3766 2170 3815 exedent?
2202 3764 2328 3814 Hea.
2358 3765 2429 3826 iii,
2453 3769 2499 3814 1.
2534 3769 2597 3815 68

1535 3830 1607 3879 Te
1628 3832 1727 3878 volt
1745 3849 1761 3881 ι
1794 3831 1977 3889 videas,
2014 3831 2131 3896 quid
2166 3830 2282 3879 velit
2310 3829 2433 3877 Hea-
2454 3829 2523 3891 ἰν,
2548 3835 2599 3880 1.

1537 3902 1570 3945 6
1620 3895 1751 3954 Quid
1774 3897 1944 3957 agam?
1978 3904 2061 3943 aut
2096 3896 2213 3959 quid
2240 3894 2598 3943 comminiscar?

1537 3960 1665 4010 Heu.
1702 3961 1765 4015 iv,
1801 3965 1849 4009 2.
1882 3964 1912 4009 7
1962 3961 2119 4009 Modo
2152 3959 2268 4023 quid
2302 3958 2595 4022 designavit!

1536 4025 1635 4073 Ad.
1656 4025 1691 4087 i,
1713 4030 1763 4075 2.
1786 4028 1818 4073 7
1868 4024 2001 4081 Quid
2042 4039 2197 4072 notras
2222 4024 2234 4071 i
2269 4023 2366 4073 Ad.
2386 4022 2459 4080 iii,
2480 4028 2529 4072 4.
2548 4027 2598 4072 2.

1535 4090 1631 4137 Ph.
1652 4091 1687 4147 i,
1708 4095 1759 4140 2.
1782 4094 1849 4139 86
1894 4088 1964 4138 Ut
1996 4104 2151 4152 neque
2174 4088 2289 4151 quid
2309 4104 2385 4137 me
2407 4088 2595 4145 faciam,

1536 4169 1695 4218 neque
1724 4155 1843 4219 quid
1865 4169 2023 4217 agam,
2056 4162 2231 4202 certum
2254 4153 2377 4201 siet!
2412 4152 2509 4201 Ad.
2532 4154 2596 4210 iv,

1534 4222 1585 4267 4.
1608 4225 1641 4271 2
1684 4218 1817 4276 Quid
1840 4218 1975 4281 ogis?
2000 4235 2095 4283 quo
2118 4218 2256 4266 abis?
2277 4216 2377 4267 Ad.
2402 4232 2451 4275 v,
2475 4222 2525 4267 2.
2544 4224 2594 4267 6.

1535 4282 1629 4334 Ph.
1652 4283 1687 4341 i,
1708 4289 1759 4335 4.
1778 4288 1845 4333 39
1892 4284 1987 4332 Sed
2026 4297 2247 4347 maguum
2282 4282 2441 4331 neseio
2476 4283 2595 4347 quid

1534 4362 1727 4400 necesse
1748 4356 1821 4400 est
1840 4348 2049 4399 evenisse
2069 4349 2165 4399 He.
2186 4347 2259 4409 iii,
2284 4353 2329 4401 1.
2350 4353 2413 4399 24
2448 4347 2595 4397 Filius
