3192 4975
546 400 715 467 1620

541 558 750 624 quidem
771 557 976 607 laudem
996 556 1264 621 sapientiai
1290 562 1461 607 statuo
1484 570 1599 605 esse

541 635 833 689 maximam,
857 647 961 683 non
982 632 1191 683 aliunde
1227 632 1478 696 pendere,
1498 645 1596 681 uec

538 711 862 759 extrinsecus
881 716 974 759 sut
994 710 1126 759 bene
1146 715 1238 760 snt
1266 710 1400 759 male
1425 709 1597 758 viven-

539 786 594 837 di
613 801 888 849 suspensas
905 787 1096 835 habere
1113 783 1372 835 rationes?
1393 791 1449 834 et
1464 785 1596 833 Eun.

539 869 644 913 act.
677 875 738 911 n.
775 876 849 912 sc.
879 866 928 911 2.
959 861 975 890 ⁴
998 852 1153 911 Itane
1191 860 1390 924 parasti
1432 866 1502 921 te,
1538 864 1599 908 ut

534 951 657 1000 spes
699 938 841 987 nulls
879 936 1078 1001 relique
1121 937 1175 986 in
1207 942 1263 986 te
1306 937 1408 986 siet
1447 936 1590 985 tibi?

537 1014 669 1063 Mer.
695 1013 1012 1063 casaubonus.

601 1092 666 1138 90
689 1089 769 1139 Ad
774 1094 1066 1152 precatorem
1081 1090 1246 1139 adeam
1263 1088 1424 1151 credo]
1447 1088 1595 1137 Bene

537 1163 708 1215 Poeta
740 1164 911 1213 omnis
949 1171 1162 1228 tractat,
1198 1180 1314 1229 quae
1347 1164 1398 1213 iu
1424 1164 1516 1214 tali
1537 1178 1595 1213 re

535 1240 760 1291 tacenda
775 1254 924 1289 servo
939 1247 1130 1301 essent,
1144 1240 1246 1289 >nisi
1262 1239 1400 1289 aliud
1418 1252 1596 1303 posce-

533 1323 619 1367 ret
641 1322 1014 1380 argumentum.
1055 1318 1294 1366 Donatus.

598 1391 682 1441 Aa
697 1397 985 1455 precatorem
1005 1392 1196 1455 adeam]
1231 1392 1320 1441 Sic
1341 1391 1394 1439 in
1417 1390 1594 1441 Hesu-

535 1468 991 1530 tontimorumeno,
1024 1469 1040 1496 ⁴
1066 1470 1184 1518 Nec
1219 1475 1278 1517 tn
1309 1482 1452 1516 aram
1476 1466 1592 1529 tibi,

534 1556 632 1592 nec
655 1549 979 1607 precatorem
1004 1543 1235 1606 parari&
1265 1543 1414 1591 Idem.

602 1617 702 1672 Qui
723 1619 843 1667 mihi
867 1618 938 1667 sic
969 1618 1094 1682 oret]
1141 1617 1206 1667 Id
1243 1626 1344 1681 est,
1379 1631 1474 1681 pro
1509 1632 1592 1667 me

532 1699 669 1743 oret.
717 1695 874 1766 Idem,

597 1772 658 1817 91
693 1770 838 1819 Nunc
859 1770 1026 1820 anzitte
1047 1785 1202 1833 queso
1222 1768 1366 1833 hunc]
1387 1767 1594 1830 Μίμησις

530 1844 746 1904 dicitur,
766 1843 855 1893 ubi
889 1860 990 1894 non
1020 1846 1182 1895 verba
1211 1846 1382 1907 modo,
1414 1860 1592 1894 verum

526 1919 685 1968 >etiam
699 1926 899 1980 gestum
919 1934 1202 1987 vocemque
1215 1919 1456 1983 fingimus
1473 1919 1593 1969 alie·

530 2008 666 2044 nam.
700 1994 854 2043 Idem.

598 2070 744 2118 Nunc
764 2070 930 2120 amitte
951 2070 1130 2135 quaeso]
1174 2072 1294 2121 Hoc
1323 2070 1462 2135 quod
1497 2085 1591 2122 uos

529 2143 752 2194 dicimus
784 2144 994 2207 dimitte,
1017 2146 1218 2210 antiqui
1261 2146 1417 2197 etiam
1452 2146 1592 2196 dice·

533 2220 878 2277 bannamiete.
906 2222 1176 2283 Virgilius,
1190 2225 1204 2251 ⁴
1225 2222 1456 2271 Amissos
1470 2222 1592 2273 hinc

523 2297 637 2360 jam
675 2295 984 2345 obliviscere
1019 2296 1240 2345 Graios.’
1295 2298 1366 2345 Et
1401 2297 1590 2346 Salius-

529 2369 653 2431 tius‚
667 2372 682 2397 ⁴
705 2368 954 2419 Pactione
972 2372 1156 2421 amisso
1173 2371 1359 2421 Publio
1376 2372 1591 2436 legato.’

533 2445 686 2496 Idem.
1505 2465 1526 2474 ²

595 2527 660 2572 92
683 2523 892 2573 Posthac
907 2524 954 2572 si
973 2524 1245 2587 quidquam,
1263 2524 1387 2574 nihil
1401 2527 1592 2592 precor]

530 2598 708 2646 Facile
748 2598 1012 2662 impetrat,
1042 2599 1131 2663 qui
1163 2594 1266 2648 non
1296 2601 1468 2650 omnia
1500 2615 1588 2650 ex·

529 2663 756 2736 torquet.
843 2675 979 2736 Ergo
1023 2687 1108 2724 ars
1155 2679 1452 2738 precatoris
1473 2685 1589 2742 est,

528 2748 779 2812 mitigare.
811 2746 1112 2812 praesentia,
1155 2750 1331 2801 futura
1374 2755 1588 2815 permit·

527 2829 660 2872 tere.
725 2823 888 2874 Simul
910 2825 1088 2887 etiam,
1109 2827 1231 2890 quia
1250 2827 1414 2876 omnis
1433 2841 1591 2878 causa

525 2897 579 2946 iu
620 2898 720 2946 hoc
759 2904 858 2959 est,
893 2912 957 2947 ne
1002 2899 1243 2951 videatur
1281 2917 1482 2965 servus,
1522 2903 1588 2952 ob

526 2971 888 3035 impunitatem
920 2974 974 3022 in
998 2975 1200 3026 delictis
1224 2977 1444 3041 amplius
1471 2991 1588 3042 pec-

527 3053 756 3096 caturus.
800 3048 953 3098 Idem.

592 3121 804 3172 Posthac
847 3123 892 3172 si
948 3125 1224 3190 quidquam]
1301 3127 1378 3176 Ut
1434 3126 1585 3188 solet,

523 3199 795 3260 eleganter
849 3212 945 3260 per
990 3199 1219 3263 ἔλλειψιν.
1305 3203 1378 3250 Et
1420 3201 1589 3264 simul,

523 3287 628 3322 non
670 3273 716 3321 si
751 3273 1072 3323 tantumdem
1114 3276 1443 3338 peccaverit:
1477 3277 1587 3338 sed,

524 3349 570 3398 si
608 3347 693 3394 vel
733 3347 1014 3396 minimum.
1077 3350 1203 3399 Tale
1236 3356 1319 3400 est
1351 3357 1407 3400 et
1436 3350 1585 3410 illud,

523 3425 539 3451 ⁴
564 3423 620 3472 Si
643 3436 852 3471 sensero
874 3423 1030 3473 hodie
1053 3425 1330 3491 quicquam
1353 3427 1405 3476 in
1428 3427 1508 3478 his
1530 3433 1584 3477 te

523 3495 723 3560 nuptiis
747 3494 971 3547 fallaciae
996 3500 1212 3550 conari.’
1237 3509 1314 3565 et,
1330 3505 1345 3530 ⁴
1369 3503 1425 3551 Si
1441 3503 1585 3567 quic-

523 3587 680 3636 quam
723 3572 954 3622 invenies
988 3577 1282 3640 mentitum,
1319 3577 1583 3630 occidito!
1606 3615 1625 3626 Ι

525 3647 678 3696 Idem.

589 3723 728 3772 Nihil
759 3726 950 3788 precor]
988 3727 1152 3793 Nihil,
1192 3745 1286 3794 pro
1325 3745 1456 3781 nou:
1491 3731 1582 3779 sed

524 3798 681 3862 plena
705 3800 936 3863 negatio,
956 3803 1097 3853 nihil.
1140 3804 1308 3856 Idem.
1443 3861 1448 3868 ‚
1541 3840 1546 3846 ·

585 3877 649 3922 93
688 3874 783 3924 Ubi
822 3891 910 3937 ego
940 3878 1050 3926 hinc
1069 3879 1249 3944 abiero]
1281 3881 1385 3930 Hic
1409 3890 1581 3931 osten-

522 3948 601 3997 dit
621 3951 811 3999 nullum
839 3961 1162 4016 precatorem
1183 3970 1248 4004 ex
1271 3957 1440 4005 auimo
1464 3972 1581 4021 pos-

524 4023 690 4071 tulare
715 4026 918 4075 veniam
944 4043 1112 4078 servo.
1151 4031 1303 4080 Idem.

596 4097 681 4145 Vel
701 4100 922 4164 occidito]
963 4101 1066 4161 Vel,
1089 4117 1184 4168 pro
1205 4105 1381 4154 etiam.
1428 4105 1582 4154 Idem.

592 4173 834 4237 Occidito]
864 4178 940 4225 'Pu
965 4188 1164 4229 tautum
1203 4181 1408 4231 caedere
1443 4179 1580 4232 vole·
1624 4225 1627 4232 .

1239 418 1452 465 ⁸0⁹1·AE
1500 416 1903 465 vAmoRUM
1952 416 2034 464 ΙΝ

1676 555 1767 607 bes
1789 572 1803 617 3
1840 572 1937 619 ego
1960 556 2261 619 dico,'ett'om
2280 557 2495 608 occidito.
2528 557 2695 609 Idem.

1737 636 1802 681 94
1828 632 1958 687 Quid
1977 634 2059 682 iue
2076 636 2387 696 pedagogus,
2408 633 2490 696 qui
2508 634 2731 683 citharis:

1671 705 1840 769 triam]
1872 708 2149 757 Moraliter
2182 709 2390 771 quaerit,
2425 709 2603 758 volens
2641 724 2732 757 au-

1672 782 1784 831 dire
1805 781 1871 831 de
1904 783 2170 847 Phaedria,
2193 794 2467 848 postquam
2488 783 2555 833 de
2578 783 2730 833 Anti-

1672 856 1843 919 phone
1866 858 2148 922 cognovit,
2196 859 2439 921 maxime,
2476 859 2598 923 qnia
2620 860 2731 909 iiaee

1670 930 2013 997 interrogatio
2035 936 2421 997 responsionem
2441 934 2605 997 elicit,
2629 950 2732 999 qua

1670 1014 1935 1069 spectator
1966 1010 2239 1061 instruitur
2270 1010 2335 1059 ad
2369 1010 2733 1074 cognoscenda

1671 1089 1866 1133 cetera.
1909 1084 2059 1133 Idem.
2320 1132 2328 1139 .

1739 1158 1870 1213 Quid
1910 1160 1993 1209 ille
2029 1162 2338 1224 paedagogus,
2382 1161 2465 1224 qui
2504 1158 2727 1209 citharis-

1668 1232 1836 1297 triam]
1856 1236 1992 1287 Quis
2013 1235 2167 1299 dixit,
2191 1238 2207 1265 ⁴
2232 1236 2453 1297 Sectari,
2476 1236 2527 1284 in
2548 1234 2727 1284 ludum

1670 1306 1862 1357 ducere
1902 1316 1957 1358 et
1992 1310 2238 1361 reducere
2262 1314 2297 1359 ε’
2327 1317 2381 1361 et
2404 1312 2527 1374 quia
2548 1312 2731 1373 puellu-

1668 1384 1765 1432 lam
1786 1383 1938 1443 dixit,
1958 1386 2021 1435 ab
2046 1392 2240 1449 oetate3
2268 1386 2287 1419 ⁴
2312 1385 2622 1451 paedagogus
2645 1394 2729 1437 est

1668 1458 1783 1518 ini:
1806 1460 1897 1509 ait.
1928 1462 2079 1514 Idem.

1738 1536 1869 1592 Quid
1909 1536 1990 1586 ille
2022 1540 2331 1601 pedagogus,
2375 1540 2455 1602 qni
2496 1538 2723 1587 citharis-

1667 1610 1839 1674 triam]
1892 1612 2134 1663 Phaedria
2171 1614 2392 1675 scilicet,
2430 1613 2519 1677 qui
2560 1628 2729 1679 neque

1668 1684 1907 1735 abscedit
1949 1702 1981 1735 a
2024 1688 2264 1738 custodia
2309 1688 2515 1751 puellm,
2554 1700 2727 1755 neque

1664 1760 1801 1811 illam
1824 1762 1933 1826 ipse
1957 1764 2228 1832 contingit.
2282 1764 2433 1813 Idem.

1733 1837 2057 1902 Paedugogus]
2109 1840 2351 1889 Phaedria
2416 1840 2529 1889 scii.
2571 1853 2725 1905 quem

1668 1915 1812 1978 prius
1834 1918 2054 1980 pueliam
2076 1919 2269 1980 sectori,
2307 1920 2335 1957 ·‘
2354 1918 2406 1966 iu
2434 1919 2609 1968 ludum
2631 1919 2725 1968 du-

1667 2005 1789 2042 cere
1828 1992 1917 2042 et’
1966 1992 2126 2058 (quod
2191 1992 2468 2057 paedagogi
2512 1994 2725 2057 munus)

1668 2067 1684 2094 ⁴
1708 2067 1991 2119 reducere’
2047 2069 2255 2119 dixerat
2287 2069 2443 2118 Geta.
2477 2071 2606 2121 Mer.
2630 2072 2724 2121 Cu·

1667 2143 1911 2193 tuubonm.

1736 2219 1835 2274 Qui
1874 2220 2244 2283 citharistriam]
2256 2220 2519 2284 Ἐλλειψις.
2542 2222 2723 2271 Secta·

1669 2298 1774 2356 tur,
1799 2303 1957 2353 amat,
1994 2296 2079 2345 vel
2114 2297 2237 2361 quid
2278 2298 2379 2347 tale
2418 2298 2723 2348 subaudien-

1666 2368 1789 2419 dum
1810 2376 1908 2419 est.
1944 2372 2181 2421 Donatus.

1731 2450 1794 2496 96
1830 2446 1935 2508 Sic,
1956 2444 2186 2511 tenuiter]
2230 2446 2503 2502 Δευετικῶς,
2538 2448 2621 2498 Sic
2644 2449 2723 2499 di-

1666 2523 1885 2573 cendum
1908 2531 2006 2585 est,
2037 2539 2153 2574 cnm
2177 2525 2349 2589 aliquo
2372 2535 2539 2585 gestu.
2573 2526 2725 2578 Idem.

1731 2598 1847 2646 Non
1862 2601 2063 2648 multum
2094 2598 2234 2648 habet
2254 2600 2375 2662 qaod
2395 2599 2721 2664 detsortasse]

1666 2672 1795 2722 Cum
1816 2674 2259 2724 commiseratione
2274 2676 2521 2724 amatoris
2546 2675 2721 2725 adole·

1665 2747 1857 2797 scentis
1888 2749 2319 2810 pronuntiandum
2338 2759 2435 2799 est.
2469 2751 2619 2801 Idem.

1726 2825 1791 2872 96
1825 2823 1977 2872 Immo
2016 2825 2156 2882 nihil,
2208 2826 2305 2873 nisi
2352 2841 2477 2888 spem
2520 2827 2721 2891 meram]

1664 2899 1808 2948 Bene
1836 2916 1995 2962 spem.-
2045 2904 2163 2966 quis
2204 2908 2362 2952 amat.
2396 2918 2547 2955 nemo
2581 2906 2720 2954 enim

1663 2974 1776 3024 sine
1800 2991 1893 3039 spe
1913 2985 2068 3027 amat.
2099 2979 2252 3028 Idem.

1726 3052 1943 3117 Merum]
1978 3053 2169 3104 Solam.
2205 3055 2353 3104 Idem.

1724 3130 1789 3175 97
1822 3128 1975 3176 Pater
2000 3129 2096 3188 eius
2114 3130 2278 3190 rediit,
2317 3145 2379 3178 an
2408 3132 2525 3197 non]
2561 3135 2717 3186 Chre-

1661 3215 1769 3251 mes
1793 3202 2015 3252 scilicet.
2050 3204 2203 3253 Idem.
2240 3265 2244 3270 ,

1666 3317 1675 3324 .
1726 3274 1977 3340 Nondum]
2012 3278 2263 3342 Subaudi,
2299 3282 2445 3334 venit.
2479 3285 2601 3335 Jam
2624 3301 2717 3338 non

1660 3350 1817 3413 plena
1839 3354 2043 3416 negatio
2069 3361 2164 3405 est.
2199 3357 2350 3408 Idem.

1725 3429 1853 3484 Quid
1867 3428 1893 3481 :2
1910 3447 2069 3482 senem
2108 3437 2260 3496 quoad
2287 3437 2576 3499 exspectatis
2592 3453 2699 3487 ves-

1656 3503 1809 3566 trum]
1860 3504 2297 3566 Animadvertite,
2349 3513 2481 3575 quid,
2534 3519 2715 3562 secun-'-

1658 3579 1777 3629 dum
1817 3596 2009 3633 morem
2043 3587 2401 3648 quotidianum
2448 3595 2556 3638 tum
2591 3589 2714 3650 dici,

1656 3671 1811 3719 quum
1834 3658 1901 3706 sit
1937 3659 2183 3710 transitus
2222 3677 2252 3710 a
2288 3661 2550 3712 mentione
2584 3665 2714 3713 aite-

1657 3730 1761 3778 rius
1807 3733 1882 3780 rei
1918 3731 1983 3781 ad
2030 3734 2265 3784 alteram.
2313 3735 2401 3786 Sic
2443 3742 2497 3786 et
2537 3749 2714 3802 supra,

1658 3804 1674 3852 ἕ
1700 3804 1839 3855 Quid
1864 3807 2177 3869 paedagogus
2202 3808 2287 3858 ine
2306 3809 2343 3856 θ’
2377 3811 2525 3861 Idem.

1719 3883 1785 3927 98
1822 3881 1988 3936 Quoad
2008 3885 2295 3945 exspectatis
2317 3888 2547 3952 vestrum]
2586 3889 2715 3944 Quo-

1656 3957 1734 4011 ad,
1765 3957 2025 4019 quamdiu.
2060 3959 2131 4008 Et
2169 3969 2311 4010 recte
2354 3962 2556 4012 locutus
2596 3973 2709 4015 est:

1655 4030 1781 4092 quia
1802 4030 2076 4095 adventus,
2107 4032 2221 4084 finis
2239 4044 2321 4085 est
2351 4041 2702 4100 exspectatio-

1657 4103 1754 4153 nis.
1787 4105 1936 4156 Idem

1720 4183 1787 4227 99
1820 4179 1920 4230 Sed
1941 4180 2187 4244 epistolam
2218 4185 2279 4235 ab
2316 4201 2367 4237 eo
2388 4187 2582 4238 allatam
2608 4204 2711 4240 esse
