<?xml version="1.0" encoding="UTF-8"?>
<!DOCTYPE html PUBLIC "-//W3C//DTD XHTML 1.0 Transitional//EN"
    "http://www.w3.org/TR/xhtml1/DTD/xhtml1-transitional.dtd">
<html xmlns="http://www.w3.org/1999/xhtml" xml:lang="en" lang="en">
 <head>
  <title>
</title>
<meta http-equiv="Content-Type" content="text/html;charset=utf-8" />
  <meta name='ocr-system' content='tesseract 3.04.00' />
  <meta name='ocr-capabilities' content='ocr_page ocr_carea ocr_par ocr_line ocrx_word'/>
</head>
<body>
  <div class='ocr_page' id='page_1' title='image "./comoedisex09westgoog_0437.png"; bbox 0 0 3192 4975; ppageno 0'>
   <div class='ocr_carea' id='block_1_1' title="bbox 1203 481 1810 537">
    <p class='ocr_par' dir='ltr' id='par_1_1' title="bbox 1203 481 1810 537">
     <span class='ocr_line' id='line_1_1' title="bbox 1203 481 1810 537; baseline -0.005 0"><span class='ocrx_word' id='word_1_1' title='bbox 1203 487 1286 537; x_wconf 70' lang='lat' dir='ltr'><strong>ln</strong></span> <span class='ocrx_word' id='word_1_2' title='bbox 1335 481 1810 536; x_wconf 67' lang='lat' dir='ltr'><strong>TEREN‘HUM.</strong></span> 
     </span>
    </p>
   </div>
   <div class='ocr_carea' id='block_1_2' title="bbox 424 631 1492 1282">
    <p class='ocr_par' dir='ltr' id='par_1_2' title="bbox 424 631 1492 1016">
     <span class='ocr_line' id='line_1_2' title="bbox 424 631 1486 697; baseline -0.003 -12"><span class='ocrx_word' id='word_1_3' title='bbox 424 639 479 685; x_wconf 83' lang='grc'><strong>4.</strong></span> <span class='ocrx_word' id='word_1_4' title='bbox 507 639 569 686; x_wconf 84' lang='grc'><strong>18</strong></span> <span class='ocrx_word' id='word_1_5' title='bbox 623 631 704 682; x_wconf 86' lang='lat' dir='ltr'><strong>Ad</strong></span> <span class='ocrx_word' id='word_1_6' title='bbox 727 633 834 680; x_wconf 83' lang='lat' dir='ltr'><strong>me?</strong></span> <span class='ocrx_word' id='word_1_7' title='bbox 869 631 990 696; x_wconf 81' lang='lat' dir='ltr'><strong>qui?</strong></span> <span class='ocrx_word' id='word_1_8' title='bbox 1021 631 1154 697; x_wconf 73' lang='lat' dir='ltr'><strong>quasi</strong></span> <span class='ocrx_word' id='word_1_9' title='bbox 1188 632 1340 682; x_wconf 79' lang='lat' dir='ltr'><strong>istuc!</strong></span> <span class='ocrx_word' id='word_1_10' title='bbox 1396 631 1486 682; x_wconf 84' lang='lat' dir='ltr'><strong>Eu.</strong></span> 
     </span>
     <span class='ocr_line' id='line_1_3' title="bbox 429 698 1490 764; baseline 0.002 -18"><span class='ocrx_word' id='word_1_11' title='bbox 429 701 497 764; x_wconf 76' lang='lat' dir='ltr'><strong>iv,</strong></span> <span class='ocrx_word' id='word_1_12' title='bbox 511 706 562 750; x_wconf 82' lang='grc'><strong>6.</strong></span> <span class='ocrx_word' id='word_1_13' title='bbox 599 703 629 748; x_wconf 99' lang='grc'><strong>7</strong></span> <span class='ocrx_word' id='word_1_14' title='bbox 686 698 844 745; x_wconf 73' lang='lat' dir='ltr'><strong>Mater</strong></span> <span class='ocrx_word' id='word_1_15' title='bbox 881 706 931 745; x_wconf 85' lang='lat' dir='ltr'><strong>et</strong></span> <span class='ocrx_word' id='word_1_16' title='bbox 970 705 1116 760; x_wconf 77' lang='lat' dir='ltr'><strong>pater,</strong></span> <span class='ocrx_word' id='word_1_17' title='bbox 1157 700 1289 761; x_wconf 82' lang='lat' dir='ltr'><strong>quasi</strong></span> <span class='ocrx_word' id='word_1_18' title='bbox 1325 700 1490 748; x_wconf 73' lang='lat' dir='ltr'><strong>dedita</strong></span> 
     </span>
     <span class='ocr_line' id='line_1_4' title="bbox 428 761 1492 830; baseline -0.001 -17"><span class='ocrx_word' id='word_1_19' title='bbox 428 781 573 830; x_wconf 72' lang='lat' dir='ltr'><strong>open</strong></span> <span class='ocrx_word' id='word_1_20' title='bbox 608 763 737 811; x_wconf 86' lang='lat' dir='ltr'><strong>domi</strong></span> <span class='ocrx_word' id='word_1_21' title='bbox 772 769 907 810; x_wconf 76' lang='lat' dir='ltr'><strong>eruut</strong></span> <span class='ocrx_word' id='word_1_22' title='bbox 948 761 1042 812; x_wconf 83' lang='lat' dir='ltr'><strong>Eu.</strong></span> <span class='ocrx_word' id='word_1_23' title='bbox 1064 779 1112 819; x_wconf 84' lang='lat' dir='ltr'><strong>v,</strong></span> <span class='ocrx_word' id='word_1_24' title='bbox 1135 769 1184 812; x_wconf 94' lang='grc'><strong>2.</strong></span> <span class='ocrx_word' id='word_1_25' title='bbox 1205 767 1238 812; x_wconf 88' lang='grc'><strong>2</strong></span> <span class='ocrx_word' id='word_1_26' title='bbox 1287 763 1492 830; x_wconf 79' lang='lat' dir='ltr'><strong>Egomet</strong></span> 
     </span>
     <span class='ocr_line' id='line_1_5' title="bbox 429 827 1490 890; baseline -0.001 -11"><span class='ocrx_word' id='word_1_27' title='bbox 429 847 536 878; x_wconf 81' lang='lat' dir='ltr'><strong>meo</strong></span> <span class='ocrx_word' id='word_1_28' title='bbox 570 828 767 890; x_wconf 80' lang='lat' dir='ltr'><strong>iudicio,</strong></span> <span class='ocrx_word' id='word_1_29' title='bbox 797 827 951 888; x_wconf 82' lang='lat' dir='ltr'><strong>miser,</strong></span> <span class='ocrx_word' id='word_1_30' title='bbox 984 827 1120 890; x_wconf 76' lang='lat' dir='ltr'><strong>quasi</strong></span> <span class='ocrx_word' id='word_1_31' title='bbox 1159 843 1306 884; x_wconf 75' lang='lat' dir='ltr'><strong>sorex,</strong></span> <span class='ocrx_word' id='word_1_32' title='bbox 1349 829 1490 878; x_wconf 81' lang='lat' dir='ltr'><strong>hodie</strong></span> 
     </span>
     <span class='ocr_line' id='line_1_6' title="bbox 429 892 1490 960; baseline -0.001 -18"><span class='ocrx_word' id='word_1_33' title='bbox 429 894 548 960; x_wconf 83' lang='lat' dir='ltr'><strong>perii</strong></span> <span class='ocrx_word' id='word_1_34' title='bbox 597 892 690 940; x_wconf 88' lang='lat' dir='ltr'><strong>Eu.</strong></span> <span class='ocrx_word' id='word_1_35' title='bbox 713 910 760 950; x_wconf 81' lang='lat' dir='ltr'><strong>v,</strong></span> <span class='ocrx_word' id='word_1_36' title='bbox 782 897 831 942; x_wconf 87' lang='grc'><strong>7.</strong></span> <span class='ocrx_word' id='word_1_37' title='bbox 853 897 918 941; x_wconf 80' lang='grc'><strong>23</strong></span> <span class='ocrx_word' id='word_1_38' title='bbox 971 892 1176 940; x_wconf 76' lang='lat' dir='ltr'><strong>Proinde</strong></span> <span class='ocrx_word' id='word_1_39' title='bbox 1197 894 1330 956; x_wconf 75' lang='lat' dir='ltr'><strong>quusi</strong></span> <span class='ocrx_word' id='word_1_40' title='bbox 1351 909 1490 942; x_wconf 76' lang='lat' dir='ltr'><strong>neum</strong></span> 
     </span>
     <span class='ocr_line' id='line_1_7' title="bbox 426 957 1491 1016; baseline -0.002 -8"><span class='ocrx_word' id='word_1_41' title='bbox 426 959 535 1016; x_wconf 82' lang='lat' dir='ltr'><strong>siet,</strong></span> <span class='ocrx_word' id='word_1_42' title='bbox 557 959 626 1006; x_wconf 76' lang='lat' dir='ltr'><strong>ita</strong></span> <span class='ocrx_word' id='word_1_43' title='bbox 645 964 748 1006; x_wconf 79' lang='lat' dir='ltr'><strong>tute</strong></span> <span class='ocrx_word' id='word_1_44' title='bbox 768 962 950 1004; x_wconf 72' lang='lat' dir='ltr'><strong>attente</strong></span> <span class='ocrx_word' id='word_1_45' title='bbox 979 957 1162 1006; x_wconf 75' lang='lat' dir='ltr'><strong>illorum</strong></span> <span class='ocrx_word' id='word_1_46' title='bbox 1195 959 1348 1005; x_wconf 80' lang='lat' dir='ltr'><strong>officia</strong></span> <span class='ocrx_word' id='word_1_47' title='bbox 1382 959 1491 1006; x_wconf 85' lang='lat' dir='ltr'><strong>fun-</strong></span> 
     </span>
    </p>

    <p class='ocr_par' dir='ltr' id='par_1_3' title="bbox 427 1021 1492 1282">
     <span class='ocr_line' id='line_1_8' title="bbox 489 1021 1492 1087; baseline -0.001 -15"><span class='ocrx_word' id='word_1_48' title='bbox 489 1039 554 1072; x_wconf 88' lang='lat' dir='ltr'><strong>re.</strong></span> <span class='ocrx_word' id='word_1_49' title='bbox 602 1022 754 1080; x_wconf 73' lang='lat' dir='ltr'><strong>Quasi</strong></span> <span class='ocrx_word' id='word_1_50' title='bbox 775 1022 950 1069; x_wconf 71' lang='lat' dir='ltr'><strong>talenta</strong></span> <span class='ocrx_word' id='word_1_51' title='bbox 973 1023 1033 1069; x_wconf 77' lang='lat' dir='ltr'><strong>ud</strong></span> <span class='ocrx_word' id='word_1_52' title='bbox 1055 1021 1327 1086; x_wconf 85' lang='lat' dir='ltr'><strong>quindecim</strong></span> <span class='ocrx_word' id='word_1_53' title='bbox 1350 1023 1492 1087; x_wconf 63' lang='lat' dir='ltr'><strong>coegi</strong></span> 
     </span>
     <span class='ocr_line' id='line_1_9' title="bbox 427 1039 1491 1150; baseline -0.001 -13"><span class='ocrx_word' id='word_1_54' title='bbox 427 1039 554 1138; x_wconf 51' lang='lat' dir='ltr'><strong>{leen-</strong></span> <span class='ocrx_word' id='word_1_55' title='bbox 574 1087 610 1145; x_wconf 87' lang='lat' dir='ltr'><strong>i,</strong></span> <span class='ocrx_word' id='word_1_56' title='bbox 634 1092 680 1138; x_wconf 89' lang='lat'><strong>1.</strong></span> <span class='ocrx_word' id='word_1_57' title='bbox 705 1090 785 1137; x_wconf 83' lang='grc'><strong>13.</strong></span> <span class='ocrx_word' id='word_1_58' title='bbox 805 1091 870 1135; x_wconf 81' lang='grc'><strong>93</strong></span> <span class='ocrx_word' id='word_1_59' title='bbox 925 1086 1003 1134; x_wconf 71' lang='lat' dir='ltr'><strong>Ita</strong></span> <span class='ocrx_word' id='word_1_60' title='bbox 1025 1102 1097 1136; x_wconf 81' lang='lat' dir='ltr'><strong>res</strong></span> <span class='ocrx_word' id='word_1_61' title='bbox 1117 1095 1188 1135; x_wconf 84' lang='lat' dir='ltr'><strong>est</strong></span> <span class='ocrx_word' id='word_1_62' title='bbox 1208 1088 1309 1136; x_wconf 79' lang='lat' dir='ltr'><strong>haec</strong></span> <span class='ocrx_word' id='word_1_63' title='bbox 1346 1103 1491 1150; x_wconf 84' lang='lat' dir='ltr'><strong>nunc,</strong></span> 
     </span>
     <span class='ocr_line' id='line_1_10' title="bbox 427 1150 1491 1218; baseline 0 -16"><span class='ocrx_word' id='word_1_64' title='bbox 427 1153 566 1218; x_wconf 73' lang='lat' dir='ltr'><strong>quasi</strong></span> <span class='ocrx_word' id='word_1_65' title='bbox 587 1167 713 1202; x_wconf 82' lang='lat' dir='ltr'><strong>cum.</strong></span> <span class='ocrx_word' id='word_1_66' title='bbox 767 1150 916 1208; x_wconf 68' lang='lat' dir='ltr'><strong>Quasi</strong></span> <span class='ocrx_word' id='word_1_67' title='bbox 951 1151 1056 1200; x_wconf 80' lang='lat' dir='ltr'><strong>istic</strong></span> <span class='ocrx_word' id='word_1_68' title='bbox 1092 1152 1244 1199; x_wconf 77' lang='lat' dir='ltr'><strong>minor</strong></span> <span class='ocrx_word' id='word_1_69' title='bbox 1279 1167 1382 1202; x_wconf 74' lang='lat' dir='ltr'><strong>mea</strong></span> <span class='ocrx_word' id='word_1_70' title='bbox 1419 1169 1491 1202; x_wconf 83' lang='lat' dir='ltr'><strong>res</strong></span> 
     </span>
     <span class='ocr_line' id='line_1_11' title="bbox 427 1215 1492 1282; baseline 0.001 -17"><span class='ocrx_word' id='word_1_71' title='bbox 427 1229 611 1282; x_wconf 73' lang='lat' dir='ltr'><strong>agatur,</strong></span> <span class='ocrx_word' id='word_1_72' title='bbox 633 1231 775 1280; x_wconf 70' lang='lat' dir='ltr'><strong>quam</strong></span> <span class='ocrx_word' id='word_1_73' title='bbox 797 1225 878 1264; x_wconf 74' lang='lat' dir='ltr'><strong>tua</strong></span> <span class='ocrx_word' id='word_1_74' title='bbox 910 1215 1034 1265; x_wconf 73' lang='lat' dir='ltr'><strong>Hes.</strong></span> <span class='ocrx_word' id='word_1_75' title='bbox 1054 1215 1108 1272; x_wconf 80' lang='lat' dir='ltr'><strong>ii,</strong></span> <span class='ocrx_word' id='word_1_76' title='bbox 1128 1223 1176 1267; x_wconf 89' lang='grc'><strong>3.</strong></span> <span class='ocrx_word' id='word_1_77' title='bbox 1199 1221 1280 1266; x_wconf 88' lang='grc'><strong>77.</strong></span> <span class='ocrx_word' id='word_1_78' title='bbox 1297 1221 1400 1276; x_wconf 63' lang='lat' dir='ltr'><strong>us,</strong></span> <span class='ocrx_word' id='word_1_79' title='bbox 1425 1218 1492 1266; x_wconf 83' lang='lat' dir='ltr'><strong>At</strong></span> 
     </span>
    </p>
   </div>
   <div class='ocr_carea' id='block_1_3' title="bbox 428 1276 1538 1348">
    <p class='ocr_par' dir='ltr' id='par_1_4' title="bbox 428 1276 1538 1348">
     <span class='ocr_line' id='line_1_12' title="bbox 428 1276 1538 1348; baseline 0 -18"><span class='ocrx_word' id='word_1_80' title='bbox 428 1283 566 1348; x_wconf 76' lang='lat' dir='ltr'><strong>quusi</strong></span> <span class='ocrx_word' id='word_1_81' title='bbox 585 1281 628 1330; x_wconf 78' lang='lat' dir='ltr'><strong>is</strong></span> <span class='ocrx_word' id='word_1_82' title='bbox 649 1296 747 1328; x_wconf 84' lang='lat' dir='ltr'><strong>nou</strong></span> <span class='ocrx_word' id='word_1_83' title='bbox 767 1281 945 1330; x_wconf 74' lang='lat' dir='ltr'><strong>divitiis</strong></span> <span class='ocrx_word' id='word_1_84' title='bbox 961 1283 1185 1338; x_wconf 81' lang='lat' dir='ltr'><strong>abundet,</strong></span> <span class='ocrx_word' id='word_1_85' title='bbox 1204 1291 1372 1344; x_wconf 75' lang='lat' dir='ltr'><strong>gnatus</strong></span> <span class='ocrx_word' id='word_1_86' title='bbox 1387 1282 1492 1346; x_wconf 86' lang='lat' dir='ltr'><strong>ejus</strong></span> <span class='ocrx_word' id='word_1_87' title='bbox 1521 1276 1538 1300; x_wconf 59' lang='lat'><strong>³</strong></span> 
     </span>
    </p>
   </div>
   <div class='ocr_carea' id='block_1_4' title="bbox 427 1345 1492 1541">
    <p class='ocr_par' dir='ltr' id='par_1_5' title="bbox 427 1345 1492 1541">
     <span class='ocr_line' id='line_1_13' title="bbox 427 1345 1492 1458; baseline 0 -64"><span class='ocrx_word' id='word_1_88' title='bbox 427 1345 822 1458; x_wconf 55' lang='lat' dir='ltr'><strong>profugitinopiu</strong></span> <span class='ocrx_word' id='word_1_89' title='bbox 873 1346 996 1397; x_wconf 69' lang='lat' dir='ltr'><strong>Heu.</strong></span> <span class='ocrx_word' id='word_1_90' title='bbox 1018 1347 1084 1400; x_wconf 87' lang='lat' dir='ltr'><strong>iii,</strong></span> <span class='ocrx_word' id='word_1_91' title='bbox 1107 1351 1154 1396; x_wconf 97' lang='grc'><strong>2.</strong></span> <span class='ocrx_word' id='word_1_92' title='bbox 1178 1351 1242 1396; x_wconf 93' lang='grc'><strong>16</strong></span> <span class='ocrx_word' id='word_1_93' title='bbox 1290 1347 1385 1394; x_wconf 84' lang='lat' dir='ltr'><strong>Abi</strong></span> <span class='ocrx_word' id='word_1_94' title='bbox 1408 1349 1492 1395; x_wconf 84' lang='lat' dir='ltr'><strong>de-</strong></span> 
     </span>
     <span class='ocr_line' id='line_1_14' title="bbox 429 1410 1491 1476; baseline 0.001 -17"><span class='ocrx_word' id='word_1_95' title='bbox 429 1413 567 1459; x_wconf 74' lang='lat' dir='ltr'><strong>ambu</strong></span> <span class='ocrx_word' id='word_1_96' title='bbox 590 1419 736 1462; x_wconf 74' lang='lat' dir='ltr'><strong>ntum.</strong></span> <span class='ocrx_word' id='word_1_97' title='bbox 793 1411 867 1460; x_wconf 72' lang='lat' dir='ltr'><strong>cl.</strong></span> <span class='ocrx_word' id='word_1_98' title='bbox 906 1410 1306 1460; x_wconf 75' lang='lat' dir='ltr'><strong>Deambulatum!</strong></span> <span class='ocrx_word' id='word_1_99' title='bbox 1357 1413 1491 1476; x_wconf 85' lang='lat' dir='ltr'><strong>quo?</strong></span> 
     </span>
     <span class='ocr_line' id='line_1_15' title="bbox 427 1475 1492 1541; baseline 0 -17"><span class='ocrx_word' id='word_1_100' title='bbox 427 1478 518 1541; x_wconf 77' lang='lat' dir='ltr'><strong>sy.</strong></span> <span class='ocrx_word' id='word_1_101' title='bbox 547 1475 680 1525; x_wconf 65' lang='lat' dir='ltr'><strong>Vah!</strong></span> <span class='ocrx_word' id='word_1_102' title='bbox 727 1476 862 1540; x_wconf 78' lang='lat' dir='ltr'><strong>quusi</strong></span> <span class='ocrx_word' id='word_1_103' title='bbox 881 1477 1009 1525; x_wconf 77' lang='lat' dir='ltr'><strong>desit</strong></span> <span class='ocrx_word' id='word_1_104' title='bbox 1030 1477 1161 1524; x_wconf 84' lang='lat' dir='ltr'><strong>locus</strong></span> <span class='ocrx_word' id='word_1_105' title='bbox 1208 1476 1332 1526; x_wconf 69' lang='lat' dir='ltr'><strong>Heu.</strong></span> <span class='ocrx_word' id='word_1_106' title='bbox 1354 1477 1424 1534; x_wconf 84' lang='lat' dir='ltr'><strong>iii,</strong></span> <span class='ocrx_word' id='word_1_107' title='bbox 1443 1481 1492 1526; x_wconf 85' lang='grc'><strong>3.</strong></span> 
     </span>
    </p>
   </div>
   <div class='ocr_carea' id='block_1_5' title="bbox 428 1541 1518 1606">
    <p class='ocr_par' dir='ltr' id='par_1_6' title="bbox 428 1541 1518 1606">
     <span class='ocr_line' id='line_1_16' title="bbox 428 1541 1518 1606; baseline -0.001 -15"><span class='ocrx_word' id='word_1_108' title='bbox 428 1545 495 1591; x_wconf 82' lang='grc'><strong>26</strong></span> <span class='ocrx_word' id='word_1_109' title='bbox 527 1541 698 1590; x_wconf 83' lang='lat' dir='ltr'><strong>Metuo</strong></span> <span class='ocrx_word' id='word_1_110' title='bbox 713 1541 830 1604; x_wconf 86' lang='lat' dir='ltr'><strong>quid</strong></span> <span class='ocrx_word' id='word_1_111' title='bbox 848 1557 1002 1605; x_wconf 77' lang='lat' dir='ltr'><strong>agam.</strong></span> <span class='ocrx_word' id='word_1_112' title='bbox 1033 1541 1119 1605; x_wconf 77' lang='lat' dir='ltr'><strong>Sy.</strong></span> <span class='ocrx_word' id='word_1_113' title='bbox 1139 1541 1352 1589; x_wconf 77' lang='lat' dir='ltr'>Metuis?</span> <span class='ocrx_word' id='word_1_114' title='bbox 1376 1557 1492 1606; x_wconf 74' lang='lat' dir='ltr'><strong>quu-</strong></span> <span class='ocrx_word' id='word_1_115' title='bbox 1514 1573 1518 1582; x_wconf 82' lang='lat'><em>·</em></span> 
     </span>
    </p>
   </div>
   <div class='ocr_carea' id='block_1_6' title="bbox 414 1605 1507 4453">
    <p class='ocr_par' dir='ltr' id='par_1_7' title="bbox 414 1605 1507 4453">
     <span class='ocr_line' id='line_1_17' title="bbox 433 1605 1492 1670; baseline 0.003 -16"><span class='ocrx_word' id='word_1_116' title='bbox 433 1606 475 1654; x_wconf 84' lang='lat' dir='ltr'><strong>si</strong></span> <span class='ocrx_word' id='word_1_117' title='bbox 498 1621 596 1654; x_wconf 83' lang='lat' dir='ltr'><strong>uon</strong></span> <span class='ocrx_word' id='word_1_118' title='bbox 615 1621 675 1654; x_wconf 78' lang='lat' dir='ltr'><strong>eu</strong></span> <span class='ocrx_word' id='word_1_119' title='bbox 695 1613 904 1670; x_wconf 69' lang='lat' dir='ltr'><strong>potestas</strong></span> <span class='ocrx_word' id='word_1_120' title='bbox 926 1606 989 1653; x_wconf 86' lang='lat' dir='ltr'><strong>sit</strong></span> <span class='ocrx_word' id='word_1_121' title='bbox 1010 1615 1092 1653; x_wconf 79' lang='lat' dir='ltr'><strong>tua</strong></span> <span class='ocrx_word' id='word_1_122' title='bbox 1125 1605 1247 1655; x_wconf 72' lang='lat' dir='ltr'><strong>Hes.</strong></span> <span class='ocrx_word' id='word_1_123' title='bbox 1271 1607 1335 1666; x_wconf 81' lang='lat' dir='ltr'><strong>iv,</strong></span> <span class='ocrx_word' id='word_1_124' title='bbox 1357 1611 1406 1655; x_wconf 91' lang='grc'><strong>3.</strong></span> <span class='ocrx_word' id='word_1_125' title='bbox 1427 1611 1492 1657; x_wconf 87' lang='grc'><strong>42</strong></span> 
     </span>
     <span class='ocr_line' id='line_1_18' title="bbox 431 1670 1494 1746; baseline 0 -27"><span class='ocrx_word' id='word_1_126' title='bbox 431 1670 654 1719; x_wconf 76' lang='lat' dir='ltr'><strong>Gaudere</strong></span> <span class='ocrx_word' id='word_1_127' title='bbox 675 1671 794 1718; x_wconf 74' lang='lat' dir='ltr'><strong>odeo</strong></span> <span class='ocrx_word' id='word_1_128' title='bbox 816 1671 978 1734; x_wconf 81' lang='lat' dir='ltr'><strong>coepit,</strong></span> <span class='ocrx_word' id='word_1_129' title='bbox 997 1672 1132 1735; x_wconf 81' lang='lat' dir='ltr'><strong>quasi</strong></span> <span class='ocrx_word' id='word_1_130' title='bbox 1171 1672 1255 1746; x_wconf 83' lang='lat' dir='ltr'><strong>qui</strong></span> <span class='ocrx_word' id='word_1_131' title='bbox 1294 1671 1494 1736; x_wconf 86' lang='lat' dir='ltr'><strong>cupiunt</strong></span> 
     </span>
     <span class='ocr_line' id='line_1_19' title="bbox 428 1734 1492 1801; baseline 0.002 -19"><span class='ocrx_word' id='word_1_132' title='bbox 428 1736 618 1800; x_wconf 69' lang='lat' dir='ltr'><strong>nuptias</strong></span> <span class='ocrx_word' id='word_1_133' title='bbox 651 1734 775 1783; x_wconf 79' lang='lat' dir='ltr'><strong>Heu.</strong></span> <span class='ocrx_word' id='word_1_134' title='bbox 791 1751 836 1795; x_wconf 85' lang='lat' dir='ltr'><strong>v,</strong></span> <span class='ocrx_word' id='word_1_135' title='bbox 857 1741 900 1784; x_wconf 97' lang='grc'><strong>1.</strong></span> <span class='ocrx_word' id='word_1_136' title='bbox 921 1740 982 1784; x_wconf 85' lang='grc'><strong>12</strong></span> <span class='ocrx_word' id='word_1_137' title='bbox 1016 1735 1165 1794; x_wconf 80' lang='lat' dir='ltr'><strong>Quasi</strong></span> <span class='ocrx_word' id='word_1_138' title='bbox 1177 1753 1280 1799; x_wconf 68' lang='lat' dir='ltr'><strong>jum</strong></span> <span class='ocrx_word' id='word_1_139' title='bbox 1295 1751 1492 1801; x_wconf 80' lang='lat' dir='ltr'><strong>usquam</strong></span> 
     </span>
     <span class='ocr_line' id='line_1_20' title="bbox 431 1799 1493 1864; baseline 0.001 -16"><span class='ocrx_word' id='word_1_140' title='bbox 431 1799 519 1848; x_wconf 84' lang='lat' dir='ltr'><strong>tibi</strong></span> <span class='ocrx_word' id='word_1_141' title='bbox 541 1800 639 1848; x_wconf 85' lang='lat' dir='ltr'><strong>sint</strong></span> <span class='ocrx_word' id='word_1_142' title='bbox 656 1799 821 1863; x_wconf 79' lang='lat' dir='ltr'><strong>viginti</strong></span> <span class='ocrx_word' id='word_1_143' title='bbox 838 1799 978 1847; x_wconf 72' lang='lat' dir='ltr'><strong>mium</strong></span> <span class='ocrx_word' id='word_1_144' title='bbox 1012 1799 1113 1847; x_wconf 87' lang='lat' dir='ltr'><strong>Ad.</strong></span> <span class='ocrx_word' id='word_1_145' title='bbox 1131 1799 1184 1862; x_wconf 85' lang='lat' dir='ltr'><strong>ii,</strong></span> <span class='ocrx_word' id='word_1_146' title='bbox 1201 1807 1248 1852; x_wconf 90' lang='grc'><strong>2.</strong></span> <span class='ocrx_word' id='word_1_147' title='bbox 1270 1807 1330 1850; x_wconf 86' lang='grc'><strong>15</strong></span> <span class='ocrx_word' id='word_1_148' title='bbox 1365 1801 1493 1864; x_wconf 83' lang='lat' dir='ltr'><strong>Age,</strong></span> 
     </span>
     <span class='ocr_line' id='line_1_21' title="bbox 429 1863 1492 1994; baseline 0.002 -16"><span class='ocrx_word' id='word_1_149' title='bbox 429 1863 800 1994; x_wconf 54' lang='grc' dir='ltr'><strong>ζ’ἱῖρῖᾆὲἶῖἒ</strong></span> <span class='ocrx_word' id='word_1_150' title='bbox 836 1865 1203 1979; x_wconf 58' lang='lat' dir='ltr'><strong>”33013&#39;03m5⁸</strong></span> <span class='ocrx_word' id='word_1_151' title='bbox 1223 1882 1330 1980; x_wconf 55' lang='lat' dir='ltr'><strong>1¹¹.ssss</strong></span> <span class='ocrx_word' id='word_1_152' title='bbox 1366 1865 1492 1980; x_wconf 57' lang='lat'><strong>3:132</strong></span> 
     </span>
     <span class='ocr_line' id='line_1_22' title="bbox 430 1995 1494 2059; baseline 0.002 -15"><span class='ocrx_word' id='word_1_153' title='bbox 430 1995 588 2054; x_wconf 77' lang='lat' dir='ltr'><strong>times,</strong></span> <span class='ocrx_word' id='word_1_154' title='bbox 616 1995 752 2059; x_wconf 75' lang='lat' dir='ltr'><strong>quusi</strong></span> <span class='ocrx_word' id='word_1_155' title='bbox 786 2009 1027 2059; x_wconf 79' lang='lat' dir='ltr'><strong>nunquam</strong></span> <span class='ocrx_word' id='word_1_156' title='bbox 1060 1995 1247 2043; x_wconf 71' lang='lat' dir='ltr'><strong>affueris</strong></span> <span class='ocrx_word' id='word_1_157' title='bbox 1299 1996 1398 2046; x_wconf 86' lang='lat' dir='ltr'><strong>Ad.</strong></span> <span class='ocrx_word' id='word_1_158' title='bbox 1421 1996 1494 2054; x_wconf 85' lang='lat' dir='ltr'><strong>iii,</strong></span> 
     </span>
     <span class='ocr_line' id='line_1_23' title="bbox 431 2059 1494 2126; baseline 0.001 -18"><span class='ocrx_word' id='word_1_159' title='bbox 431 2063 483 2109; x_wconf 88' lang='lat'><strong>1.</strong></span> <span class='ocrx_word' id='word_1_160' title='bbox 503 2065 534 2110; x_wconf 86' lang='grc'><strong>3</strong></span> <span class='ocrx_word' id='word_1_161' title='bbox 569 2059 766 2108; x_wconf 80' lang='lat' dir='ltr'>Homini</span> <span class='ocrx_word' id='word_1_162' title='bbox 784 2059 912 2110; x_wconf 75' lang='lat' dir='ltr'><strong>inico</strong></span> <span class='ocrx_word' id='word_1_163' title='bbox 935 2061 1150 2108; x_wconf 62' lang='lat' dir='ltr'><strong>lacrumo</strong></span> <span class='ocrx_word' id='word_1_164' title='bbox 1169 2061 1363 2119; x_wconf 73' lang='lat' dir='ltr'><strong>cudunt,</strong></span> <span class='ocrx_word' id='word_1_165' title='bbox 1377 2077 1494 2126; x_wconf 73' lang='lat' dir='ltr'><strong>qua-</strong></span> 
     </span>
     <span class='ocr_line' id='line_1_24' title="bbox 432 2124 1492 2188; baseline 0.001 -15"><span class='ocrx_word' id='word_1_166' title='bbox 432 2125 473 2172; x_wconf 72' lang='lat' dir='ltr'><strong>si</strong></span> <span class='ocrx_word' id='word_1_167' title='bbox 491 2139 657 2188; x_wconf 79' lang='lat' dir='ltr'><strong>puero,</strong></span> <span class='ocrx_word' id='word_1_168' title='bbox 678 2125 854 2188; x_wconf 76' lang='lat' dir='ltr'><strong>gaudio</strong></span> <span class='ocrx_word' id='word_1_169' title='bbox 902 2124 1001 2174; x_wconf 87' lang='lat' dir='ltr'><strong>Ad.</strong></span> <span class='ocrx_word' id='word_1_170' title='bbox 1021 2124 1089 2181; x_wconf 79' lang='lat' dir='ltr'><strong>iv,</strong></span> <span class='ocrx_word' id='word_1_171' title='bbox 1115 2130 1160 2173; x_wconf 92' lang='grc'><strong>1.</strong></span> <span class='ocrx_word' id='word_1_172' title='bbox 1182 2130 1246 2176; x_wconf 96' lang='grc'><strong>21</strong></span> <span class='ocrx_word' id='word_1_173' title='bbox 1297 2126 1374 2174; x_wconf 75' lang='lat' dir='ltr'><strong>Its</strong></span> <span class='ocrx_word' id='word_1_174' title='bbox 1395 2127 1492 2174; x_wconf 77' lang='lat' dir='ltr'><strong>vitu</strong></span> 
     </span>
     <span class='ocr_line' id='line_1_25' title="bbox 430 2188 1494 2252; baseline 0.001 -14"><span class='ocrx_word' id='word_1_175' title='bbox 430 2196 510 2238; x_wconf 75' lang='lat' dir='ltr'><strong>est</strong></span> <span class='ocrx_word' id='word_1_176' title='bbox 541 2189 800 2246; x_wconf 81' lang='lat' dir='ltr'><strong>hominum,</strong></span> <span class='ocrx_word' id='word_1_177' title='bbox 823 2188 958 2252; x_wconf 76' lang='lat' dir='ltr'><strong>quusi</strong></span> <span class='ocrx_word' id='word_1_178' title='bbox 995 2205 1102 2238; x_wconf 84' lang='lat' dir='ltr'><strong>cum</strong></span> <span class='ocrx_word' id='word_1_179' title='bbox 1141 2189 1275 2238; x_wconf 84' lang='lat' dir='ltr'><strong>ludas</strong></span> <span class='ocrx_word' id='word_1_180' title='bbox 1311 2191 1494 2240; x_wconf 73' lang='lat' dir='ltr'><strong>tesseris</strong></span> 
     </span>
     <span class='ocr_line' id='line_1_26' title="bbox 430 2251 1494 2318; baseline 0.003 -16"><span class='ocrx_word' id='word_1_181' title='bbox 430 2251 533 2302; x_wconf 80' lang='lat' dir='ltr'><strong>Ad.</strong></span> <span class='ocrx_word' id='word_1_182' title='bbox 552 2254 622 2315; x_wconf 80' lang='lat' dir='ltr'><strong>iv,</strong></span> <span class='ocrx_word' id='word_1_183' title='bbox 644 2259 689 2305; x_wconf 94' lang='grc'><strong>7.</strong></span> <span class='ocrx_word' id='word_1_184' title='bbox 710 2259 775 2305; x_wconf 90' lang='grc'><strong>21</strong></span> <span class='ocrx_word' id='word_1_185' title='bbox 831 2253 982 2312; x_wconf 75' lang='lat' dir='ltr'><strong>Quasi</strong></span> <span class='ocrx_word' id='word_1_186' title='bbox 1001 2269 1049 2302; x_wconf 88' lang='lat' dir='ltr'><strong>re</strong></span> <span class='ocrx_word' id='word_1_187' title='bbox 1073 2255 1194 2304; x_wconf 85' lang='lat' dir='ltr'><strong>bene</strong></span> <span class='ocrx_word' id='word_1_188' title='bbox 1214 2265 1344 2318; x_wconf 80' lang='lat' dir='ltr'><strong>gestu</strong></span> <span class='ocrx_word' id='word_1_189' title='bbox 1393 2255 1494 2306; x_wconf 89' lang='lat' dir='ltr'><strong>Ad.</strong></span> 
     </span>
     <span class='ocr_line' id='line_1_27' title="bbox 429 2318 1493 2382; baseline 0.003 -17"><span class='ocrx_word' id='word_1_190' title='bbox 429 2334 480 2375; x_wconf 78' lang='lat' dir='ltr'><strong>v,</strong></span> <span class='ocrx_word' id='word_1_191' title='bbox 503 2323 629 2369; x_wconf 83' lang='grc'><strong>1.13</strong></span> <span class='ocrx_word' id='word_1_192' title='bbox 686 2318 836 2377; x_wconf 86' lang='lat' dir='ltr'><strong>Quid,</strong></span> <span class='ocrx_word' id='word_1_193' title='bbox 859 2320 900 2369; x_wconf 80' lang='lat' dir='ltr'><strong>si</strong></span> <span class='ocrx_word' id='word_1_194' title='bbox 932 2319 1048 2382; x_wconf 87' lang='lat' dir='ltr'><strong>quid</strong></span> <span class='ocrx_word' id='word_1_195' title='bbox 1085 2327 1134 2367; x_wconf 82' lang='lat' dir='ltr'><strong>te</strong></span> <span class='ocrx_word' id='word_1_196' title='bbox 1171 2319 1324 2382; x_wconf 76' lang='lat' dir='ltr'><strong>majus</strong></span> <span class='ocrx_word' id='word_1_197' title='bbox 1361 2321 1493 2368; x_wconf 84' lang='lat' dir='ltr'><strong>oret?</strong></span> 
     </span>
     <span class='ocr_line' id='line_1_28' title="bbox 429 2382 1496 2448; baseline -0.001 -16"><span class='ocrx_word' id='word_1_198' title='bbox 429 2382 524 2434; x_wconf 75' lang='lat' dir='ltr'><strong>Mi.</strong></span> <span class='ocrx_word' id='word_1_199' title='bbox 547 2383 699 2443; x_wconf 69' lang='lat' dir='ltr'><strong>Quasi</strong></span> <span class='ocrx_word' id='word_1_200' title='bbox 721 2399 818 2432; x_wconf 86' lang='lat' dir='ltr'><strong>nou</strong></span> <span class='ocrx_word' id='word_1_201' title='bbox 838 2384 929 2432; x_wconf 81' lang='lat' dir='ltr'><strong>boc</strong></span> <span class='ocrx_word' id='word_1_202' title='bbox 949 2384 1014 2432; x_wconf 76' lang='lat' dir='ltr'><strong>sit</strong></span> <span class='ocrx_word' id='word_1_203' title='bbox 1033 2384 1282 2448; x_wconf 78' lang='lat' dir='ltr'><strong>maximum</strong></span> <span class='ocrx_word' id='word_1_204' title='bbox 1332 2383 1428 2433; x_wconf 84' lang='lat' dir='ltr'><strong>Ad.</strong></span> <span class='ocrx_word' id='word_1_205' title='bbox 1451 2402 1496 2446; x_wconf 83' lang='lat' dir='ltr'><strong>v,</strong></span> 
     </span>
     <span class='ocr_line' id='line_1_29' title="bbox 433 2448 1496 2507; baseline 0.001 -9"><span class='ocrx_word' id='word_1_206' title='bbox 433 2451 484 2498; x_wconf 89' lang='grc'><strong>8.</strong></span> <span class='ocrx_word' id='word_1_207' title='bbox 513 2453 574 2499; x_wconf 87' lang='grc'><strong>18</strong></span> <span class='ocrx_word' id='word_1_208' title='bbox 631 2449 782 2507; x_wconf 69' lang='lat' dir='ltr'><strong>Quasi</strong></span> <span class='ocrx_word' id='word_1_209' title='bbox 803 2459 854 2497; x_wconf 86' lang='lat' dir='ltr'><strong>tu</strong></span> <span class='ocrx_word' id='word_1_210' title='bbox 873 2463 969 2497; x_wconf 82' lang='lat' dir='ltr'><strong>nou</strong></span> <span class='ocrx_word' id='word_1_211' title='bbox 989 2448 1138 2497; x_wconf 82' lang='lat' dir='ltr'><strong>multo</strong></span> <span class='ocrx_word' id='word_1_212' title='bbox 1162 2449 1294 2497; x_wconf 76' lang='lat' dir='ltr'><strong>maiis</strong></span> <span class='ocrx_word' id='word_1_213' title='bbox 1315 2465 1496 2499; x_wconf 78' lang='lat' dir='ltr'><strong>narrare</strong></span> 
     </span>
     <span class='ocr_line' id='line_1_30' title="bbox 428 2512 1496 2578; baseline 0.002 -17"><span class='ocrx_word' id='word_1_214' title='bbox 428 2514 522 2562; x_wconf 78' lang='lat' dir='ltr'><strong>hoe</strong></span> <span class='ocrx_word' id='word_1_215' title='bbox 559 2514 693 2573; x_wconf 86' lang='lat' dir='ltr'><strong>mihi,</strong></span> <span class='ocrx_word' id='word_1_216' title='bbox 728 2528 869 2578; x_wconf 72' lang='lat' dir='ltr'><strong>quam</strong></span> <span class='ocrx_word' id='word_1_217' title='bbox 905 2529 996 2577; x_wconf 85' lang='lat' dir='ltr'><strong>ego</strong></span> <span class='ocrx_word' id='word_1_218' title='bbox 1050 2512 1142 2562; x_wconf 83' lang='lat' dir='ltr'><strong>He.</strong></span> <span class='ocrx_word' id='word_1_219' title='bbox 1163 2514 1198 2570; x_wconf 88' lang='lat' dir='ltr'><strong>i,</strong></span> <span class='ocrx_word' id='word_1_220' title='bbox 1223 2520 1272 2564; x_wconf 84' lang='grc'><strong>2.</strong></span> <span class='ocrx_word' id='word_1_221' title='bbox 1289 2520 1351 2577; x_wconf 57' lang='lat' dir='ltr'><strong>ab</strong></span> <span class='ocrx_word' id='word_1_222' title='bbox 1408 2515 1496 2563; x_wconf 89' lang='lat' dir='ltr'><strong>Me</strong></span> 
     </span>
     <span class='ocr_line' id='line_1_31' title="bbox 431 2578 1496 2655; baseline 0.002 -30"><span class='ocrx_word' id='word_1_223' title='bbox 431 2578 542 2627; x_wconf 77' lang='lat' dir='ltr'><strong>filiis</strong></span> <span class='ocrx_word' id='word_1_224' title='bbox 561 2578 833 2655; x_wconf 70' lang='lat' dir='ltr'><strong>relinquunt</strong></span> <span class='ocrx_word' id='word_1_225' title='bbox 851 2579 984 2643; x_wconf 75' lang='lat' dir='ltr'><strong>quasi</strong></span> <span class='ocrx_word' id='word_1_226' title='bbox 1021 2580 1290 2641; x_wconf 79' lang='lat' dir='ltr'><strong>magistrum</strong></span> <span class='ocrx_word' id='word_1_227' title='bbox 1348 2578 1438 2627; x_wconf 82' lang='lat' dir='ltr'><strong>Ph.</strong></span> <span class='ocrx_word' id='word_1_228' title='bbox 1461 2580 1496 2636; x_wconf 86' lang='lat' dir='ltr'><strong>i,</strong></span> 
     </span>
     <span class='ocr_line' id='line_1_32' title="bbox 431 2643 1499 2705; baseline -0.004 -12"><span class='ocrx_word' id='word_1_229' title='bbox 431 2648 484 2693; x_wconf 81' lang='grc'><strong>2.</strong></span> <span class='ocrx_word' id='word_1_230' title='bbox 506 2648 574 2693; x_wconf 89' lang='grc'><strong>22</strong></span> <span class='ocrx_word' id='word_1_231' title='bbox 605 2643 812 2691; x_wconf 72' lang='lat' dir='ltr'><strong>Proinde</strong></span> <span class='ocrx_word' id='word_1_232' title='bbox 831 2643 1090 2705; x_wconf 64' lang='lat' dir='ltr'><strong>expiscere,</strong></span> <span class='ocrx_word' id='word_1_233' title='bbox 1111 2644 1248 2705; x_wconf 80' lang='lat' dir='ltr'><strong>quasi</strong></span> <span class='ocrx_word' id='word_1_234' title='bbox 1267 2658 1364 2689; x_wconf 82' lang='lat' dir='ltr'><strong>non</strong></span> <span class='ocrx_word' id='word_1_235' title='bbox 1387 2658 1499 2691; x_wconf 77' lang='lat' dir='ltr'><strong>nos-</strong></span> 
     </span>
     <span class='ocr_line' id='line_1_33' title="bbox 433 2706 1498 2765; baseline 0 -10"><span class='ocrx_word' id='word_1_236' title='bbox 433 2722 527 2755; x_wconf 78' lang='lat' dir='ltr'><strong>ses.</strong></span> <span class='ocrx_word' id='word_1_237' title='bbox 577 2707 729 2765; x_wconf 65' lang='lat' dir='ltr'><strong>Quasi</strong></span> <span class='ocrx_word' id='word_1_238' title='bbox 749 2722 844 2754; x_wconf 85' lang='lat' dir='ltr'><strong>non</strong></span> <span class='ocrx_word' id='word_1_239' title='bbox 869 2708 1010 2763; x_wconf 83' lang='lat' dir='ltr'><strong>noris,</strong></span> <span class='ocrx_word' id='word_1_240' title='bbox 1033 2715 1264 2753; x_wconf 74' lang='lat' dir='ltr'><strong>tentatum</strong></span> <span class='ocrx_word' id='word_1_241' title='bbox 1303 2706 1498 2755; x_wconf 77' lang='lat' dir='ltr'><strong>advenis</strong></span> 
     </span>
     <span class='ocr_line' id='line_1_34' title="bbox 436 2770 855 2827; baseline 0.002 -8"><span class='ocrx_word' id='word_1_242' title='bbox 436 2770 532 2819; x_wconf 86' lang='lat' dir='ltr'><strong>Ph.</strong></span> <span class='ocrx_word' id='word_1_243' title='bbox 554 2770 605 2827; x_wconf 80' lang='lat' dir='ltr'><strong>ii,</strong></span> <span class='ocrx_word' id='word_1_244' title='bbox 621 2775 670 2820; x_wconf 88' lang='grc'><strong>3.</strong></span> <span class='ocrx_word' id='word_1_245' title='bbox 693 2775 774 2820; x_wconf 84' lang='grc'><strong>35.</strong></span> <span class='ocrx_word' id='word_1_246' title='bbox 795 2774 855 2820; x_wconf 98' lang='grc'><strong>41</strong></span> 
     </span>
     <span class='ocr_line' id='line_1_35' title="bbox 503 2826 1500 2901; baseline 0.003 -19"><span class='ocrx_word' id='word_1_247' title='bbox 503 2835 700 2893; x_wconf 78' lang='lat' dir='ltr'><strong>Quutio.</strong></span> <span class='ocrx_word' id='word_1_248' title='bbox 765 2826 924 2883; x_wconf 83' lang='lat' dir='ltr'><strong>Homo</strong></span> <span class='ocrx_word' id='word_1_249' title='bbox 957 2836 1196 2901; x_wconf 77' lang='lat' dir='ltr'><strong>quatietur</strong></span> <span class='ocrx_word' id='word_1_250' title='bbox 1229 2843 1356 2884; x_wconf 86' lang='lat' dir='ltr'><strong>certe</strong></span> <span class='ocrx_word' id='word_1_251' title='bbox 1393 2850 1500 2885; x_wconf 81' lang='lat' dir='ltr'><strong>cum</strong></span> 
     </span>
     <span class='ocr_line' id='line_1_36' title="bbox 437 2900 1070 2955; baseline 0.008 -8"><span class='ocrx_word' id='word_1_252' title='bbox 437 2900 566 2948; x_wconf 86' lang='lat' dir='ltr'><strong>dono</strong></span> <span class='ocrx_word' id='word_1_253' title='bbox 587 2900 710 2949; x_wconf 76' lang='lat' dir='ltr'><strong>som</strong></span> <span class='ocrx_word' id='word_1_254' title='bbox 742 2900 835 2947; x_wconf 84' lang='lat' dir='ltr'><strong>Eu.</strong></span> <span class='ocrx_word' id='word_1_255' title='bbox 861 2900 911 2955; x_wconf 85' lang='lat' dir='ltr'><strong>ii,</strong></span> <span class='ocrx_word' id='word_1_256' title='bbox 934 2904 983 2950; x_wconf 86' lang='grc'><strong>3.</strong></span> <span class='ocrx_word' id='word_1_257' title='bbox 1004 2905 1070 2951; x_wconf 81' lang='grc'><strong>66</strong></span> 
     </span>
     <span class='ocr_line' id='line_1_37' title="bbox 504 2962 1502 3029; baseline -0.002 -17"><span class='ocrx_word' id='word_1_258' title='bbox 504 2965 632 3022; x_wconf 88' lang='lat' dir='ltr'><strong>Que.</strong></span> <span class='ocrx_word' id='word_1_259' title='bbox 697 2962 1011 3029; x_wconf 75' lang='lat' dir='ltr'>(conjunct.)</span> <span class='ocrx_word' id='word_1_260' title='bbox 1043 2964 1274 3013; x_wconf 70' lang='lat' dir='ltr'><strong>Putabam</strong></span> <span class='ocrx_word' id='word_1_261' title='bbox 1296 2978 1397 3012; x_wconf 77' lang='lat' dir='ltr'><strong>esse</strong></span> <span class='ocrx_word' id='word_1_262' title='bbox 1416 2964 1502 3011; x_wconf 67' lang='lat' dir='ltr'><strong>hu⁶</strong></span> 
     </span>
     <span class='ocr_line' id='line_1_38' title="bbox 441 3027 1504 3093; baseline -0.001 -16"><span class='ocrx_word' id='word_1_263' title='bbox 441 3030 571 3078; x_wconf 76' lang='lat' dir='ltr'><strong>muni</strong></span> <span class='ocrx_word' id='word_1_264' title='bbox 593 3027 774 3093; x_wconf 74' lang='lat' dir='ltr'><strong>ingeni,</strong></span> <span class='ocrx_word' id='word_1_265' title='bbox 811 3030 1136 3093; x_wconf 72' lang='lat' dir='ltr'>mansuetique</span> <span class='ocrx_word' id='word_1_266' title='bbox 1173 3028 1317 3076; x_wconf 77' lang='lat' dir='ltr'><strong>animi</strong></span> <span class='ocrx_word' id='word_1_267' title='bbox 1350 3028 1504 3093; x_wconf 72' lang='lat' dir='ltr'><strong>officia</strong></span> 
     </span>
     <span class='ocr_line' id='line_1_39' title="bbox 438 3092 1503 3157; baseline -0.002 -14"><span class='ocrx_word' id='word_1_268' title='bbox 438 3092 503 3143; x_wconf 79' lang='lat' dir='ltr'><strong>A.</strong></span> <span class='ocrx_word' id='word_1_269' title='bbox 519 3095 556 3152; x_wconf 86' lang='lat' dir='ltr'><strong>i,</strong></span> <span class='ocrx_word' id='word_1_270' title='bbox 582 3098 627 3143; x_wconf 94' lang='lat'><strong>1.</strong></span> <span class='ocrx_word' id='word_1_271' title='bbox 651 3098 713 3143; x_wconf 85' lang='grc'><strong>87</strong></span> <span class='ocrx_word' id='word_1_272' title='bbox 766 3093 898 3141; x_wconf 87' lang='lat' dir='ltr'><strong>Dum</strong></span> <span class='ocrx_word' id='word_1_273' title='bbox 920 3093 1098 3142; x_wconf 83' lang='lat' dir='ltr'><strong>licitum</strong></span> <span class='ocrx_word' id='word_1_274' title='bbox 1117 3100 1192 3141; x_wconf 88' lang='lat' dir='ltr'><strong>est</strong></span> <span class='ocrx_word' id='word_1_275' title='bbox 1210 3094 1274 3150; x_wconf 84' lang='lat' dir='ltr'><strong>ei,</strong></span> <span class='ocrx_word' id='word_1_276' title='bbox 1297 3094 1503 3157; x_wconf 85' lang='lat' dir='ltr'><strong>dumque</strong></span> 
     </span>
     <span class='ocr_line' id='line_1_40' title="bbox 439 3157 1502 3221; baseline 0 -14"><span class='ocrx_word' id='word_1_277' title='bbox 439 3165 554 3207; x_wconf 71' lang='lat' dir='ltr'><strong>aetas</strong></span> <span class='ocrx_word' id='word_1_278' title='bbox 575 3159 686 3207; x_wconf 78' lang='lat' dir='ltr'><strong>tulit</strong></span> <span class='ocrx_word' id='word_1_279' title='bbox 739 3157 806 3208; x_wconf 84' lang='lat' dir='ltr'><strong>A.</strong></span> <span class='ocrx_word' id='word_1_280' title='bbox 824 3158 874 3215; x_wconf 85' lang='lat' dir='ltr'><strong>ii,</strong></span> <span class='ocrx_word' id='word_1_281' title='bbox 893 3164 940 3209; x_wconf 89' lang='grc'><strong>6.</strong></span> <span class='ocrx_word' id='word_1_282' title='bbox 967 3164 1028 3209; x_wconf 88' lang='grc'><strong>12</strong></span> <span class='ocrx_word' id='word_1_283' title='bbox 1082 3158 1234 3221; x_wconf 89' lang='lat' dir='ltr'><strong>quue</strong></span> <span class='ocrx_word' id='word_1_284' title='bbox 1255 3161 1376 3207; x_wconf 81' lang='lat' dir='ltr'><strong>adeo</strong></span> <span class='ocrx_word' id='word_1_285' title='bbox 1404 3174 1502 3207; x_wconf 81' lang='lat' dir='ltr'><strong>me-</strong></span> 
     </span>
     <span class='ocr_line' id='line_1_41' title="bbox 437 3222 1502 3285; baseline -0.002 -14"><span class='ocrx_word' id='word_1_286' title='bbox 437 3232 575 3273; x_wconf 78' lang='lat' dir='ltr'><strong>tuens</strong></span> <span class='ocrx_word' id='word_1_287' title='bbox 596 3240 680 3272; x_wconf 77' lang='lat' dir='ltr'><strong>vos</strong></span> <span class='ocrx_word' id='word_1_288' title='bbox 701 3222 868 3273; x_wconf 76' lang='lat' dir='ltr'><strong>celavi.</strong></span> <span class='ocrx_word' id='word_1_289' title='bbox 899 3222 1104 3273; x_wconf 74' lang='lat' dir='ltr'><strong>Gnatum</strong></span> <span class='ocrx_word' id='word_1_290' title='bbox 1125 3230 1175 3271; x_wconf 82' lang='lat' dir='ltr'><strong>ut</strong></span> <span class='ocrx_word' id='word_1_291' title='bbox 1190 3224 1273 3271; x_wconf 88' lang='lat' dir='ltr'><strong>det</strong></span> <span class='ocrx_word' id='word_1_292' title='bbox 1287 3240 1388 3285; x_wconf 78' lang='lat' dir='ltr'><strong>oro,</strong></span> <span class='ocrx_word' id='word_1_293' title='bbox 1405 3223 1502 3270; x_wconf 80' lang='lat' dir='ltr'><strong>vix·-</strong></span> 
     </span>
     <span class='ocr_line' id='line_1_42' title="bbox 438 3287 1498 3353; baseline -0.002 -16"><span class='ocrx_word' id='word_1_294' title='bbox 438 3304 534 3353; x_wconf 84' lang='lat' dir='ltr'><strong>que</strong></span> <span class='ocrx_word' id='word_1_295' title='bbox 547 3289 602 3337; x_wconf 88' lang='lat' dir='ltr'><strong>id</strong></span> <span class='ocrx_word' id='word_1_296' title='bbox 623 3304 764 3338; x_wconf 83' lang='lat' dir='ltr'><strong>exoro</strong></span> <span class='ocrx_word' id='word_1_297' title='bbox 798 3288 863 3337; x_wconf 87' lang='lat' dir='ltr'><strong>A.</strong></span> <span class='ocrx_word' id='word_1_298' title='bbox 885 3288 956 3344; x_wconf 86' lang='lat' dir='ltr'><strong>iii,</strong></span> <span class='ocrx_word' id='word_1_299' title='bbox 979 3295 1028 3339; x_wconf 81' lang='grc'><strong>4.</strong></span> <span class='ocrx_word' id='word_1_300' title='bbox 1051 3294 1099 3337; x_wconf 87' lang='grc'><strong>0.</strong></span> <span class='ocrx_word' id='word_1_301' title='bbox 1126 3293 1184 3337; x_wconf 91' lang='grc'><strong>13</strong></span> <span class='ocrx_word' id='word_1_302' title='bbox 1221 3288 1405 3336; x_wconf 85' lang='lat' dir='ltr'><strong>Ludum</strong></span> <span class='ocrx_word' id='word_1_303' title='bbox 1434 3287 1498 3335; x_wconf 87' lang='lat'><strong>·0.</strong></span> 
     </span>
     <span class='ocr_line' id='line_1_43' title="bbox 437 3352 1501 3419; baseline -0.002 -17"><span class='ocrx_word' id='word_1_304' title='bbox 437 3369 644 3419; x_wconf 78' lang='lat' dir='ltr'><strong>cumque</strong></span> <span class='ocrx_word' id='word_1_305' title='bbox 665 3354 794 3401; x_wconf 83' lang='lat' dir='ltr'><strong>dices</strong></span> <span class='ocrx_word' id='word_1_306' title='bbox 815 3354 958 3402; x_wconf 56' lang='lat' dir='ltr'><strong>fuine</strong></span> <span class='ocrx_word' id='word_1_307' title='bbox 992 3353 1128 3405; x_wconf 82' lang='lat' dir='ltr'><strong>inum</strong></span> <span class='ocrx_word' id='word_1_308' title='bbox 1165 3352 1358 3401; x_wconf 74' lang='lat' dir='ltr'><strong>alterum</strong></span> <span class='ocrx_word' id='word_1_309' title='bbox 1437 3352 1501 3400; x_wconf 73' lang='grc' dir='ltr'><strong>ἀ.</strong></span> 
     </span>
     <span class='ocr_line' id='line_1_44' title="bbox 438 3416 1504 3482; baseline 0 -18"><span class='ocrx_word' id='word_1_310' title='bbox 438 3416 491 3478; x_wconf 86' lang='lat' dir='ltr'><strong>ii,</strong></span> <span class='ocrx_word' id='word_1_311' title='bbox 512 3422 560 3469; x_wconf 74' lang='lat'><strong>8.</strong></span> <span class='ocrx_word' id='word_1_312' title='bbox 582 3423 612 3468; x_wconf 85' lang='grc'><strong>8</strong></span> <span class='ocrx_word' id='word_1_313' title='bbox 661 3418 749 3467; x_wconf 66' lang='lat' dir='ltr'><strong>Est</strong></span> <span class='ocrx_word' id='word_1_314' title='bbox 783 3419 943 3477; x_wconf 77' lang='lat' dir='ltr'><strong>durus,</strong></span> <span class='ocrx_word' id='word_1_315' title='bbox 967 3426 1134 3482; x_wconf 80' lang='lat' dir='ltr'><strong>praeter</strong></span> <span class='ocrx_word' id='word_1_316' title='bbox 1153 3432 1434 3481; x_wconf 64' lang='lat' dir='ltr'><strong>equumque</strong></span> <span class='ocrx_word' id='word_1_317' title='bbox 1453 3423 1504 3465; x_wconf 87' lang='lat' dir='ltr'><strong>et</strong></span> 
     </span>
     <span class='ocr_line' id='line_1_45' title="bbox 439 3482 1504 3546; baseline 0 -17"><span class='ocrx_word' id='word_1_318' title='bbox 439 3484 615 3531; x_wconf 83' lang='lat' dir='ltr'><strong>bonum</strong></span> <span class='ocrx_word' id='word_1_319' title='bbox 670 3483 767 3533; x_wconf 77' lang='lat' dir='ltr'><strong>Ad.</strong></span> <span class='ocrx_word' id='word_1_320' title='bbox 787 3482 821 3540; x_wconf 88' lang='lat' dir='ltr'><strong>i,</strong></span> <span class='ocrx_word' id='word_1_321' title='bbox 847 3488 893 3532; x_wconf 95' lang='grc'><strong>1.</strong></span> <span class='ocrx_word' id='word_1_322' title='bbox 913 3488 980 3533; x_wconf 84' lang='grc'><strong>39</strong></span> <span class='ocrx_word' id='word_1_323' title='bbox 1025 3483 1199 3546; x_wconf 79' lang='lat' dir='ltr'><strong>Inique</strong></span> <span class='ocrx_word' id='word_1_324' title='bbox 1236 3492 1427 3546; x_wconf 85' lang='lat' dir='ltr'><strong>exopto,</strong></span> <span class='ocrx_word' id='word_1_325' title='bbox 1447 3490 1504 3529; x_wconf 88' lang='lat' dir='ltr'><strong>ut</strong></span> 
     </span>
     <span class='ocr_line' id='line_1_46' title="bbox 439 3546 1502 3613; baseline 0 -18"><span class='ocrx_word' id='word_1_326' title='bbox 439 3546 537 3597; x_wconf 81' lang='lat' dir='ltr'><strong>He.</strong></span> <span class='ocrx_word' id='word_1_327' title='bbox 560 3548 630 3606; x_wconf 78' lang='lat' dir='ltr'><strong>iii,</strong></span> <span class='ocrx_word' id='word_1_328' title='bbox 651 3554 700 3597; x_wconf 84' lang='grc'><strong>5.</strong></span> <span class='ocrx_word' id='word_1_329' title='bbox 721 3552 788 3597; x_wconf 95' lang='grc'><strong>40</strong></span> <span class='ocrx_word' id='word_1_330' title='bbox 822 3548 1112 3613; x_wconf 84' lang='lat' dir='ltr'><strong>Vereorque,</strong></span> <span class='ocrx_word' id='word_1_331' title='bbox 1136 3562 1196 3594; x_wconf 85' lang='lat' dir='ltr'><strong>ne</strong></span> <span class='ocrx_word' id='word_1_332' title='bbox 1221 3562 1332 3595; x_wconf 79' lang='lat' dir='ltr'><strong>uxor</strong></span> <span class='ocrx_word' id='word_1_333' title='bbox 1345 3547 1502 3612; x_wconf 70' lang='lat' dir='ltr'><strong>aliqua</strong></span> 
     </span>
     <span class='ocr_line' id='line_1_47' title="bbox 441 3612 1136 3668; baseline 0.003 -9"><span class='ocrx_word' id='word_1_334' title='bbox 441 3612 532 3659; x_wconf 79' lang='lat' dir='ltr'><strong>hoe</strong></span> <span class='ocrx_word' id='word_1_335' title='bbox 552 3614 770 3661; x_wconf 71' lang='lat' dir='ltr'><strong>resciscat</strong></span> <span class='ocrx_word' id='word_1_336' title='bbox 801 3612 893 3663; x_wconf 86' lang='lat' dir='ltr'><strong>Pb.</strong></span> <span class='ocrx_word' id='word_1_337' title='bbox 911 3613 979 3668; x_wconf 84' lang='lat' dir='ltr'><strong>iv,</strong></span> <span class='ocrx_word' id='word_1_338' title='bbox 1003 3619 1049 3663; x_wconf 89' lang='lat'><strong>1.</strong></span> <span class='ocrx_word' id='word_1_339' title='bbox 1074 3616 1136 3661; x_wconf 80' lang='lat'><strong>19</strong></span> 
     </span>
     <span class='ocr_line' id='line_1_48' title="bbox 509 3675 1502 3741; baseline -0.002 -19"><span class='ocrx_word' id='word_1_340' title='bbox 509 3676 665 3732; x_wconf 82' lang='lat' dir='ltr'><strong>Queo.</strong></span> <span class='ocrx_word' id='word_1_341' title='bbox 731 3677 829 3726; x_wconf 85' lang='lat' dir='ltr'><strong>Ubi</strong></span> <span class='ocrx_word' id='word_1_342' title='bbox 866 3678 982 3734; x_wconf 80' lang='lat' dir='ltr'><strong>vidi,</strong></span> <span class='ocrx_word' id='word_1_343' title='bbox 1014 3692 1104 3741; x_wconf 84' lang='lat' dir='ltr'><strong>ego</strong></span> <span class='ocrx_word' id='word_1_344' title='bbox 1139 3692 1216 3725; x_wconf 82' lang='lat' dir='ltr'><strong>me</strong></span> <span class='ocrx_word' id='word_1_345' title='bbox 1249 3676 1299 3723; x_wconf 85' lang='lat' dir='ltr'><strong>iu</strong></span> <span class='ocrx_word' id='word_1_346' title='bbox 1339 3675 1502 3738; x_wconf 85' lang='lat' dir='ltr'><strong>pedes,</strong></span> 
     </span>
     <span class='ocr_line' id='line_1_49' title="bbox 441 3740 1502 3807; baseline 0.001 -22"><span class='ocrx_word' id='word_1_347' title='bbox 441 3748 670 3804; x_wconf 77' lang='lat' dir='ltr'><strong>quantum</strong></span> <span class='ocrx_word' id='word_1_348' title='bbox 691 3757 815 3807; x_wconf 81' lang='lat' dir='ltr'><strong>queo</strong></span> <span class='ocrx_word' id='word_1_349' title='bbox 859 3742 950 3793; x_wconf 83' lang='lat' dir='ltr'><strong>Eu.</strong></span> <span class='ocrx_word' id='word_1_350' title='bbox 973 3760 1022 3799; x_wconf 78' lang='lat' dir='ltr'><strong>v,</strong></span> <span class='ocrx_word' id='word_1_351' title='bbox 1045 3748 1092 3791; x_wconf 79' lang='grc'><strong>2.</strong></span> <span class='ocrx_word' id='word_1_352' title='bbox 1114 3748 1144 3791; x_wconf 87' lang='grc'><strong>5</strong></span> <span class='ocrx_word' id='word_1_353' title='bbox 1193 3740 1339 3797; x_wconf 79' lang='lat' dir='ltr'><strong>Quod</strong></span> <span class='ocrx_word' id='word_1_354' title='bbox 1359 3755 1502 3803; x_wconf 88' lang='lat' dir='ltr'><strong>queo,</strong></span> 
     </span>
     <span class='ocr_line' id='line_1_50' title="bbox 441 3803 1503 3869; baseline -0.003 -15"><span class='ocrx_word' id='word_1_355' title='bbox 441 3805 678 3854; x_wconf 76' lang='lat' dir='ltr'><strong>conservis</strong></span> <span class='ocrx_word' id='word_1_356' title='bbox 729 3806 789 3853; x_wconf 79' lang='lat' dir='ltr'><strong>ad</strong></span> <span class='ocrx_word' id='word_1_357' title='bbox 833 3807 1036 3855; x_wconf 87' lang='lat' dir='ltr'><strong>eundem</strong></span> <span class='ocrx_word' id='word_1_358' title='bbox 1078 3808 1235 3855; x_wconf 82' lang='lat' dir='ltr'><strong>istunc</strong></span> <span class='ocrx_word' id='word_1_359' title='bbox 1278 3803 1503 3869; x_wconf 83' lang='lat' dir='ltr'><strong>praecipio</strong></span> 
     </span>
     <span class='ocr_line' id='line_1_51' title="bbox 445 3867 1502 3927; baseline -0.001 -10"><span class='ocrx_word' id='word_1_360' title='bbox 445 3870 640 3917; x_wconf 86' lang='lat' dir='ltr'><strong>modum</strong></span> <span class='ocrx_word' id='word_1_361' title='bbox 693 3867 792 3917; x_wconf 87' lang='lat' dir='ltr'><strong>Ad.</strong></span> <span class='ocrx_word' id='word_1_362' title='bbox 811 3870 883 3927; x_wconf 88' lang='lat' dir='ltr'><strong>iii,</strong></span> <span class='ocrx_word' id='word_1_363' title='bbox 904 3875 953 3919; x_wconf 96' lang='grc'><strong>3.</strong></span> <span class='ocrx_word' id='word_1_364' title='bbox 974 3875 1039 3920; x_wconf 85' lang='grc'><strong>69</strong></span> <span class='ocrx_word' id='word_1_365' title='bbox 1093 3871 1141 3919; x_wconf 90' lang='lat' dir='ltr'>N</span> <span class='ocrx_word' id='word_1_366' title='bbox 1146 3885 1236 3919; x_wconf 90' lang='lat' dir='ltr'><strong>unc</strong></span> <span class='ocrx_word' id='word_1_367' title='bbox 1259 3885 1367 3918; x_wconf 85' lang='lat' dir='ltr'><strong>cum</strong></span> <span class='ocrx_word' id='word_1_368' title='bbox 1405 3884 1502 3917; x_wconf 86' lang='lat' dir='ltr'><strong>nou</strong></span> 
     </span>
     <span class='ocr_line' id='line_1_52' title="bbox 443 3932 1502 4047; baseline -0.005 -63"><span class='ocrx_word' id='word_1_369' title='bbox 443 3948 586 3998; x_wconf 85' lang='lat' dir='ltr'><strong>queo,</strong></span> <span class='ocrx_word' id='word_1_370' title='bbox 610 3932 996 4047; x_wconf 39' lang='lat' dir='ltr'><strong>(mutarezaequo</strong></span> <span class='ocrx_word' id='word_1_371' title='bbox 1019 3936 1173 3983; x_wconf 69' lang='lat' dir='ltr'><strong>animo</strong></span> <span class='ocrx_word' id='word_1_372' title='bbox 1197 3937 1292 3982; x_wconf 76' lang='lat' dir='ltr'><strong>fero</strong></span> <span class='ocrx_word' id='word_1_373' title='bbox 1327 3933 1421 3983; x_wconf 84' lang='lat' dir='ltr'><strong>Ad.</strong></span> <span class='ocrx_word' id='word_1_374' title='bbox 1438 3934 1502 3991; x_wconf 76' lang='lat' dir='ltr'><strong>iv,</strong></span> 
     </span>
     <span class='ocr_line' id='line_1_53' title="bbox 439 3997 1503 4065; baseline -0.007 -13"><span class='ocrx_word' id='word_1_375' title='bbox 439 4004 493 4052; x_wconf 86' lang='grc'><strong>7.</strong></span> <span class='ocrx_word' id='word_1_376' title='bbox 517 4004 582 4049; x_wconf 89' lang='grc'><strong>20</strong></span> <span class='ocrx_word' id='word_1_377' title='bbox 617 3999 780 4049; x_wconf 84' lang='lat' dir='ltr'><strong>Curre.</strong></span> <span class='ocrx_word' id='word_1_378' title='bbox 861 4014 926 4047; x_wconf 75' lang='lat' dir='ltr'><strong>ar.</strong></span> <span class='ocrx_word' id='word_1_379' title='bbox 949 3998 1060 4048; x_wconf 86' lang='lat' dir='ltr'><strong>Nou</strong></span> <span class='ocrx_word' id='word_1_380' title='bbox 1081 4015 1202 4065; x_wconf 88' lang='lat' dir='ltr'><strong>queo</strong></span> <span class='ocrx_word' id='word_1_381' title='bbox 1249 3997 1342 4047; x_wconf 86' lang='lat' dir='ltr'><strong>He.</strong></span> <span class='ocrx_word' id='word_1_382' title='bbox 1363 3998 1434 4054; x_wconf 89' lang='lat' dir='ltr'><strong>iii,</strong></span> <span class='ocrx_word' id='word_1_383' title='bbox 1455 4002 1503 4047; x_wconf 83' lang='grc'><strong>4.</strong></span> 
     </span>
     <span class='ocr_line' id='line_1_54' title="bbox 441 4064 1503 4129; baseline -0.006 -13"><span class='ocrx_word' id='word_1_384' title='bbox 441 4068 510 4116; x_wconf 74' lang='grc'><strong>29</strong></span> <span class='ocrx_word' id='word_1_385' title='bbox 563 4064 814 4113; x_wconf 83' lang='lat' dir='ltr'><strong>Enimvero</strong></span> <span class='ocrx_word' id='word_1_386' title='bbox 854 4080 1040 4129; x_wconf 80' lang='lat' dir='ltr'><strong>prorsus</strong></span> <span class='ocrx_word' id='word_1_387' title='bbox 1075 4064 1176 4129; x_wconf 76' lang='lat' dir='ltr'><strong>jam</strong></span> <span class='ocrx_word' id='word_1_388' title='bbox 1215 4072 1367 4111; x_wconf 75' lang='lat' dir='ltr'><strong>tacere</strong></span> <span class='ocrx_word' id='word_1_389' title='bbox 1405 4076 1503 4110; x_wconf 81' lang='lat' dir='ltr'><strong>nou</strong></span> 
     </span>
     <span class='ocr_line' id='line_1_55' title="bbox 445 4127 1500 4194; baseline -0.003 -16"><span class='ocrx_word' id='word_1_390' title='bbox 445 4146 570 4194; x_wconf 77' lang='lat' dir='ltr'><strong>queo</strong></span> <span class='ocrx_word' id='word_1_391' title='bbox 607 4129 700 4179; x_wconf 86' lang='lat' dir='ltr'><strong>He.</strong></span> <span class='ocrx_word' id='word_1_392' title='bbox 722 4129 788 4187; x_wconf 80' lang='lat' dir='ltr'><strong>iv,</strong></span> <span class='ocrx_word' id='word_1_393' title='bbox 809 4134 856 4179; x_wconf 96' lang='grc'><strong>4.</strong></span> <span class='ocrx_word' id='word_1_394' title='bbox 873 4134 934 4177; x_wconf 91' lang='grc'><strong>51</strong></span> <span class='ocrx_word' id='word_1_395' title='bbox 971 4127 1060 4186; x_wconf 82' lang='lat' dir='ltr'><strong>At,</strong></span> <span class='ocrx_word' id='word_1_396' title='bbox 1075 4130 1174 4193; x_wconf 81' lang='lat' dir='ltr'><strong>pol,</strong></span> <span class='ocrx_word' id='word_1_397' title='bbox 1190 4129 1343 4176; x_wconf 82' lang='lat' dir='ltr'><strong>minus</strong></span> <span class='ocrx_word' id='word_1_398' title='bbox 1359 4143 1500 4190; x_wconf 83' lang='lat' dir='ltr'><strong>queo,</strong></span> 
     </span>
     <span class='ocr_line' id='line_1_56' title="bbox 443 4191 1500 4259; baseline -0.005 -16"><span class='ocrx_word' id='word_1_399' title='bbox 443 4194 533 4243; x_wconf 82' lang='lat' dir='ltr'><strong>viri</strong></span> <span class='ocrx_word' id='word_1_400' title='bbox 553 4196 630 4244; x_wconf 84' lang='lat' dir='ltr'><strong>cul</strong></span> <span class='ocrx_word' id='word_1_401' title='bbox 733 4210 872 4259; x_wconf 78' lang='lat' dir='ltr'><strong>quam</strong></span> <span class='ocrx_word' id='word_1_402' title='bbox 897 4209 972 4242; x_wconf 84' lang='lat' dir='ltr'><strong>me</strong></span> <span class='ocrx_word' id='word_1_403' title='bbox 992 4194 1188 4257; x_wconf 85' lang='lat' dir='ltr'><strong>dignum</strong></span> <span class='ocrx_word' id='word_1_404' title='bbox 1221 4199 1294 4241; x_wconf 82' lang='lat' dir='ltr'><strong>est</strong></span> <span class='ocrx_word' id='word_1_405' title='bbox 1345 4191 1432 4240; x_wconf 85' lang='lat' dir='ltr'><strong>Pb.</strong></span> <span class='ocrx_word' id='word_1_406' title='bbox 1453 4208 1500 4248; x_wconf 79' lang='lat' dir='ltr'><strong>v,</strong></span> 
     </span>
     <span class='ocr_line' id='line_1_57' title="bbox 414 4256 1503 4309; baseline -0.003 -2"><span class='ocrx_word' id='word_1_407' title='bbox 414 4286 418 4291; x_wconf 93' lang='lat'><em>·</em></span> <span class='ocrx_word' id='word_1_408' title='bbox 449 4262 500 4308; x_wconf 84' lang='grc'><strong>3.</strong></span> <span class='ocrx_word' id='word_1_409' title='bbox 537 4263 570 4309; x_wconf 85' lang='grc'><strong>4</strong></span> <span class='ocrx_word' id='word_1_410' title='bbox 665 4267 823 4308; x_wconf 82' lang='lat' dir='ltr'><strong>ectore</strong></span> <span class='ocrx_word' id='word_1_411' title='bbox 864 4259 1120 4309; x_wconf 78' lang='lat' dir='ltr'><strong>consistere</strong></span> <span class='ocrx_word' id='word_1_412' title='bbox 1160 4256 1276 4305; x_wconf 87' lang='lat' dir='ltr'><strong>nihil</strong></span> <span class='ocrx_word' id='word_1_413' title='bbox 1320 4256 1503 4306; x_wconf 81' lang='lat' dir='ltr'><strong>consilii</strong></span> 
     </span>
     <span class='ocr_line' id='line_1_58' title="bbox 449 4322 1507 4388; baseline 0.001 -19"><span class='ocrx_word' id='word_1_414' title='bbox 449 4323 553 4388; x_wconf 81' lang='lat' dir='ltr'><strong>quit</strong></span> <span class='ocrx_word' id='word_1_415' title='bbox 582 4324 681 4374; x_wconf 86' lang='lat' dir='ltr'><strong>Ad.</strong></span> <span class='ocrx_word' id='word_1_416' title='bbox 701 4322 768 4382; x_wconf 85' lang='lat' dir='ltr'><strong>iv,</strong></span> <span class='ocrx_word' id='word_1_417' title='bbox 790 4328 840 4373; x_wconf 86' lang='grc'><strong>4.</strong></span> <span class='ocrx_word' id='word_1_418' title='bbox 863 4328 896 4374; x_wconf 84' lang='grc'><strong>4</strong></span> <span class='ocrx_word' id='word_1_419' title='bbox 929 4323 1171 4388; x_wconf 83' lang='lat' dir='ltr'><strong>Denique,</strong></span> <span class='ocrx_word' id='word_1_420' title='bbox 1192 4322 1274 4369; x_wconf 88' lang='lat' dir='ltr'><strong>ubi</strong></span> <span class='ocrx_word' id='word_1_421' title='bbox 1289 4337 1386 4369; x_wconf 88' lang='lat' dir='ltr'><strong>non</strong></span> <span class='ocrx_word' id='word_1_422' title='bbox 1402 4322 1507 4385; x_wconf 85' lang='lat' dir='ltr'><strong>quit</strong></span> 
     </span>
     <span class='ocr_line' id='line_1_59' title="bbox 448 4386 1504 4453; baseline -0.003 -17"><span class='ocrx_word' id='word_1_423' title='bbox 448 4387 550 4452; x_wconf 67' lang='lat' dir='ltr'><strong>poti</strong></span> <span class='ocrx_word' id='word_1_424' title='bbox 603 4388 696 4440; x_wconf 77' lang='lat' dir='ltr'><strong>He.</strong></span> <span class='ocrx_word' id='word_1_425' title='bbox 717 4388 752 4446; x_wconf 85' lang='lat' dir='ltr'><strong>i,</strong></span> <span class='ocrx_word' id='word_1_426' title='bbox 773 4393 825 4440; x_wconf 82' lang='grc'><strong>2.</strong></span> <span class='ocrx_word' id='word_1_427' title='bbox 864 4394 957 4439; x_wconf 88' lang='grc'><strong>108</strong></span> <span class='ocrx_word' id='word_1_428' title='bbox 1009 4388 1078 4439; x_wconf 86' lang='lat' dir='ltr'><strong>Ut</strong></span> <span class='ocrx_word' id='word_1_429' title='bbox 1117 4388 1318 4453; x_wconf 83' lang='lat' dir='ltr'><strong>quimus,</strong></span> <span class='ocrx_word' id='word_1_430' title='bbox 1355 4386 1504 4443; x_wconf 76' lang='lat' dir='ltr'><strong>siunt,</strong></span> 
     </span>
    </p>
   </div>
   <div class='ocr_carea' id='block_1_7' title="bbox 2288 473 2623 540">
    <p class='ocr_par' dir='ltr' id='par_1_8' title="bbox 2288 473 2623 540">
     <span class='ocr_line' id='line_1_60' title="bbox 2288 473 2623 540; baseline 0.012 -4"><span class='ocrx_word' id='word_1_431' title='bbox 2288 473 2623 540; x_wconf 80' lang='lat' dir='ltr'><strong>cclxxxiii</strong></span> 
     </span>
    </p>
   </div>
   <div class='ocr_carea' id='block_1_8' title="bbox 1561 633 2633 2060">
    <p class='ocr_par' dir='ltr' id='par_1_9' title="bbox 1561 633 2633 1994">
     <span class='ocr_line' id='line_1_61' title="bbox 1561 633 2627 697; baseline 0.004 -13"><span class='ocrx_word' id='word_1_432' title='bbox 1561 633 1772 697; x_wconf 74' lang='lat' dir='ltr'><strong>quando,</strong></span> <span class='ocrx_word' id='word_1_433' title='bbox 1797 641 1849 681; x_wconf 80' lang='lat' dir='ltr'><strong>ut</strong></span> <span class='ocrx_word' id='word_1_434' title='bbox 1871 633 2100 692; x_wconf 80' lang='lat' dir='ltr'><strong>volumus,</strong></span> <span class='ocrx_word' id='word_1_435' title='bbox 2123 651 2218 682; x_wconf 82' lang='lat' dir='ltr'><strong>uon</strong></span> <span class='ocrx_word' id='word_1_436' title='bbox 2240 633 2351 684; x_wconf 83' lang='lat' dir='ltr'><strong>licet</strong></span> <span class='ocrx_word' id='word_1_437' title='bbox 2405 635 2469 686; x_wconf 87' lang='lat' dir='ltr'><strong>A.</strong></span> <span class='ocrx_word' id='word_1_438' title='bbox 2493 639 2556 696; x_wconf 82' lang='lat' dir='ltr'><strong>iv,</strong></span> <span class='ocrx_word' id='word_1_439' title='bbox 2579 647 2627 688; x_wconf 77' lang='lat'><strong>5.</strong></span> 
     </span>
     <span class='ocr_line' id='line_1_62' title="bbox 1566 699 2627 768; baseline 0.004 -20"><span class='ocrx_word' id='word_1_440' title='bbox 1566 705 1629 750; x_wconf 89' lang='grc'><strong>10</strong></span> <span class='ocrx_word' id='word_1_441' title='bbox 1683 699 1939 762; x_wconf 80' lang='lat' dir='ltr'><strong>Nunquam</strong></span> <span class='ocrx_word' id='word_1_442' title='bbox 1966 703 2083 749; x_wconf 83' lang='lat' dir='ltr'><strong>istuc</strong></span> <span class='ocrx_word' id='word_1_443' title='bbox 2102 702 2232 765; x_wconf 84' lang='lat' dir='ltr'><strong>quivi</strong></span> <span class='ocrx_word' id='word_1_444' title='bbox 2254 717 2342 764; x_wconf 85' lang='lat' dir='ltr'><strong>ego</strong></span> <span class='ocrx_word' id='word_1_445' title='bbox 2363 701 2627 768; x_wconf 65' lang='lat' dir='ltr'><strong>intelligere</strong></span> 
     </span>
     <span class='ocr_line' id='line_1_63' title="bbox 1563 763 2627 830; baseline 0.005 -19"><span class='ocrx_word' id='word_1_446' title='bbox 1563 764 1626 811; x_wconf 80' lang='lat' dir='ltr'><strong>A.</strong></span> <span class='ocrx_word' id='word_1_447' title='bbox 1650 763 1720 822; x_wconf 83' lang='lat' dir='ltr'><strong>iii,</strong></span> <span class='ocrx_word' id='word_1_448' title='bbox 1738 771 1787 813; x_wconf 85' lang='grc'><strong>4.</strong></span> <span class='ocrx_word' id='word_1_449' title='bbox 1812 769 1873 812; x_wconf 88' lang='grc'><strong>10</strong></span> <span class='ocrx_word' id='word_1_450' title='bbox 1907 764 2013 814; x_wconf 84' lang='lat' dir='ltr'><strong>Nec</strong></span> <span class='ocrx_word' id='word_1_451' title='bbox 2036 773 2082 813; x_wconf 80' lang='lat' dir='ltr'><strong>te</strong></span> <span class='ocrx_word' id='word_1_452' title='bbox 2104 767 2263 829; x_wconf 85' lang='lat' dir='ltr'>quivit</span> <span class='ocrx_word' id='word_1_453' title='bbox 2286 767 2422 814; x_wconf 80' lang='lat' dir='ltr'><strong>hodie</strong></span> <span class='ocrx_word' id='word_1_454' title='bbox 2442 783 2627 830; x_wconf 78' lang='lat' dir='ltr'><strong>cogere,</strong></span> 
     </span>
     <span class='ocr_line' id='line_1_64' title="bbox 1565 829 2628 898; baseline 0.004 -22"><span class='ocrx_word' id='word_1_455' title='bbox 1565 829 1691 876; x_wconf 73' lang='lat' dir='ltr'><strong>inam</strong></span> <span class='ocrx_word' id='word_1_456' title='bbox 1716 837 1769 876; x_wconf 88' lang='lat' dir='ltr'><strong>ut</strong></span> <span class='ocrx_word' id='word_1_457' title='bbox 1788 829 1983 878; x_wconf 83' lang='lat' dir='ltr'><strong>duceres</strong></span> <span class='ocrx_word' id='word_1_458' title='bbox 2016 830 2081 878; x_wconf 89' lang='lat' dir='ltr'><strong>A.</strong></span> <span class='ocrx_word' id='word_1_459' title='bbox 2104 831 2171 888; x_wconf 82' lang='lat' dir='ltr'><strong>iv,</strong></span> <span class='ocrx_word' id='word_1_460' title='bbox 2188 835 2235 880; x_wconf 92' lang='grc'><strong>1.</strong></span> <span class='ocrx_word' id='word_1_461' title='bbox 2254 833 2318 880; x_wconf 86' lang='grc'><strong>30</strong></span> <span class='ocrx_word' id='word_1_462' title='bbox 2352 831 2493 889; x_wconf 83' lang='lat' dir='ltr'><strong>Hem,</strong></span> <span class='ocrx_word' id='word_1_463' title='bbox 2516 849 2628 898; x_wconf 76' lang='lat' dir='ltr'><strong>ego-</strong></span> 
     </span>
     <span class='ocr_line' id='line_1_65' title="bbox 1564 894 2628 958; baseline 0.007 -18"><span class='ocrx_word' id='word_1_464' title='bbox 1564 909 1626 941; x_wconf 85' lang='lat' dir='ltr'><strong>ne</strong></span> <span class='ocrx_word' id='word_1_465' title='bbox 1650 895 1768 942; x_wconf 84' lang='lat' dir='ltr'><strong>istuc</strong></span> <span class='ocrx_word' id='word_1_466' title='bbox 1802 894 1957 942; x_wconf 77' lang='lat' dir='ltr'><strong>conari</strong></span> <span class='ocrx_word' id='word_1_467' title='bbox 1998 895 2203 958; x_wconf 75' lang='lat' dir='ltr'><strong>queam?</strong></span> <span class='ocrx_word' id='word_1_468' title='bbox 2254 895 2314 946; x_wconf 77' lang='lat' dir='ltr'><strong>A.</strong></span> <span class='ocrx_word' id='word_1_469' title='bbox 2336 896 2370 952; x_wconf 90' lang='lat' dir='ltr'><strong>i,</strong></span> <span class='ocrx_word' id='word_1_470' title='bbox 2392 903 2438 944; x_wconf 88' lang='lat'><strong>5.</strong></span> <span class='ocrx_word' id='word_1_471' title='bbox 2460 903 2521 946; x_wconf 82' lang='grc'><strong>35</strong></span> <span class='ocrx_word' id='word_1_472' title='bbox 2580 897 2628 946; x_wconf 81' lang='lat' dir='ltr'><strong>Is</strong></span> 
     </span>
     <span class='ocr_line' id='line_1_66' title="bbox 1566 959 2627 1036; baseline 0.005 -32"><span class='ocrx_word' id='word_1_473' title='bbox 1566 959 1681 1005; x_wconf 83' lang='lat' dir='ltr'><strong>mihi</strong></span> <span class='ocrx_word' id='word_1_474' title='bbox 1717 959 1904 1020; x_wconf 77' lang='lat' dir='ltr'><strong>suadet,</strong></span> <span class='ocrx_word' id='word_1_475' title='bbox 1926 961 2131 1036; x_wconf 77' lang='lat' dir='ltr'><strong>nuptias,</strong></span> <span class='ocrx_word' id='word_1_476' title='bbox 2172 967 2400 1023; x_wconf 73' lang='lat' dir='ltr'><strong>quantum</strong></span> <span class='ocrx_word' id='word_1_477' title='bbox 2438 978 2627 1025; x_wconf 76' lang='lat' dir='ltr'><strong>queam,</strong></span> 
     </span>
     <span class='ocr_line' id='line_1_67' title="bbox 1565 1023 2633 1088; baseline 0.005 -19"><span class='ocrx_word' id='word_1_478' title='bbox 1565 1031 1622 1069; x_wconf 85' lang='lat' dir='ltr'><strong>ut</strong></span> <span class='ocrx_word' id='word_1_479' title='bbox 1646 1031 1869 1071; x_wconf 77' lang='lat' dir='ltr'><strong>mutarem</strong></span> <span class='ocrx_word' id='word_1_480' title='bbox 1904 1023 1968 1072; x_wconf 85' lang='lat' dir='ltr'><strong>A.</strong></span> <span class='ocrx_word' id='word_1_481' title='bbox 1998 1024 2067 1087; x_wconf 79' lang='lat' dir='ltr'><strong>rii,</strong></span> <span class='ocrx_word' id='word_1_482' title='bbox 2092 1031 2141 1074; x_wconf 86' lang='grc'><strong>3.</strong></span> <span class='ocrx_word' id='word_1_483' title='bbox 2164 1030 2227 1074; x_wconf 86' lang='grc'><strong>45</strong></span> <span class='ocrx_word' id='word_1_484' title='bbox 2262 1025 2314 1072; x_wconf 90' lang='lat' dir='ltr'><strong>Si</strong></span> <span class='ocrx_word' id='word_1_485' title='bbox 2334 1041 2503 1088; x_wconf 77' lang='lat' dir='ltr'><strong>queam</strong></span> <span class='ocrx_word' id='word_1_486' title='bbox 2526 1043 2633 1074; x_wconf 86' lang='lat' dir='ltr'><strong>mu-</strong></span> 
     </span>
     <span class='ocr_line' id='line_1_68' title="bbox 1567 1085 2626 1149; baseline 0.003 -14"><span class='ocrx_word' id='word_1_487' title='bbox 1567 1096 1667 1135; x_wconf 67' lang='lat' dir='ltr'><strong>tare</strong></span> <span class='ocrx_word' id='word_1_488' title='bbox 1719 1085 1817 1135; x_wconf 90' lang='lat' dir='ltr'><strong>Ad.</strong></span> <span class='ocrx_word' id='word_1_489' title='bbox 1838 1089 1904 1145; x_wconf 84' lang='lat' dir='ltr'><strong>iv,</strong></span> <span class='ocrx_word' id='word_1_490' title='bbox 1928 1093 1975 1138; x_wconf 88' lang='grc'><strong>7.</strong></span> <span class='ocrx_word' id='word_1_491' title='bbox 2004 1095 2064 1139; x_wconf 82' lang='grc'><strong>19</strong></span> <span class='ocrx_word' id='word_1_492' title='bbox 2118 1089 2322 1138; x_wconf 79' lang='lat' dir='ltr'><strong>Meritus</strong></span> <span class='ocrx_word' id='word_1_493' title='bbox 2344 1092 2408 1137; x_wconf 92' lang='lat' dir='ltr'><strong>de</strong></span> <span class='ocrx_word' id='word_1_494' title='bbox 2428 1107 2503 1138; x_wconf 86' lang='lat' dir='ltr'><strong>me</strong></span> <span class='ocrx_word' id='word_1_495' title='bbox 2538 1099 2626 1149; x_wconf 85' lang='lat' dir='ltr'><strong>est,</strong></span> 
     </span>
     <span class='ocr_line' id='line_1_69' title="bbox 1565 1153 2626 1217; baseline 0.001 -18"><span class='ocrx_word' id='word_1_496' title='bbox 1565 1153 1696 1216; x_wconf 86' lang='lat' dir='ltr'><strong>quod</strong></span> <span class='ocrx_word' id='word_1_497' title='bbox 1715 1169 1883 1217; x_wconf 74' lang='lat' dir='ltr'><strong>queam</strong></span> <span class='ocrx_word' id='word_1_498' title='bbox 1904 1171 1920 1212; x_wconf 82' lang='lat'>3</span> <span class='ocrx_word' id='word_1_499' title='bbox 1955 1154 2022 1201; x_wconf 79' lang='grc'><strong>1111</strong></span> <span class='ocrx_word' id='word_1_500' title='bbox 2046 1161 2099 1201; x_wconf 90' lang='lat' dir='ltr'><strong>ut</strong></span> <span class='ocrx_word' id='word_1_501' title='bbox 2119 1155 2413 1203; x_wconf 81' lang='lat' dir='ltr'><strong>commodem</strong></span> <span class='ocrx_word' id='word_1_502' title='bbox 2466 1155 2557 1202; x_wconf 83' lang='lat' dir='ltr'><strong>He.</strong></span> <span class='ocrx_word' id='word_1_503' title='bbox 2582 1173 2626 1214; x_wconf 83' lang='lat' dir='ltr'><strong>v,</strong></span> 
     </span>
     <span class='ocr_line' id='line_1_70' title="bbox 1569 1217 2625 1282; baseline 0.002 -16"><span class='ocrx_word' id='word_1_504' title='bbox 1569 1222 1615 1266; x_wconf 98' lang='grc'><strong>1.</strong></span> <span class='ocrx_word' id='word_1_505' title='bbox 1640 1221 1703 1266; x_wconf 90' lang='grc'><strong>33</strong></span> <span class='ocrx_word' id='word_1_506' title='bbox 1763 1217 1952 1276; x_wconf 78' lang='lat' dir='ltr'>Vereor,</span> <span class='ocrx_word' id='word_1_507' title='bbox 1976 1219 2068 1266; x_wconf 79' lang='lat' dir='ltr'><strong>vim</strong></span> <span class='ocrx_word' id='word_1_508' title='bbox 2092 1227 2145 1266; x_wconf 84' lang='lat' dir='ltr'><strong>ut</strong></span> <span class='ocrx_word' id='word_1_509' title='bbox 2164 1235 2311 1282; x_wconf 76' lang='lat' dir='ltr'><strong>queas</strong></span> <span class='ocrx_word' id='word_1_510' title='bbox 2333 1219 2449 1268; x_wconf 82' lang='lat' dir='ltr'><strong>ferre</strong></span> <span class='ocrx_word' id='word_1_511' title='bbox 2506 1219 2567 1268; x_wconf 80' lang='lat' dir='ltr'><strong>A.</strong></span> <span class='ocrx_word' id='word_1_512' title='bbox 2592 1221 2625 1276; x_wconf 89' lang='grc' dir='ltr'><strong>ἰ,</strong></span> 
     </span>
     <span class='ocr_line' id='line_1_71' title="bbox 1566 1282 2630 1348; baseline 0.003 -18"><span class='ocrx_word' id='word_1_513' title='bbox 1566 1288 1620 1330; x_wconf 88' lang='grc'><strong>5.</strong></span> <span class='ocrx_word' id='word_1_514' title='bbox 1637 1287 1701 1331; x_wconf 77' lang='grc'><strong>42</strong></span> <span class='ocrx_word' id='word_1_515' title='bbox 1756 1282 1865 1330; x_wconf 79' lang='lat' dir='ltr'><strong>Nisi</strong></span> <span class='ocrx_word' id='word_1_516' title='bbox 1888 1293 1942 1330; x_wconf 88' lang='lat' dir='ltr'><strong>ut</strong></span> <span class='ocrx_word' id='word_1_517' title='bbox 1966 1292 2012 1331; x_wconf 90' lang='lat' dir='ltr'><strong>te</strong></span> <span class='ocrx_word' id='word_1_518' title='bbox 2038 1285 2233 1332; x_wconf 72' lang='lat' dir='ltr'><strong>redimus</strong></span> <span class='ocrx_word' id='word_1_519' title='bbox 2255 1289 2447 1347; x_wconf 76' lang='lat' dir='ltr'><strong>captum</strong></span> <span class='ocrx_word' id='word_1_520' title='bbox 2484 1301 2630 1348; x_wconf 74' lang='lat' dir='ltr'><strong>quam</strong></span> 
     </span>
     <span class='ocr_line' id='line_1_72' title="bbox 1566 1348 2633 1412; baseline 0.002 -18"><span class='ocrx_word' id='word_1_521' title='bbox 1566 1361 1713 1410; x_wconf 79' lang='lat' dir='ltr'><strong>queas</strong></span> <span class='ocrx_word' id='word_1_522' title='bbox 1751 1348 1979 1395; x_wconf 81' lang='lat' dir='ltr'><strong>minimo:</strong></span> <span class='ocrx_word' id='word_1_523' title='bbox 2015 1349 2055 1396; x_wconf 78' lang='lat' dir='ltr'><strong>si</strong></span> <span class='ocrx_word' id='word_1_524' title='bbox 2093 1363 2301 1412; x_wconf 71' lang='lat' dir='ltr'><strong>nequens</strong></span> <span class='ocrx_word' id='word_1_525' title='bbox 2336 1349 2549 1412; x_wconf 74' lang='lat' dir='ltr'><strong>paululo,</strong></span> <span class='ocrx_word' id='word_1_526' title='bbox 2583 1359 2633 1399; x_wconf 74' lang='lat' dir='ltr'><strong>at</strong></span> 
     </span>
     <span class='ocr_line' id='line_1_73' title="bbox 1566 1413 2631 1478; baseline 0.006 -22"><span class='ocrx_word' id='word_1_527' title='bbox 1566 1413 1733 1474; x_wconf 73' lang='lat' dir='ltr'><strong>quanti</strong></span> <span class='ocrx_word' id='word_1_528' title='bbox 1754 1429 1899 1475; x_wconf 75' lang='lat' dir='ltr'><strong>queas</strong></span> <span class='ocrx_word' id='word_1_529' title='bbox 1947 1413 2038 1462; x_wconf 86' lang='lat' dir='ltr'><strong>Eu.</strong></span> <span class='ocrx_word' id='word_1_530' title='bbox 2057 1413 2094 1470; x_wconf 91' lang='lat' dir='ltr'><strong>i,</strong></span> <span class='ocrx_word' id='word_1_531' title='bbox 2115 1419 2161 1462; x_wconf 95' lang='lat'><strong>1.</strong></span> <span class='ocrx_word' id='word_1_532' title='bbox 2184 1418 2265 1463; x_wconf 77' lang='lat'><strong>29.</strong></span> <span class='ocrx_word' id='word_1_533' title='bbox 2290 1417 2355 1461; x_wconf 84' lang='grc'><strong>30</strong></span> <span class='ocrx_word' id='word_1_534' title='bbox 2390 1413 2458 1462; x_wconf 92' lang='lat' dir='ltr'><strong>Ut</strong></span> <span class='ocrx_word' id='word_1_535' title='bbox 2478 1429 2631 1478; x_wconf 84' lang='lat' dir='ltr'><strong>neque</strong></span> 
     </span>
     <span class='ocr_line' id='line_1_74' title="bbox 1570 1477 2630 1542; baseline 0.004 -20"><span class='ocrx_word' id='word_1_536' title='bbox 1570 1477 1906 1533; x_wconf 76' lang='lat' dir='ltr'><strong>misericordia,</strong></span> <span class='ocrx_word' id='word_1_537' title='bbox 1930 1493 2083 1542; x_wconf 87' lang='lat' dir='ltr'><strong>neque</strong></span> <span class='ocrx_word' id='word_1_538' title='bbox 2101 1478 2316 1542; x_wconf 79' lang='lat' dir='ltr'><strong>precibus</strong></span> <span class='ocrx_word' id='word_1_539' title='bbox 2333 1477 2501 1526; x_wconf 78' lang='lat' dir='ltr'><strong>molliri</strong></span> <span class='ocrx_word' id='word_1_540' title='bbox 2516 1495 2630 1541; x_wconf 88' lang='lat' dir='ltr'><strong>que·</strong></span> 
     </span>
     <span class='ocr_line' id='line_1_75' title="bbox 1567 1540 2633 1602; baseline 0.003 -15"><span class='ocrx_word' id='word_1_541' title='bbox 1567 1540 1657 1588; x_wconf 80' lang='lat' dir='ltr'><strong>as?</strong></span> <span class='ocrx_word' id='word_1_542' title='bbox 1714 1541 1803 1589; x_wconf 84' lang='lat' dir='ltr'><strong>Ph.</strong></span> <span class='ocrx_word' id='word_1_543' title='bbox 1827 1542 1899 1598; x_wconf 87' lang='lat' dir='ltr'><strong>iii,</strong></span> <span class='ocrx_word' id='word_1_544' title='bbox 1920 1547 1971 1591; x_wconf 89' lang='grc'><strong>2.</strong></span> <span class='ocrx_word' id='word_1_545' title='bbox 2012 1547 2069 1592; x_wconf 83' lang='grc'><strong>14</strong></span> <span class='ocrx_word' id='word_1_546' title='bbox 2127 1543 2211 1602; x_wconf 87' lang='lat' dir='ltr'><strong>Ut,</strong></span> <span class='ocrx_word' id='word_1_547' title='bbox 2253 1558 2357 1590; x_wconf 83' lang='lat' dir='ltr'><strong>cum</strong></span> <span class='ocrx_word' id='word_1_548' title='bbox 2394 1543 2508 1592; x_wconf 75' lang='lat' dir='ltr'><strong>velit</strong></span> <span class='ocrx_word' id='word_1_549' title='bbox 2544 1543 2633 1590; x_wconf 76' lang='lat' dir='ltr'><strong>tibi</strong></span> 
     </span>
     <span class='ocr_line' id='line_1_76' title="bbox 1561 1603 2629 1670; baseline 0.002 -18"><span class='ocrx_word' id='word_1_550' title='bbox 1561 1603 1671 1668; x_wconf 81' lang='lat' dir='ltr'><strong>jure</strong></span> <span class='ocrx_word' id='word_1_551' title='bbox 1692 1605 1843 1664; x_wconf 79' lang='lat' dir='ltr'><strong>irasci,</strong></span> <span class='ocrx_word' id='word_1_552' title='bbox 1866 1623 1961 1654; x_wconf 87' lang='lat' dir='ltr'><strong>non</strong></span> <span class='ocrx_word' id='word_1_553' title='bbox 1995 1615 2145 1670; x_wconf 71' lang='lat' dir='ltr'><strong>’queat</strong></span> <span class='ocrx_word' id='word_1_554' title='bbox 2194 1604 2257 1657; x_wconf 91' lang='lat' dir='ltr'><strong>A.</strong></span> <span class='ocrx_word' id='word_1_555' title='bbox 2280 1609 2333 1668; x_wconf 82' lang='lat' dir='ltr'><strong>ii,</strong></span> <span class='ocrx_word' id='word_1_556' title='bbox 2355 1612 2402 1655; x_wconf 86' lang='grc'><strong>3.</strong></span> <span class='ocrx_word' id='word_1_557' title='bbox 2426 1611 2489 1656; x_wconf 89' lang='grc'><strong>20</strong></span> <span class='ocrx_word' id='word_1_558' title='bbox 2545 1609 2629 1654; x_wconf 78' lang='lat' dir='ltr'><strong>Sa-</strong></span> 
     </span>
     <span class='ocr_line' id='line_1_77' title="bbox 1567 1671 2631 1748; baseline 0 -28"><span class='ocrx_word' id='word_1_559' title='bbox 1567 1677 1724 1743; x_wconf 74' lang='lat' dir='ltr'><strong>trapes</strong></span> <span class='ocrx_word' id='word_1_560' title='bbox 1745 1677 1785 1720; x_wconf 84' lang='lat' dir='ltr'><strong>si</strong></span> <span class='ocrx_word' id='word_1_561' title='bbox 1818 1672 1909 1720; x_wconf 79' lang='lat' dir='ltr'><strong>siet</strong></span> <span class='ocrx_word' id='word_1_562' title='bbox 1946 1679 2139 1727; x_wconf 74' lang='lat' dir='ltr'><strong>amator,</strong></span> <span class='ocrx_word' id='word_1_563' title='bbox 2162 1687 2400 1748; x_wconf 65' lang='lat' dir='ltr'><strong>nuuquzuu</strong></span> <span class='ocrx_word' id='word_1_564' title='bbox 2441 1671 2631 1720; x_wconf 78' lang='lat' dir='ltr'><strong>sufferre</strong></span> 
     </span>
     <span class='ocr_line' id='line_1_78' title="bbox 1567 1737 2630 1865; baseline 0.007 -20"><span class='ocrx_word' id='word_1_565' title='bbox 1567 1737 2453 1865; x_wconf 50' lang='lat' dir='ltr'><strong>3313?ss33..2⁰335‚m¹.{²‘:;.‚¹:.²·4302}</strong></span> <span class='ocrx_word' id='word_1_566' title='bbox 2505 1737 2630 1852; x_wconf 59' lang='lat'><strong>§22¹1</strong></span> 
     </span>
     <span class='ocr_line' id='line_1_79' title="bbox 1564 1864 2632 1921; baseline 0.004 -11"><span class='ocrx_word' id='word_1_567' title='bbox 1564 1864 1635 1921; x_wconf 86' lang='lat' dir='ltr'><strong>iii,</strong></span> <span class='ocrx_word' id='word_1_568' title='bbox 1657 1871 1706 1916; x_wconf 90' lang='grc'><strong>2.</strong></span> <span class='ocrx_word' id='word_1_569' title='bbox 1729 1869 1791 1915; x_wconf 84' lang='grc'><strong>33</strong></span> <span class='ocrx_word' id='word_1_570' title='bbox 1852 1865 2013 1913; x_wconf 76' lang='lat' dir='ltr'><strong>Forma</strong></span> <span class='ocrx_word' id='word_1_571' title='bbox 2036 1869 2083 1914; x_wconf 85' lang='lat' dir='ltr'><strong>iu</strong></span> <span class='ocrx_word' id='word_1_572' title='bbox 2123 1864 2328 1914; x_wconf 83' lang='lat' dir='ltr'><strong>tenebris</strong></span> <span class='ocrx_word' id='word_1_573' title='bbox 2363 1867 2497 1916; x_wconf 81' lang='lat' dir='ltr'><strong>nosci</strong></span> <span class='ocrx_word' id='word_1_574' title='bbox 2534 1881 2632 1914; x_wconf 81' lang='lat' dir='ltr'><strong>nou</strong></span> 
     </span>
     <span class='ocr_line' id='line_1_80' title="bbox 1566 1929 2170 1994; baseline 0.005 -17"><span class='ocrx_word' id='word_1_575' title='bbox 1566 1931 1699 1994; x_wconf 82' lang='lat' dir='ltr'><strong>quita</strong></span> <span class='ocrx_word' id='word_1_576' title='bbox 1722 1939 1795 1980; x_wconf 82' lang='lat' dir='ltr'><strong>est</strong></span> <span class='ocrx_word' id='word_1_577' title='bbox 1826 1929 1921 1980; x_wconf 81' lang='lat' dir='ltr'><strong>He.</strong></span> <span class='ocrx_word' id='word_1_578' title='bbox 1945 1932 2009 1987; x_wconf 87' lang='lat' dir='ltr'><strong>iv,</strong></span> <span class='ocrx_word' id='word_1_579' title='bbox 2039 1936 2083 1980; x_wconf 93' lang='grc'><strong>1.</strong></span> <span class='ocrx_word' id='word_1_580' title='bbox 2106 1935 2170 1980; x_wconf 88' lang='grc'><strong>57</strong></span> 
     </span>
    </p>

    <p class='ocr_par' dir='ltr' id='par_1_10' title="bbox 1632 1993 2629 2060">
     <span class='ocr_line' id='line_1_81' title="bbox 1632 1993 2629 2060; baseline 0 -16"><span class='ocrx_word' id='word_1_581' title='bbox 1632 1996 1829 2054; x_wconf 87' lang='lat' dir='ltr'><strong>Queror.</strong></span> <span class='ocrx_word' id='word_1_582' title='bbox 1896 1996 2028 2054; x_wconf 87' lang='lat' dir='ltr'><strong>Quid</strong></span> <span class='ocrx_word' id='word_1_583' title='bbox 2065 2011 2218 2059; x_wconf 78' lang='lat' dir='ltr'><strong>agam,</strong></span> <span class='ocrx_word' id='word_1_584' title='bbox 2257 1993 2371 2060; x_wconf 88' lang='lat' dir='ltr'><strong>quid</strong></span> <span class='ocrx_word' id='word_1_585' title='bbox 2410 1993 2629 2052; x_wconf 78' lang='lat' dir='ltr'><strong>clamem,</strong></span> 
     </span>
    </p>
   </div>
   <div class='ocr_carea' id='block_1_9' title="bbox 1551 2057 2205 2124">
    <p class='ocr_par' dir='ltr' id='par_1_11' title="bbox 1551 2057 2205 2124">
     <span class='ocr_line' id='line_1_82' title="bbox 1551 2057 2205 2124; baseline 0 -16"><span class='ocrx_word' id='word_1_586' title='bbox 1551 2057 1651 2108; x_wconf 75' lang='lat' dir='ltr'><strong>&#39;aut</strong></span> <span class='ocrx_word' id='word_1_587' title='bbox 1672 2075 1838 2124; x_wconf 75' lang='lat' dir='ltr'><strong>querar</strong></span> <span class='ocrx_word' id='word_1_588' title='bbox 1856 2061 1873 2107; x_wconf 72' lang='grc' dir='ltr'><strong><em>ἒ</em></strong></span> <span class='ocrx_word' id='word_1_589' title='bbox 1909 2059 2009 2110; x_wconf 89' lang='lat' dir='ltr'><strong>Ad.</strong></span> <span class='ocrx_word' id='word_1_590' title='bbox 2032 2077 2081 2120; x_wconf 81' lang='lat' dir='ltr'><strong>v,</strong></span> <span class='ocrx_word' id='word_1_591' title='bbox 2102 2065 2149 2110; x_wconf 88' lang='grc'><strong>3.</strong></span> <span class='ocrx_word' id='word_1_592' title='bbox 2176 2065 2205 2108; x_wconf 98' lang='grc'><strong>3</strong></span> 
     </span>
    </p>
   </div>
   <div class='ocr_carea' id='block_1_10' title="bbox 1567 2121 2641 3222">
    <p class='ocr_par' dir='ltr' id='par_1_12' title="bbox 1567 2121 2641 3222">
     <span class='ocr_line' id='line_1_83' title="bbox 1633 2121 2631 2184; baseline -0.002 -12"><span class='ocrx_word' id='word_1_593' title='bbox 1633 2125 1749 2184; x_wconf 87' lang='lat' dir='ltr'><strong>Qui,</strong></span> <span class='ocrx_word' id='word_1_594' title='bbox 1800 2125 1939 2182; x_wconf 86' lang='lat' dir='ltr'><strong>Quis,</strong></span> <span class='ocrx_word' id='word_1_595' title='bbox 1996 2125 2136 2184; x_wconf 83' lang='lat' dir='ltr'><strong>Quae,</strong></span> <span class='ocrx_word' id='word_1_596' title='bbox 2185 2125 2311 2180; x_wconf 81' lang='lat' dir='ltr'><strong>Qua,</strong></span> <span class='ocrx_word' id='word_1_597' title='bbox 2368 2121 2531 2180; x_wconf 86' lang='lat' dir='ltr'><strong>Quod,</strong></span> <span class='ocrx_word' id='word_1_598' title='bbox 2581 2129 2631 2170; x_wconf 89' lang='lat' dir='ltr'><strong>et</strong></span> 
     </span>
     <span class='ocr_line' id='line_1_84' title="bbox 1567 2187 2627 2254; baseline -0.003 -18"><span class='ocrx_word' id='word_1_599' title='bbox 1567 2187 1716 2247; x_wconf 81' lang='lat' dir='ltr'><strong>Quid.</strong></span> <span class='ocrx_word' id='word_1_600' title='bbox 1784 2189 1897 2238; x_wconf 85' lang='lat' dir='ltr'><strong>Non</strong></span> <span class='ocrx_word' id='word_1_601' title='bbox 1920 2191 2001 2254; x_wconf 87' lang='lat' dir='ltr'><strong>qui</strong></span> <span class='ocrx_word' id='word_1_602' title='bbox 2017 2196 2339 2254; x_wconf 76' lang='lat' dir='ltr'><strong>argumentum</strong></span> <span class='ocrx_word' id='word_1_603' title='bbox 2360 2195 2529 2243; x_wconf 65' lang='lat' dir='ltr'><strong>narret,</strong></span> <span class='ocrx_word' id='word_1_604' title='bbox 2546 2189 2627 2234; x_wconf 85' lang='lat' dir='ltr'><strong>sed</strong></span> 
     </span>
     <span class='ocr_line' id='line_1_85' title="bbox 1567 2251 2631 2317; baseline -0.002 -17"><span class='ocrx_word' id='word_1_605' title='bbox 1567 2253 1651 2317; x_wconf 74' lang='lat' dir='ltr'><strong>qu‘i</strong></span> <span class='ocrx_word' id='word_1_606' title='bbox 1695 2254 1912 2302; x_wconf 72' lang='lat' dir='ltr'><strong>malevoli</strong></span> <span class='ocrx_word' id='word_1_607' title='bbox 1948 2255 2113 2302; x_wconf 80' lang='lat' dir='ltr'><strong>veteris</strong></span> <span class='ocrx_word' id='word_1_608' title='bbox 2151 2253 2318 2300; x_wconf 74' lang='lat' dir='ltr'><strong>Poe&#39;tae</strong></span> <span class='ocrx_word' id='word_1_609' title='bbox 2366 2251 2631 2299; x_wconf 79' lang='lat' dir='ltr'><strong>maledictis</strong></span> 
     </span>
     <span class='ocr_line' id='line_1_86' title="bbox 1568 2316 2635 2432; baseline -0.003 -66"><span class='ocrx_word' id='word_1_610' title='bbox 1568 2321 1865 2430; x_wconf 58' lang='lat' dir='ltr'><strong>respoudeat.</strong></span> <span class='ocrx_word' id='word_1_611' title='bbox 1911 2319 2044 2431; x_wconf 31' lang='lat' dir='ltr'><strong>‘Quis</strong></span> <span class='ocrx_word' id='word_1_612' title='bbox 2062 2317 2283 2432; x_wconf 55' lang='grc' dir='ltr'><strong>ιιὲειιῗινέε</strong></span> <span class='ocrx_word' id='word_1_613' title='bbox 2308 2316 2635 2430; x_wconf 52' lang='grc' dir='ltr'><strong>ἶεοῐῖωιιῖῐὶῑ,</strong></span> 
     </span>
     <span class='ocr_line' id='line_1_87' title="bbox 1568 2393 2634 2432; baseline -0.003 -2"><span class='ocrx_word' id='word_1_614' title='bbox 1568 2398 1643 2430; x_wconf 80' lang='lat' dir='ltr'><strong>am</strong></span> <span class='ocrx_word' id='word_1_615' title='bbox 1679 2399 1729 2431; x_wconf 79' lang='lat' dir='ltr'><strong>as</strong></span> <span class='ocrx_word' id='word_1_616' title='bbox 1764 2393 1945 2432; x_wconf 72' lang='lat' dir='ltr'><strong>noverit</strong></span> <span class='ocrx_word' id='word_1_617' title='bbox 2049 2417 2061 2430; x_wconf 95' lang='lat'><strong>.</strong></span> <span class='ocrx_word' id='word_1_618' title='bbox 2130 2399 2178 2431; x_wconf 92' lang='lat' dir='ltr'><strong>ro</strong></span> <span class='ocrx_word' id='word_1_619' title='bbox 2199 2415 2213 2429; x_wconf 91' lang='lat'><strong>.</strong></span> <span class='ocrx_word' id='word_1_620' title='bbox 2270 2417 2283 2432; x_wconf 95' lang='lat'><strong>.</strong></span> <span class='ocrx_word' id='word_1_621' title='bbox 2557 2395 2634 2428; x_wconf 81' lang='lat' dir='ltr'><strong>um</strong></span> 
     </span>
     <span class='ocr_line' id='line_1_88' title="bbox 1569 2445 2637 2513; baseline -0.002 -18"><span class='ocrx_word' id='word_1_622' title='bbox 1569 2447 1763 2497; x_wconf 81' lang='lat' dir='ltr'><strong>discedo</strong></span> <span class='ocrx_word' id='word_1_623' title='bbox 1799 2449 1859 2497; x_wconf 74' lang='lat' dir='ltr'><strong>ab</strong></span> <span class='ocrx_word' id='word_1_624' title='bbox 1895 2449 1993 2505; x_wconf 72' lang='lat' dir='ltr'><strong>illo,</strong></span> <span class='ocrx_word' id='word_1_625' title='bbox 2019 2455 2073 2496; x_wconf 89' lang='lat' dir='ltr'><strong>ut</strong></span> <span class='ocrx_word' id='word_1_626' title='bbox 2104 2447 2185 2513; x_wconf 89' lang='lat' dir='ltr'><strong>qui</strong></span> <span class='ocrx_word' id='word_1_627' title='bbox 2225 2461 2273 2495; x_wconf 86' lang='lat' dir='ltr'><strong>se</strong></span> <span class='ocrx_word' id='word_1_628' title='bbox 2312 2445 2456 2495; x_wconf 77' lang='lat' dir='ltr'><strong>filiam</strong></span> <span class='ocrx_word' id='word_1_629' title='bbox 2494 2453 2637 2511; x_wconf 81' lang='lat' dir='ltr'><strong>neget</strong></span> 
     </span>
     <span class='ocr_line' id='line_1_89' title="bbox 1567 2509 2641 2575; baseline -0.001 -15"><span class='ocrx_word' id='word_1_630' title='bbox 1567 2513 1785 2562; x_wconf 79' lang='lat' dir='ltr'><strong>daturum</strong></span> <span class='ocrx_word' id='word_1_631' title='bbox 1819 2512 1881 2563; x_wconf 93' lang='lat' dir='ltr'><strong>A.</strong></span> <span class='ocrx_word' id='word_1_632' title='bbox 1901 2514 1940 2570; x_wconf 84' lang='lat' dir='ltr'><strong>i,</strong></span> <span class='ocrx_word' id='word_1_633' title='bbox 1964 2520 2009 2564; x_wconf 88' lang='grc'><strong>1.</strong></span> <span class='ocrx_word' id='word_1_634' title='bbox 2036 2518 2122 2563; x_wconf 86' lang='grc'><strong>121</strong></span> <span class='ocrx_word' id='word_1_635' title='bbox 2174 2512 2385 2560; x_wconf 70' lang='lat' dir='ltr'><strong>‘faudem</strong></span> <span class='ocrx_word' id='word_1_636' title='bbox 2406 2509 2641 2575; x_wconf 84' lang='lat' dir='ltr'><strong>cognosti,</strong></span> 
     </span>
     <span class='ocr_line' id='line_1_90' title="bbox 1569 2575 2638 2640; baseline -0.001 -16"><span class='ocrx_word' id='word_1_637' title='bbox 1569 2578 1656 2640; x_wconf 85' lang='lat' dir='ltr'><strong>qui</strong></span> <span class='ocrx_word' id='word_1_638' title='bbox 1678 2578 1796 2627; x_wconf 85' lang='lat' dir='ltr'><strong>siem</strong></span> <span class='ocrx_word' id='word_1_639' title='bbox 1848 2578 1911 2627; x_wconf 90' lang='lat' dir='ltr'><strong>A.</strong></span> <span class='ocrx_word' id='word_1_640' title='bbox 1936 2577 2007 2634; x_wconf 83' lang='lat' dir='ltr'><strong>iii,</strong></span> <span class='ocrx_word' id='word_1_641' title='bbox 2026 2581 2075 2627; x_wconf 93' lang='grc'><strong>4.</strong></span> <span class='ocrx_word' id='word_1_642' title='bbox 2093 2582 2123 2627; x_wconf 90' lang='grc'><strong>7</strong></span> <span class='ocrx_word' id='word_1_643' title='bbox 2179 2577 2335 2637; x_wconf 83' lang='lat' dir='ltr'><strong>Quem</strong></span> <span class='ocrx_word' id='word_1_644' title='bbox 2368 2592 2458 2637; x_wconf 83' lang='lat' dir='ltr'><strong>ego</strong></span> <span class='ocrx_word' id='word_1_645' title='bbox 2494 2575 2638 2639; x_wconf 76' lang='lat' dir='ltr'><strong>igitur</strong></span> 
     </span>
     <span class='ocr_line' id='line_1_91' title="bbox 1570 2640 2635 2755; baseline -0.002 -2"><span class='ocrx_word' id='word_1_646' title='bbox 1570 2656 1728 2753; x_wconf 63' lang='lat'><strong>¹3³3?</strong></span> <span class='ocrx_word' id='word_1_647' title='bbox 1733 2643 1853 2754; x_wconf 55' lang='lat' dir='ltr'><strong>&#39;aqui</strong></span> <span class='ocrx_word' id='word_1_648' title='bbox 1860 2642 1903 2755; x_wconf 79' lang='lat'><strong>1¹¹</strong></span> <span class='ocrx_word' id='word_1_649' title='bbox 1904 2641 2209 2753; x_wconf 53' lang='grc' dir='ltr'><strong>ἰῖτὲἕςῗῗῖῗέ</strong></span> <span class='ocrx_word' id='word_1_650' title='bbox 2227 2640 2373 2753; x_wconf 57' lang='lat'><strong>322¹}</strong></span> <span class='ocrx_word' id='word_1_651' title='bbox 2394 2640 2635 2752; x_wconf 60' lang='grc' dir='ltr'><strong>ηἶῖξέιῖἲῗῗ</strong></span> 
     </span>
     <span class='ocr_line' id='line_1_92' title="bbox 1575 2720 2638 2829; baseline -0.002 -12"><span class='ocrx_word' id='word_1_652' title='bbox 1575 2770 1650 2817; x_wconf 84' lang='lat' dir='ltr'><strong>nit</strong></span> <span class='ocrx_word' id='word_1_653' title='bbox 1702 2741 1765 2818; x_wconf 76' lang='lat' dir='ltr'><strong>A.</strong></span> <span class='ocrx_word' id='word_1_654' title='bbox 1787 2786 1833 2826; x_wconf 87' lang='lat' dir='ltr'><strong>v,</strong></span> <span class='ocrx_word' id='word_1_655' title='bbox 1855 2775 1906 2819; x_wconf 89' lang='grc'><strong>2.</strong></span> <span class='ocrx_word' id='word_1_656' title='bbox 1929 2774 1991 2819; x_wconf 82' lang='grc'><strong>14</strong></span> <span class='ocrx_word' id='word_1_657' title='bbox 2046 2720 2153 2827; x_wconf 49' lang='lat' dir='ltr'><strong>Qui</strong></span> <span class='ocrx_word' id='word_1_658' title='bbox 2166 2768 2313 2829; x_wconf 84' lang='lat' dir='ltr'><strong>color,</strong></span> <span class='ocrx_word' id='word_1_659' title='bbox 2332 2768 2473 2825; x_wconf 87' lang='lat' dir='ltr'><strong>nitor,</strong></span> <span class='ocrx_word' id='word_1_660' title='bbox 2497 2768 2638 2816; x_wconf 83' lang='lat' dir='ltr'><strong>vesti-</strong></span> 
     </span>
     <span class='ocr_line' id='line_1_93' title="bbox 1575 2832 2636 2894; baseline -0.003 -10"><span class='ocrx_word' id='word_1_661' title='bbox 1575 2834 1687 2884; x_wconf 85' lang='lat' dir='ltr'><strong>tus?</strong></span> <span class='ocrx_word' id='word_1_662' title='bbox 1738 2832 1828 2883; x_wconf 86' lang='lat' dir='ltr'><strong>Eu.</strong></span> <span class='ocrx_word' id='word_1_663' title='bbox 1854 2833 1904 2891; x_wconf 81' lang='lat' dir='ltr'><strong>ii,</strong></span> <span class='ocrx_word' id='word_1_664' title='bbox 1926 2838 1974 2883; x_wconf 86' lang='grc'><strong>2.</strong></span> <span class='ocrx_word' id='word_1_665' title='bbox 2004 2838 2057 2883; x_wconf 86' lang='grc'><strong>11</strong></span> <span class='ocrx_word' id='word_1_666' title='bbox 2117 2832 2281 2890; x_wconf 83' lang='lat' dir='ltr'><strong>Nunc,</strong></span> <span class='ocrx_word' id='word_1_667' title='bbox 2303 2832 2551 2894; x_wconf 74' lang='lat' dir='ltr'><strong>Parmeno,</strong></span> <span class='ocrx_word' id='word_1_668' title='bbox 2588 2840 2636 2881; x_wconf 79' lang='lat' dir='ltr'><strong>te</strong></span> 
     </span>
     <span class='ocr_line' id='line_1_94' title="bbox 1575 2896 2636 2963; baseline 0 -17"><span class='ocrx_word' id='word_1_669' title='bbox 1575 2899 1815 2955; x_wconf 78' lang='lat' dir='ltr'><strong>ostendes,</strong></span> <span class='ocrx_word' id='word_1_670' title='bbox 1838 2898 1919 2963; x_wconf 87' lang='lat' dir='ltr'><strong>qui</strong></span> <span class='ocrx_word' id='word_1_671' title='bbox 1942 2899 2011 2947; x_wconf 84' lang='lat' dir='ltr'><strong>vir</strong></span> <span class='ocrx_word' id='word_1_672' title='bbox 2032 2898 2122 2946; x_wconf 83' lang='lat' dir='ltr'><strong>sies</strong></span> <span class='ocrx_word' id='word_1_673' title='bbox 2164 2896 2257 2947; x_wconf 86' lang='lat' dir='ltr'><strong>Eu.</strong></span> <span class='ocrx_word' id='word_1_674' title='bbox 2280 2898 2335 2953; x_wconf 87' lang='lat' dir='ltr'><strong>ii.</strong></span> <span class='ocrx_word' id='word_1_675' title='bbox 2356 2902 2404 2945; x_wconf 89' lang='grc'><strong>3.</strong></span> <span class='ocrx_word' id='word_1_676' title='bbox 2429 2903 2488 2945; x_wconf 84' lang='grc'><strong>15</strong></span> <span class='ocrx_word' id='word_1_677' title='bbox 2535 2896 2636 2947; x_wconf 83' lang='lat' dir='ltr'><strong>Ne-</strong></span> 
     </span>
     <span class='ocr_line' id='line_1_95' title="bbox 1579 2961 2635 3037; baseline 0 -26"><span class='ocrx_word' id='word_1_678' title='bbox 1579 2978 1655 3011; x_wconf 81' lang='lat' dir='ltr'><strong>mo</strong></span> <span class='ocrx_word' id='word_1_679' title='bbox 1678 2972 1853 3027; x_wconf 81' lang='lat' dir='ltr'><strong>posset,</strong></span> <span class='ocrx_word' id='word_1_680' title='bbox 1872 2969 1946 3012; x_wconf 77' lang='lat' dir='ltr'><strong>sat</strong></span> <span class='ocrx_word' id='word_1_681' title='bbox 1960 2961 2078 3017; x_wconf 85' lang='lat' dir='ltr'><strong>scio,</strong></span> <span class='ocrx_word' id='word_1_682' title='bbox 2100 2962 2185 3026; x_wconf 88' lang='lat' dir='ltr'><strong>qui</strong></span> <span class='ocrx_word' id='word_1_683' title='bbox 2207 2964 2417 3023; x_wconf 75' lang='lat' dir='ltr'><strong>haberet,</strong></span> <span class='ocrx_word' id='word_1_684' title='bbox 2434 2961 2517 3037; x_wconf 72' lang='lat' dir='ltr'><strong>qui</strong></span> <span class='ocrx_word' id='word_1_685' title='bbox 2555 2976 2635 3025; x_wconf 78' lang='lat' dir='ltr'><strong>pa-</strong></span> 
     </span>
     <span class='ocr_line' id='line_1_96' title="bbox 1577 3026 2637 3091; baseline 0.002 -16"><span class='ocrx_word' id='word_1_686' title='bbox 1577 3036 1699 3075; x_wconf 78' lang='lat' dir='ltr'><strong>raret</strong></span> <span class='ocrx_word' id='word_1_687' title='bbox 1720 3028 1881 3085; x_wconf 74' lang='lat' dir='ltr'><strong>alium,</strong></span> <span class='ocrx_word' id='word_1_688' title='bbox 1904 3029 2029 3076; x_wconf 87' lang='lat' dir='ltr'><strong>hunc</strong></span> <span class='ocrx_word' id='word_1_689' title='bbox 2052 3026 2237 3091; x_wconf 78' lang='lat' dir='ltr'><strong>perpeti</strong></span> <span class='ocrx_word' id='word_1_690' title='bbox 2291 3026 2383 3076; x_wconf 88' lang='lat' dir='ltr'><strong>Eu.</strong></span> <span class='ocrx_word' id='word_1_691' title='bbox 2407 3026 2480 3084; x_wconf 83' lang='lat' dir='ltr'><strong>ii1,</strong></span> <span class='ocrx_word' id='word_1_692' title='bbox 2502 3030 2550 3074; x_wconf 88' lang='grc'><strong>2.</strong></span> <span class='ocrx_word' id='word_1_693' title='bbox 2573 3031 2637 3077; x_wconf 77' lang='grc'><strong>35</strong></span> 
     </span>
     <span class='ocr_line' id='line_1_97' title="bbox 1577 3088 2637 3151; baseline -0.002 -12"><span class='ocrx_word' id='word_1_694' title='bbox 1577 3092 1681 3151; x_wconf 83' lang='lat' dir='ltr'><strong>Qui</strong></span> <span class='ocrx_word' id='word_1_695' title='bbox 1703 3093 1779 3140; x_wconf 81' lang='lat' dir='ltr'><strong>hic</strong></span> <span class='ocrx_word' id='word_1_696' title='bbox 1800 3100 1991 3141; x_wconf 79' lang='lat' dir='ltr'><strong>ornatus</strong></span> <span class='ocrx_word' id='word_1_697' title='bbox 2011 3092 2117 3140; x_wconf 80' lang='lat' dir='ltr'><strong>est?</strong></span> <span class='ocrx_word' id='word_1_698' title='bbox 2152 3088 2243 3140; x_wconf 87' lang='lat' dir='ltr'><strong>Eu.</strong></span> <span class='ocrx_word' id='word_1_699' title='bbox 2267 3091 2335 3148; x_wconf 90' lang='lat' dir='ltr'><strong>iii,</strong></span> <span class='ocrx_word' id='word_1_700' title='bbox 2352 3096 2400 3140; x_wconf 87' lang='grc'><strong>4.</strong></span> <span class='ocrx_word' id='word_1_701' title='bbox 2423 3098 2455 3140; x_wconf 78' lang='grc'><strong>8</strong></span> <span class='ocrx_word' id='word_1_702' title='bbox 2489 3090 2637 3148; x_wconf 74' lang='lat' dir='ltr'><strong>Quae-</strong></span> 
     </span>
     <span class='ocr_line' id='line_1_98' title="bbox 1575 3154 2637 3222; baseline -0.002 -18"><span class='ocrx_word' id='word_1_703' title='bbox 1575 3172 1647 3213; x_wconf 82' lang='lat' dir='ltr'><strong>re,</strong></span> <span class='ocrx_word' id='word_1_704' title='bbox 1684 3158 1764 3221; x_wconf 87' lang='lat' dir='ltr'><strong>qui</strong></span> <span class='ocrx_word' id='word_1_705' title='bbox 1801 3158 2083 3222; x_wconf 81' lang='lat' dir='ltr'><strong>respoudeat</strong></span> <span class='ocrx_word' id='word_1_706' title='bbox 2132 3155 2223 3205; x_wconf 88' lang='lat' dir='ltr'><strong>Eu.</strong></span> <span class='ocrx_word' id='word_1_707' title='bbox 2260 3156 2327 3212; x_wconf 83' lang='lat' dir='ltr'><strong>iv,</strong></span> <span class='ocrx_word' id='word_1_708' title='bbox 2350 3159 2397 3204; x_wconf 91' lang='grc'><strong>7.</strong></span> <span class='ocrx_word' id='word_1_709' title='bbox 2414 3160 2480 3205; x_wconf 87' lang='grc'><strong>40</strong></span> <span class='ocrx_word' id='word_1_710' title='bbox 2534 3154 2637 3203; x_wconf 70' lang='lat' dir='ltr'><strong>Etsi</strong></span> 
     </span>
    </p>
   </div>
   <div class='ocr_carea' id='block_1_11' title="bbox 1575 3218 2725 3287">
    <p class='ocr_par' dir='ltr' id='par_1_13' title="bbox 1575 3218 2725 3287">
     <span class='ocr_line' id='line_1_99' title="bbox 1575 3218 2725 3287; baseline -0.001 -18"><span class='ocrx_word' id='word_1_711' title='bbox 1575 3238 1668 3285; x_wconf 86' lang='lat' dir='ltr'><strong>ego</strong></span> <span class='ocrx_word' id='word_1_712' title='bbox 1690 3222 1885 3287; x_wconf 78' lang='lat' dir='ltr'><strong>indigna</strong></span> <span class='ocrx_word' id='word_1_713' title='bbox 1907 3224 1995 3269; x_wconf 82' lang='lat' dir='ltr'><strong>hac</strong></span> <span class='ocrx_word' id='word_1_714' title='bbox 2017 3218 2303 3270; x_wconf 70' lang='lat' dir='ltr'><strong>contumelia</strong></span> <span class='ocrx_word' id='word_1_715' title='bbox 2335 3234 2437 3267; x_wconf 80' lang='lat' dir='ltr'><strong>sum</strong></span> <span class='ocrx_word' id='word_1_716' title='bbox 2475 3234 2637 3268; x_wconf 77' lang='lat' dir='ltr'><strong>maxu-</strong></span> <span class='ocrx_word' id='word_1_717' title='bbox 2721 3225 2725 3229; x_wconf 88' lang='lat'>&#39;</span> 
     </span>
    </p>
   </div>
   <div class='ocr_carea' id='block_1_12' title="bbox 1573 3282 2674 4437">
    <p class='ocr_par' dir='ltr' id='par_1_14' title="bbox 1573 3282 2674 4437">
     <span class='ocr_line' id='line_1_100' title="bbox 1577 3282 2640 3361; baseline 0 -28"><span class='ocrx_word' id='word_1_718' title='bbox 1577 3302 1654 3334; x_wconf 87' lang='lat' dir='ltr'><strong>me</strong></span> <span class='ocrx_word' id='word_1_719' title='bbox 1674 3303 1689 3347; x_wconf 89' lang='lat'>;</span> <span class='ocrx_word' id='word_1_720' title='bbox 1723 3295 1774 3335; x_wconf 78' lang='lat' dir='ltr'><strong>at</strong></span> <span class='ocrx_word' id='word_1_721' title='bbox 1794 3296 1844 3334; x_wconf 84' lang='lat' dir='ltr'><strong>tu</strong></span> <span class='ocrx_word' id='word_1_722' title='bbox 1867 3286 2107 3349; x_wconf 82' lang='lat' dir='ltr'><strong>indignus,</strong></span> <span class='ocrx_word' id='word_1_723' title='bbox 2132 3284 2214 3361; x_wconf 75' lang='lat' dir='ltr'><strong>qui</strong></span> <span class='ocrx_word' id='word_1_724' title='bbox 2246 3285 2425 3333; x_wconf 76' lang='lat' dir='ltr'><strong>faceres</strong></span> <span class='ocrx_word' id='word_1_725' title='bbox 2475 3282 2567 3331; x_wconf 89' lang='lat' dir='ltr'><strong>Eu.</strong></span> <span class='ocrx_word' id='word_1_726' title='bbox 2592 3300 2640 3348; x_wconf 77' lang='lat' dir='ltr'><strong>v,</strong></span> 
     </span>
     <span class='ocr_line' id='line_1_101' title="bbox 1575 3349 2674 3415; baseline -0.004 -14"><span class='ocrx_word' id='word_1_727' title='bbox 1575 3356 1625 3401; x_wconf 90' lang='grc'><strong>2.</strong></span> <span class='ocrx_word' id='word_1_728' title='bbox 1648 3355 1712 3401; x_wconf 87' lang='grc'><strong>27</strong></span> <span class='ocrx_word' id='word_1_729' title='bbox 1768 3351 1902 3401; x_wconf 78' lang='lat' dir='ltr'><strong>Facis</strong></span> <span class='ocrx_word' id='word_1_730' title='bbox 1924 3352 2043 3399; x_wconf 75' lang='lat' dir='ltr'><strong>adeo</strong></span> <span class='ocrx_word' id='word_1_731' title='bbox 2062 3351 2258 3415; x_wconf 68' lang='lat' dir='ltr'><strong>indigue</strong></span> <span class='ocrx_word' id='word_1_732' title='bbox 2293 3350 2512 3411; x_wconf 80' lang='lat' dir='ltr'><strong>injuriam</strong></span> <span class='ocrx_word' id='word_1_733' title='bbox 2552 3349 2637 3407; x_wconf 80' lang='lat' dir='ltr'><strong>iili&#39;,</strong></span> <span class='ocrx_word' id='word_1_734' title='bbox 2662 3392 2674 3402; x_wconf 82' lang='grc'><strong>,</strong></span> 
     </span>
     <span class='ocr_line' id='line_1_102' title="bbox 1575 3414 2637 3481; baseline 0.002 -18"><span class='ocrx_word' id='word_1_735' title='bbox 1575 3416 1661 3481; x_wconf 89' lang='lat' dir='ltr'><strong>qui</strong></span> <span class='ocrx_word' id='word_1_736' title='bbox 1686 3432 1782 3465; x_wconf 84' lang='lat' dir='ltr'><strong>uon</strong></span> <span class='ocrx_word' id='word_1_737' title='bbox 1804 3416 2040 3467; x_wconf 78' lang='lat' dir='ltr'><strong>abstineas</strong></span> <span class='ocrx_word' id='word_1_738' title='bbox 2062 3430 2269 3463; x_wconf 78' lang='lat' dir='ltr'><strong>manum.</strong></span> <span class='ocrx_word' id='word_1_739' title='bbox 2324 3414 2393 3463; x_wconf 89' lang='lat' dir='ltr'><strong>Di</strong></span> <span class='ocrx_word' id='word_1_740' title='bbox 2414 3423 2462 3462; x_wconf 84' lang='lat' dir='ltr'><strong>te</strong></span> <span class='ocrx_word' id='word_1_741' title='bbox 2483 3414 2637 3465; x_wconf 76' lang='lat' dir='ltr'><strong>erudi-</strong></span> 
     </span>
     <span class='ocr_line' id='line_1_103' title="bbox 1576 3478 2638 3545; baseline -0.002 -16"><span class='ocrx_word' id='word_1_742' title='bbox 1576 3490 1706 3538; x_wconf 83' lang='lat' dir='ltr'><strong>cent,</strong></span> <span class='ocrx_word' id='word_1_743' title='bbox 1726 3481 1863 3545; x_wconf 74' lang='lat' dir='ltr'><strong>Syre,</strong></span> <span class='ocrx_word' id='word_1_744' title='bbox 1918 3480 1968 3529; x_wconf 86' lang='lat' dir='ltr'><strong>ui</strong></span> <span class='ocrx_word' id='word_1_745' title='bbox 1999 3497 2073 3529; x_wconf 85' lang='lat' dir='ltr'><strong>me</strong></span> <span class='ocrx_word' id='word_1_746' title='bbox 2108 3480 2218 3529; x_wconf 82' lang='lat' dir='ltr'><strong>hinc</strong></span> <span class='ocrx_word' id='word_1_747' title='bbox 2254 3478 2463 3530; x_wconf 82' lang='lat' dir='ltr'><strong>extrudis</strong></span> <span class='ocrx_word' id='word_1_748' title='bbox 2515 3478 2638 3528; x_wconf 69' lang='lat' dir='ltr'><strong>Heu.</strong></span> 
     </span>
     <span class='ocr_line' id='line_1_104' title="bbox 1573 3544 2637 3621; baseline -0.002 -26"><span class='ocrx_word' id='word_1_749' title='bbox 1573 3544 1647 3602; x_wconf 83' lang='lat' dir='ltr'><strong>iii,</strong></span> <span class='ocrx_word' id='word_1_750' title='bbox 1671 3550 1718 3595; x_wconf 86' lang='grc'><strong>3.</strong></span> <span class='ocrx_word' id='word_1_751' title='bbox 1744 3553 1792 3596; x_wconf 92' lang='grc'><strong>4.</strong></span> <span class='ocrx_word' id='word_1_752' title='bbox 1814 3551 1879 3596; x_wconf 86' lang='grc'><strong>28</strong></span> <span class='ocrx_word' id='word_1_753' title='bbox 1954 3563 1979 3593; x_wconf 89' lang='lat' dir='ltr'><strong>e</strong></span> <span class='ocrx_word' id='word_1_754' title='bbox 2004 3545 2157 3601; x_wconf 85' lang='lat' dir='ltr'><strong>miror,</strong></span> <span class='ocrx_word' id='word_1_755' title='bbox 2182 3544 2263 3621; x_wconf 78' lang='lat' dir='ltr'><strong>qui</strong></span> <span class='ocrx_word' id='word_1_756' title='bbox 2280 3544 2371 3593; x_wconf 78' lang='lat' dir='ltr'><strong>alia</strong></span> <span class='ocrx_word' id='word_1_757' title='bbox 2388 3552 2481 3591; x_wconf 81' lang='lat' dir='ltr'><strong>tum</strong></span> <span class='ocrx_word' id='word_1_758' title='bbox 2498 3544 2637 3606; x_wconf 80' lang='lat' dir='ltr'><strong>piane</strong></span> 
     </span>
     <span class='ocr_line' id='line_1_105' title="bbox 1573 3610 2637 3673; baseline -0.002 -16"><span class='ocrx_word' id='word_1_759' title='bbox 1573 3610 1711 3661; x_wconf 78' lang='lat' dir='ltr'><strong>scias.</strong></span> <span class='ocrx_word' id='word_1_760' title='bbox 1756 3611 2116 3673; x_wconf 83' lang='lat' dir='ltr'><strong>Quemquamne</strong></span> <span class='ocrx_word' id='word_1_761' title='bbox 2138 3624 2293 3657; x_wconf 78' lang='lat' dir='ltr'><strong>annno</strong></span> <span class='ocrx_word' id='word_1_762' title='bbox 2311 3616 2406 3655; x_wconf 79' lang='lat' dir='ltr'><strong>tam</strong></span> <span class='ocrx_word' id='word_1_763' title='bbox 2430 3624 2637 3657; x_wconf 81' lang='lat' dir='ltr'><strong>commu-</strong></span> 
     </span>
     <span class='ocr_line' id='line_1_106' title="bbox 1575 3672 2638 3738; baseline -0.002 -15"><span class='ocrx_word' id='word_1_764' title='bbox 1575 3675 1629 3723; x_wconf 78' lang='lat' dir='ltr'><strong>ni</strong></span> <span class='ocrx_word' id='word_1_765' title='bbox 1650 3692 1770 3736; x_wconf 78' lang='lat' dir='ltr'><strong>esse,</strong></span> <span class='ocrx_word' id='word_1_766' title='bbox 1806 3682 1889 3723; x_wconf 74' lang='lat' dir='ltr'><strong>aut</strong></span> <span class='ocrx_word' id='word_1_767' title='bbox 1922 3674 2018 3722; x_wconf 82' lang='lat' dir='ltr'><strong>leni</strong></span> <span class='ocrx_word' id='word_1_768' title='bbox 2056 3682 2211 3738; x_wconf 77' lang='lat' dir='ltr'><strong>putus,</strong></span> <span class='ocrx_word' id='word_1_769' title='bbox 2230 3674 2315 3737; x_wconf 87' lang='lat' dir='ltr'><strong>qui</strong></span> <span class='ocrx_word' id='word_1_770' title='bbox 2352 3689 2403 3719; x_wconf 84' lang='lat' dir='ltr'><strong>se</strong></span> <span class='ocrx_word' id='word_1_771' title='bbox 2445 3672 2638 3721; x_wconf 55' lang='lat' dir='ltr'><strong>ridente</strong></span> 
     </span>
     <span class='ocr_line' id='line_1_107' title="bbox 1575 3736 2641 3805; baseline -0.002 -19"><span class='ocrx_word' id='word_1_772' title='bbox 1575 3740 1773 3788; x_wconf 72' lang='lat' dir='ltr'><strong>amicum</strong></span> <span class='ocrx_word' id='word_1_773' title='bbox 1810 3740 2016 3805; x_wconf 67' lang='lat' dir='ltr'><strong>patiatur</strong></span> <span class='ocrx_word' id='word_1_774' title='bbox 2051 3740 2219 3787; x_wconf 75' lang='lat' dir='ltr'><strong>suum?</strong></span> <span class='ocrx_word' id='word_1_775' title='bbox 2272 3736 2396 3785; x_wconf 85' lang='lat' dir='ltr'><strong>Hea.</strong></span> <span class='ocrx_word' id='word_1_776' title='bbox 2418 3754 2463 3793; x_wconf 84' lang='lat' dir='ltr'><strong>v,</strong></span> <span class='ocrx_word' id='word_1_777' title='bbox 2490 3742 2533 3785; x_wconf 94' lang='grc'><strong>1.</strong></span> <span class='ocrx_word' id='word_1_778' title='bbox 2556 3742 2641 3787; x_wconf 83' lang='grc'><strong>24.</strong></span> 
     </span>
     <span class='ocr_line' id='line_1_108' title="bbox 1575 3802 2637 3867; baseline -0.004 -14"><span class='ocrx_word' id='word_1_779' title='bbox 1575 3808 1642 3853; x_wconf 94' lang='grc'><strong>40</strong></span> <span class='ocrx_word' id='word_1_780' title='bbox 1676 3804 1863 3861; x_wconf 78' lang='lat' dir='ltr'><strong>Nescis,</strong></span> <span class='ocrx_word' id='word_1_781' title='bbox 1886 3804 2059 3867; x_wconf 73' lang='lat' dir='ltr'><strong>quivit</strong></span> <span class='ocrx_word' id='word_1_782' title='bbox 2078 3803 2140 3851; x_wconf 82' lang='lat' dir='ltr'><strong>sit</strong></span> <span class='ocrx_word' id='word_1_783' title='bbox 2189 3802 2282 3851; x_wconf 88' lang='lat' dir='ltr'><strong>Ad.</strong></span> <span class='ocrx_word' id='word_1_784' title='bbox 2305 3803 2442 3865; x_wconf 48' lang='lat' dir='ltr'><strong>infit.</strong></span> <span class='ocrx_word' id='word_1_785' title='bbox 2463 3808 2493 3850; x_wconf 90' lang='grc'><strong>5</strong></span> <span class='ocrx_word' id='word_1_786' title='bbox 2540 3802 2637 3849; x_wconf 80' lang='lat' dir='ltr'><strong>Sed</strong></span> 
     </span>
     <span class='ocr_line' id='line_1_109' title="bbox 1576 3867 2637 3933; baseline -0.003 -17"><span class='ocrx_word' id='word_1_787' title='bbox 1576 3882 1668 3933; x_wconf 84' lang='lat' dir='ltr'><strong>ego</strong></span> <span class='ocrx_word' id='word_1_788' title='bbox 1690 3885 1816 3917; x_wconf 82' lang='lat' dir='ltr'><strong>nunc</strong></span> <span class='ocrx_word' id='word_1_789' title='bbox 1840 3869 1950 3916; x_wconf 78' lang='lat' dir='ltr'><strong>mihi</strong></span> <span class='ocrx_word' id='word_1_790' title='bbox 1988 3884 2137 3923; x_wconf 83' lang='lat' dir='ltr'><strong>cesso,</strong></span> <span class='ocrx_word' id='word_1_791' title='bbox 2160 3868 2241 3931; x_wconf 89' lang='lat' dir='ltr'><strong>qui</strong></span> <span class='ocrx_word' id='word_1_792' title='bbox 2263 3882 2361 3915; x_wconf 82' lang='lat' dir='ltr'><strong>nou</strong></span> <span class='ocrx_word' id='word_1_793' title='bbox 2394 3867 2637 3913; x_wconf 82' lang='lat' dir='ltr'><strong>humerum</strong></span> 
     </span>
     <span class='ocr_line' id='line_1_110' title="bbox 1577 3929 2637 3997; baseline -0.002 -16"><span class='ocrx_word' id='word_1_794' title='bbox 1577 3934 1703 3981; x_wconf 85' lang='lat' dir='ltr'><strong>hunc</strong></span> <span class='ocrx_word' id='word_1_795' title='bbox 1726 3948 1868 3981; x_wconf 86' lang='lat' dir='ltr'><strong>onero</strong></span> <span class='ocrx_word' id='word_1_796' title='bbox 1906 3933 2052 3997; x_wconf 70' lang='lat' dir='ltr'><strong>panio</strong></span> <span class='ocrx_word' id='word_1_797' title='bbox 2106 3932 2196 3982; x_wconf 79' lang='lat' dir='ltr'><strong>Ph.</strong></span> <span class='ocrx_word' id='word_1_798' title='bbox 2220 3948 2265 3989; x_wconf 85' lang='lat' dir='ltr'><strong>v,</strong></span> <span class='ocrx_word' id='word_1_799' title='bbox 2287 3936 2335 3981; x_wconf 89' lang='grc'><strong>6.</strong></span> <span class='ocrx_word' id='word_1_800' title='bbox 2354 3934 2385 3979; x_wconf 91' lang='grc'><strong>4</strong></span> <span class='ocrx_word' id='word_1_801' title='bbox 2439 3930 2559 3977; x_wconf 87' lang='lat' dir='ltr'><strong>Tum</strong></span> <span class='ocrx_word' id='word_1_802' title='bbox 2597 3929 2637 3979; x_wconf 74' lang='lat' dir='ltr'><strong>si</strong></span> 
     </span>
     <span class='ocr_line' id='line_1_111' title="bbox 1576 3995 2635 4063; baseline -0.005 -17"><span class='ocrx_word' id='word_1_803' title='bbox 1576 3997 1683 4063; x_wconf 85' lang='lat' dir='ltr'><strong>quis</strong></span> <span class='ocrx_word' id='word_1_804' title='bbox 1704 3998 1971 4063; x_wconf 81' lang='lat' dir='ltr'><strong>magistrum</strong></span> <span class='ocrx_word' id='word_1_805' title='bbox 2010 3996 2141 4062; x_wconf 85' lang='lat' dir='ltr'><strong>cepit</strong></span> <span class='ocrx_word' id='word_1_806' title='bbox 2176 3998 2237 4045; x_wconf 81' lang='lat' dir='ltr'><strong>ad</strong></span> <span class='ocrx_word' id='word_1_807' title='bbox 2276 4010 2380 4044; x_wconf 75' lang='lat' dir='ltr'><strong>eam</strong></span> <span class='ocrx_word' id='word_1_808' title='bbox 2417 4011 2513 4043; x_wconf 86' lang='lat' dir='ltr'><strong>rem</strong></span> <span class='ocrx_word' id='word_1_809' title='bbox 2550 3995 2635 4042; x_wconf 81' lang='lat' dir='ltr'><strong>im-</strong></span> 
     </span>
     <span class='ocr_line' id='line_1_112' title="bbox 1577 4060 2636 4129; baseline -0.002 -20"><span class='ocrx_word' id='word_1_810' title='bbox 1577 4064 1775 4129; x_wconf 82' lang='lat' dir='ltr'><strong>probum</strong></span> <span class='ocrx_word' id='word_1_811' title='bbox 1829 4060 1896 4110; x_wconf 78' lang='lat' dir='ltr'><strong>A.</strong></span> <span class='ocrx_word' id='word_1_812' title='bbox 1940 4062 1977 4119; x_wconf 91' lang='lat' dir='ltr'><strong>i,</strong></span> <span class='ocrx_word' id='word_1_813' title='bbox 2019 4066 2070 4111; x_wconf 93' lang='grc'><strong>2.</strong></span> <span class='ocrx_word' id='word_1_814' title='bbox 2114 4066 2174 4111; x_wconf 87' lang='grc'><strong>21</strong></span> <span class='ocrx_word' id='word_1_815' title='bbox 2244 4060 2376 4117; x_wconf 85' lang='lat' dir='ltr'><strong>Quid</strong></span> <span class='ocrx_word' id='word_1_816' title='bbox 2418 4060 2636 4117; x_wconf 67' lang='lat' dir='ltr'><strong>facerem,</strong></span> 
     </span>
     <span class='ocr_line' id='line_1_113' title="bbox 1574 4122 2634 4191; baseline 0 -16"><span class='ocrx_word' id='word_1_817' title='bbox 1574 4130 1618 4178; x_wconf 80' lang='lat' dir='ltr'><strong>si</strong></span> <span class='ocrx_word' id='word_1_818' title='bbox 1654 4128 1761 4191; x_wconf 79' lang='lat' dir='ltr'><strong>quis</strong></span> <span class='ocrx_word' id='word_1_819' title='bbox 1797 4142 1924 4175; x_wconf 81' lang='lat' dir='ltr'><strong>nunc</strong></span> <span class='ocrx_word' id='word_1_820' title='bbox 1962 4142 2038 4174; x_wconf 86' lang='lat' dir='ltr'><strong>me</strong></span> <span class='ocrx_word' id='word_1_821' title='bbox 2077 4126 2243 4189; x_wconf 85' lang='lat' dir='ltr'><strong>roget?</strong></span> <span class='ocrx_word' id='word_1_822' title='bbox 2299 4122 2363 4173; x_wconf 80' lang='lat' dir='ltr'><strong>A.</strong></span> <span class='ocrx_word' id='word_1_823' title='bbox 2399 4124 2435 4183; x_wconf 87' lang='lat' dir='ltr'><strong>i,</strong></span> <span class='ocrx_word' id='word_1_824' title='bbox 2475 4130 2525 4173; x_wconf 90' lang='grc'><strong>5.</strong></span> <span class='ocrx_word' id='word_1_825' title='bbox 2568 4128 2634 4175; x_wconf 73' lang='grc'><strong>23</strong></span> 
     </span>
     <span class='ocr_line' id='line_1_114' title="bbox 1575 4188 2645 4251; baseline -0.003 -12"><span class='ocrx_word' id='word_1_826' title='bbox 1575 4193 1699 4251; x_wconf 81' lang='lat' dir='ltr'><strong>Quis</strong></span> <span class='ocrx_word' id='word_1_827' title='bbox 1718 4192 1917 4241; x_wconf 81' lang='lat' dir='ltr'><strong>videor?</strong></span> <span class='ocrx_word' id='word_1_828' title='bbox 1962 4191 2026 4239; x_wconf 82' lang='lat' dir='ltr'><strong>A.</strong></span> <span class='ocrx_word' id='word_1_829' title='bbox 2055 4190 2120 4246; x_wconf 82' lang='lat' dir='ltr'><strong>iv,</strong></span> <span class='ocrx_word' id='word_1_830' title='bbox 2144 4195 2193 4239; x_wconf 90' lang='grc'><strong>2.</strong></span> <span class='ocrx_word' id='word_1_831' title='bbox 2211 4194 2275 4240; x_wconf 80' lang='grc'><strong>19</strong></span> <span class='ocrx_word' id='word_1_832' title='bbox 2328 4190 2452 4248; x_wconf 86' lang='lat' dir='ltr'><strong>Quis</strong></span> <span class='ocrx_word' id='word_1_833' title='bbox 2484 4188 2645 4237; x_wconf 82' lang='lat' dir='ltr'><strong>homo</strong></span> 
     </span>
     <span class='ocr_line' id='line_1_115' title="bbox 1575 4254 2637 4319; baseline -0.004 -14"><span class='ocrx_word' id='word_1_834' title='bbox 1575 4258 1683 4305; x_wconf 81' lang='lat' dir='ltr'><strong>est?</strong></span> <span class='ocrx_word' id='word_1_835' title='bbox 1718 4257 1783 4305; x_wconf 87' lang='lat' dir='ltr'><strong>A.</strong></span> <span class='ocrx_word' id='word_1_836' title='bbox 1807 4273 1857 4319; x_wconf 74' lang='grc' dir='ltr'><strong>ν,</strong></span> <span class='ocrx_word' id='word_1_837' title='bbox 1877 4260 1927 4305; x_wconf 89' lang='grc'><strong>6.</strong></span> <span class='ocrx_word' id='word_1_838' title='bbox 1946 4262 1995 4305; x_wconf 90' lang='lat'><strong>1.</strong></span> <span class='ocrx_word' id='word_1_839' title='bbox 2018 4260 2096 4305; x_wconf 88' lang='grc'><strong>10.</strong></span> <span class='ocrx_word' id='word_1_840' title='bbox 2131 4254 2222 4304; x_wconf 87' lang='lat' dir='ltr'><strong>Eu.</strong></span> <span class='ocrx_word' id='word_1_841' title='bbox 2240 4272 2287 4310; x_wconf 84' lang='lat' dir='ltr'><strong>v,</strong></span> <span class='ocrx_word' id='word_1_842' title='bbox 2310 4260 2360 4305; x_wconf 84' lang='grc'><strong>6.</strong></span> <span class='ocrx_word' id='word_1_843' title='bbox 2383 4260 2433 4305; x_wconf 86' lang='grc'><strong>6.</strong></span> <span class='ocrx_word' id='word_1_844' title='bbox 2467 4254 2558 4303; x_wconf 80' lang='lat' dir='ltr'><strong>Ph.</strong></span> <span class='ocrx_word' id='word_1_845' title='bbox 2581 4254 2637 4309; x_wconf 80' lang='lat' dir='ltr'><strong>ii,</strong></span> 
     </span>
     <span class='ocr_line' id='line_1_116' title="bbox 1578 4319 2634 4387; baseline -0.006 -16"><span class='ocrx_word' id='word_1_846' title='bbox 1578 4326 1629 4371; x_wconf 88' lang='grc'><strong>3.</strong></span> <span class='ocrx_word' id='word_1_847' title='bbox 1646 4326 1712 4373; x_wconf 88' lang='grc'><strong>28</strong></span> <span class='ocrx_word' id='word_1_848' title='bbox 1758 4320 1881 4369; x_wconf 88' lang='lat' dir='ltr'><strong>Tum</strong></span> <span class='ocrx_word' id='word_1_849' title='bbox 1905 4320 1943 4369; x_wconf 83' lang='lat' dir='ltr'><strong>si</strong></span> <span class='ocrx_word' id='word_1_850' title='bbox 1964 4320 2071 4387; x_wconf 87' lang='lat' dir='ltr'><strong>quis</strong></span> <span class='ocrx_word' id='word_1_851' title='bbox 2088 4327 2181 4383; x_wconf 86' lang='lat' dir='ltr'><strong>est,</strong></span> <span class='ocrx_word' id='word_1_852' title='bbox 2210 4321 2292 4385; x_wconf 87' lang='lat' dir='ltr'><strong>qui</strong></span> <span class='ocrx_word' id='word_1_853' title='bbox 2311 4319 2491 4369; x_wconf 85' lang='lat' dir='ltr'><strong>dictum</strong></span> <span class='ocrx_word' id='word_1_854' title='bbox 2512 4320 2560 4367; x_wconf 87' lang='lat' dir='ltr'><strong>iu</strong></span> <span class='ocrx_word' id='word_1_855' title='bbox 2584 4332 2634 4366; x_wconf 73' lang='lat' dir='ltr'><strong>se</strong></span> 
     </span>
     <span class='ocr_line' id='line_1_117' title="bbox 1579 4380 2636 4437; baseline 0 -2"><span class='ocrx_word' id='word_1_856' title='bbox 1579 4385 1905 4436; x_wconf 75' lang='lat' dir='ltr'><strong>inclementius</strong></span> <span class='ocrx_word' id='word_1_857' title='bbox 1937 4385 2221 4437; x_wconf 78' lang='lat' dir='ltr'><strong>existimabit</strong></span> <span class='ocrx_word' id='word_1_858' title='bbox 2253 4398 2357 4436; x_wconf 79' lang='lat' dir='ltr'><strong>esse</strong></span> <span class='ocrx_word' id='word_1_859' title='bbox 2390 4384 2481 4435; x_wconf 84' lang='lat' dir='ltr'><strong>Eu.</strong></span> <span class='ocrx_word' id='word_1_860' title='bbox 2508 4380 2636 4435; x_wconf 65' lang='lat' dir='ltr'><strong>Prot.</strong></span> 
     </span>
    </p>
   </div>
  </div>
 </body>
</html>
