3192 4975
1161 432 1248 482 m
1291 431 1781 495 rannus-iun..

383 583 594 697 d⁰7rj⁸m
607 584 810 634 omnium
832 583 1038 634 trudebat
1065 582 1164 636 Aa.
1183 585 1218 644 i,
1239 589 1366 636 2:11

339 670 345 690 ·
425 651 434 662 ⁸
491 650 713 699 alentum.
757 649 866 698 Tibi
885 651 1079 713 perdere
1103 649 1326 700 talentum
1341 652 1434 702 hoe

388 722 526 776 pacto
547 715 687 762 satius
711 720 806 769 est,
820 729 962 778 quam
983 707 1066 776 illo
1087 715 1266 764 minam
1311 715 1436 763 Hea-

384 777 459 835 iii,
485 784 528 827 1.
550 783 612 828 66
646 777 698 826 Si
733 779 841 841 quis
870 778 1006 826 daret
1039 780 1266 827 talentum

386 857 498 901 num
533 841 622 890 Ph.
644 843 710 898 iv,
732 846 778 891 3.
799 847 866 892 39
905 841 1030 900 Dos,
1063 843 1330 908 Pamphile,
1364 851 1438 892 est

385 909 548 954 decem
572 907 751 954 talenta
793 908 856 957 A.
879 923 926 968 v,
947 912 996 956 4.
1013 911 1078 958 48
1125 905 1196 956 At
1227 909 1266 956 si
1285 907 1436 956 talen·

389 979 486 1030 tum
502 987 595 1018 rem
617 971 880 1034 reliquisset
899 973 1063 1022 decem
1115 973 1205 1020 Ph.
1229 971 1285 1032 ii,
1303 977 1352 1022 3.
1373 976 1440 1022 46

387 1035 538 1092 Quasi
560 1035 736 1084 talenta
757 1037 818 1084 ad
841 1037 1113 1100 quindecim
1135 1034 1275 1100 eoe‘gi
1315 1037 1438 1085 Hea.

385 1100 420 1158 i,
447 1105 495 1149 l.
516 1103 580 1149 93
617 1101 759 1148 Porro
781 1101 882 1148 haec
905 1101 1080 1150 talenta
1111 1101 1235 1150 dotis
1267 1117 1438 1166 appos-

387 1171 505 1214 cunt
536 1165 632 1216 duo
688 1163 896 1220 Hea.,iv.
921 1171 967 1216 7.
994 1171 1054 1214 10
1111 1165 1224 1214 Duo
1263 1165 1444 1214 talenta

391 1243 476 1292 pro
500 1244 546 1276 re
570 1236 729 1276 nostra
749 1245 838 1292 ego
859 1245 958 1280 esse
980 1229 1164 1279 decrevi
1187 1231 1297 1278 satis
1318 1230 1439 1278 Hea.

387 1309 438 1350 v,
463 1296 507 1342 1.
529 1297 592 1343 67
644 1293 716 1342 Ex
747 1293 820 1342 his
843 1293 1027 1357 praediis
1065 1295 1241 1357 talenta
1263 1295 1442 1362 argenti

389 1353 502 1404 bina
523 1359 678 1404 statim
696 1359 926 1422 capiebat.
959 1359 1060 1408 Do.
1078 1359 1287 1408 Binan'?
1310 1365 1454 1423 quei

391 1437 444 1471 so
465 1422 475 1467 !
511 1421 639 1469 Nau.
674 1422 751 1471 Ac
775 1425 909 1472 rebus
926 1422 1162 1472 vilioribus
1182 1423 1346 1482 multo,
1373 1432 1442 1473 ta-

391 1500 499 1533 men
523 1485 698 1536 talenta
722 1488 832 1535 bina
862 1487 956 1536 Ph.
979 1505 1025 1545 v,
1049 1493 1096 1536 3.
1122 1494 1171 1538 6.
1195 1492 1228 1539 8

455 1550 600 1606 Talis,
621 1567 666 1599 e.
727 1551 932 1600 Tantum
964 1553 1168 1600 laborem
1189 1567 1358 1615 capere
1380 1553 1442 1600 ob

393 1613 534 1662 talem
557 1615 737 1663 filium?
786 1616 847 1663 A.
870 1633 916 1672 v,
939 1621 987 1666 2.
1009 1622 1074 1668 29
1129 1617 1274 1664 Istam
1315 1633 1442 1664 nunc

393 1678 547 1753 times,
564 1743 575 1754 ·
591 1695 696 1755 quae
717 1680 914 1756 advecta
935 1689 1022 1736 est,
1061 1697 1122 1729 ne
1150 1681 1280 1728 illurn
1303 1681 1444 1728 talem

391 1743 872 1870 {3²²{L‘fzssss,‘.¹2²1.{¹'{3;
893 1745 1444 1873 '231322‘5233'32‘33

395 1871 518 1920 Hea.
543 1888 590 1929 v,
613 1877 659 1921 3.
683 1875 747 1922 20
802 1874 946 1931 Quod
985 1874 1043 1921 ad
1089 1873 1220 1922 illum
1255 1874 1446 1936 attinet,

394 1936 555 1996 talem,
591 1937 674 1984 tali
707 1953 875 1999 genere
908 1946 1048 2004 atque
1070 1941 1246 1998 animo,
1281 1945 1442 1986 natum

395 2016 454 2049 ex
481 2007 610 2048 tanta.
639 2002 818 2050 familia
871 2003 968 2051 Ad.
1003 2003 1072 2059 iii,
1107 2009 1154 2052 1.
1190 2008 1252 2052 10
1305 2003 1446 2052 Hanc
1480 2005 1483 2008 ’

394 2072 586 2112 matrem
607 2067 782 2114 habens
799 2067 969 2116 talem!
1007 2067 1100 2116 He.
1124 2067 1188 2122 iv,
1209 2071 1258 2118 2.
1278 2072 1344 2117 26
1381 2067 1456 2116 Ut

397 2129 459 2177 de
481 2129 565 2176 tali
584 2145 732 2179 causa
747 2140 910 2195 nuptae
946 2131 1126 2180 mulieri
1148 2148 1198 2180 se
1227 2134 1446 2180 ostende·

397 2201 468 2242 ret
516 2194 611 2244 He.
636 2211 681 2253 ν,
701 2201 749 2244 1.
770 2201 834 2246 30
898 2197 998 2253 Qui
1017 2206 1210 2260 gnatum
1230 2197 1448 2245 haberem

397 2257 479 2306 tali
503 2257 694 2324 ingenio
717 2261 962 2322 praeditum
995 2262 1057 2309 A.
1076 2261 1112 2322 i,
1135 2266 1181 2310 1.
1203 2265 1262 2309 71
1321 2261 1448 2308 Faxo

396 2323 480 2369 tali
501 2339 608 2370 eum
631 2333 902 2386 mactatum,
921 2333 1062 2390 atque
1093 2325 1170 2375 hic
1192 2333 1279 2382 est,
1303 2325 1446 2374 infor-

397 2387 530 2434 tunio
564 2388 657 2436 Ph.
675 2405 723 2444 v,
745 2394 792 2438 8.
815 2393 880 2438 39

371 2501 379 2509 ,
460 2451 595 2501 Tam.
662 2448 757 2505 Hic
777 2454 916 2517 hujus
936 2461 1130 2504 mortem
1152 2461 1244 2503 tam
1268 2452 1358 2502 fert
1377 2454 1448 2503 fa-

397 2516 634 2565 miliariter
684 2517 748 2566 A.
787 2519 822 2580 i,
863 2524 908 2566 1.
943 2524 1006 2567 84
1056 2519 1167 2566 Ah!
1209 2525 1448 2567 tantamne

397 2597 494 2628 rem
512 2590 604 2629 tam
629 2582 917 2645 negligenter
946 2584 1116 2645 agere?
1162 2581 1284 2630 Tum
1307 2582 1450 2644 patris

397 2646 570 2709 pudor,
586 2646 666 2707 qui
689 2662 763 2693 me
784 2653 880 2691 tam
903 2644 995 2692 leni
1021 2661 1180 2707 passus
1201 2653 1273 2692 est
1295 2645 1451 2691 animo

400 2724 551 2771 usque
573 2709 727 2755 adhuc
781 2708 845 2755 A.
867 2708 906 2764 i,
927 2714 976 2757 5.
1000 2713 1077 2757 18.
1098 2714 1161 2757 27
1216 2708 1334 2764 Hui,
1356 2716 1450 2755 tam

401 2772 534 2821 cito?
559 2771 804 2819 ridiculum
837 2772 904 2820 A..
924 2772 994 2827 iii,
1022 2777 1066 2821 1.
1092 2776 1154 2820 16
1187 2772 1326 2819 Itane
1347 2778 1451 2819 tan-

403 2836 511 2885 dem
535 2836 732 2884 idoneus
755 2836 841 2885 tibi
864 2836 1026 2883 videor
1044 2852 1164 2892 esse,
1195 2851 1335 2900 quern
1357 2843 1453 2883 tarn

391 2909 563 2964 *aperte
584 2900 741 2947 fallere
779 2900 976 2964 incipias
1013 2900 1170 2949 dolis?
1225 2899 1290 2949 A.
1311 2900 1382 2955 iii,
1403 2905 1452 2950 2.

409 2970 468 3014 13
524 2964 921 3028 Quandoquidem
943 2972 1037 3011 tam
1059 2966 1198 3021 iners,
1221 2971 1314 3011 tam
1337 2964 1453 3011 nulli

405 3028 594 3087 consilii
630 3045 732 3076 sum
792 3028 856 3076 A.
877 3030 946 3084 iii,
969 3035 1014 3078 5.
1037 3034 1068 3079 2
1133 3028 1322 3077 Nomen
1361 3037 1456 3075 tam

405 3093 500 3142 cito
525 3094 644 3141 tibi?
681 3092 878 3141 Phania.
923 3093 1001 3140 Ita
1033 3094 1214 3141 animus
1249 3109 1457 3141 coturno-

342 3154 356 3167 ”
409 3166 482 3205 tus
503 3164 574 3207 est
592 3158 800 3207 mirando
821 3160 910 3205 hoc
931 3166 1078 3211 tanto,
1103 3166 1196 3205 tam
1213 3157 1458 3221 repentino

406 3222 534 3271 bono
588 3222 649 3273 A.
671 3238 718 3279 v,
741 3227 790 3271 Δ.
811 3228 892 3271 25.
914 3227 974 3271 35
1037 3222 1222 3273 Utinam
1255 3229 1352 3269 tam
1373 3222 1458 3269 ali-

409 3288 523 3350 quid
564 3287 774 3336 invenire
820 3286 958 3337 facile
1013 3288 1180 3351 possis,
1224 3286 1460 3343 Phaedria,

409 3367 550 3415 quam
572 3352 662 3399 hoc
686 3352 880 3415 peribit!
937 3350 1014 3401 Ne
1035 3353 1154 3400 istuc
1177 3359 1272 3400 tam
1296 3351 1458 3415 iniquo

411 3416 591 3479 patiare
612 3416 768 3463 animo
800 3415 892 3465 Eu.
914 3416 966 3471 ii,
991 3420 1038 3465 1.
1061 3420 1109 3465 4.
1130 3421 1163 3465 6
1212 3414 1310 3463 Ubi
1332 3416 1464 3463 videt

410 3496 486 3527 me
507 3496 608 3529 esse
627 3482 676 3529 in
711 3488 842 3529 tanto
876 3482 1074 3537 honore,
1113 3487 1162 3527 et
1191 3488 1286 3527 tam
1323 3479 1462 3528 facile

411 3545 586 3593 victum
607 3560 813 3609 quaerere
866 3544 958 3593 Eu.
979 3546 1032 3600 ii,
1057 3550 1106 3595 2.
1131 3549 1193 3594 30
1236 3543 1356 3600 Quis
1391 3551 1465 3591 est

411 3616 507 3656 tam
531 3618 698 3673 potens
721 3626 827 3658 cum
849 3617 980 3657 tanto
1001 3624 1192 3659 munere
1213 3609 1335 3657 hoc?
1369 3608 1462 3657 Eu.

414 3671 468 3732 ii,
491 3678 536 3721 3.
554 3680 610 3724 61
659 3674 773 3723 Non
810 3682 906 3722 tam
943 3674 1047 3737 ipso
1089 3673 1280 3736 quidem
1318 3673 1464 3729 dono,

417 3751 557 3799 quam
574 3738 656 3784 abs
677 3747 724 3787 te
745 3739 908 3787 datum
930 3754 1031 3787 esse
1053 3738 1146 3786 Eu.
1168 3738 1239 3801 iii,
1261 3742 1307 3787 1.
1331 3742 1363 3787 2
1385 3737 1466 3787 Au

417 3817 507 3865 ego
529 3802 819 3851 occasionem
836 3803 948 3850 mihi
961 3811 1257 3859 ostentatam,
1269 3810 1468 3866 tantam,

417 3874 512 3933 tam
536 3866 737 3921 brevem,
759 3875 853 3915 tam
875 3874 1103 3929 optatam,
1135 3875 1228 3915 tam
1261 3867 1466 3930 inspera-

419 3938 534 3989 tam,
557 3931 846 3979 amitterem?
881 3930 971 3979 Eu.
995 3932 1062 3988 iii,
1085 3938 1132 3981 5.
1157 3936 1219 3981 57
1253 3930 1468 3981 Hoccine

416 4002 513 4043 tam
537 3996 690 4043 audax
720 3995 904 4043 facinus
940 3995 1092 4044 facere
1125 4012 1227 4043 esse
1266 3996 1467 4044 ausum?

421 4060 523 4109 Abi
544 4060 656 4107 hinc
693 4075 790 4122 quo
832 4061 1019 4122 dignus.
1057 4076 1162 4108 curn
1201 4060 1338 4107 donis
1381 4061 1472 4107 tuis

421 4122 514 4171 tam
537 4124 726 4189 lepidis.
779 4124 934 4171 Perii!
972 4126 1183 4186 obsecro,
1199 4132 1293 4171 tam
1315 4124 1470 4172 infan-

423 4188 536 4235 dum
571 4190 774 4251 facinus,
806 4204 912 4236 mea
946 4193 1016 4249 tu,
1051 4205 1112 4237 ne
1147 4188 1308 4237 audivi
1367 4189 1471 4253 qui-

424 4250 534 4299 dem
587 4252 676 4303 Eu.
699 4252 764 4311 iv,
787 4258 835 4303 3.
853 4256 902 4302 2.
932 4258 1011 4303 10.
1043 4256 1110 4303 22
1171 4246 1484 4303 Parmenonis

427 4323 522 4365 tarn
552 4318 649 4365 scio
681 4334 781 4367 esse
802 4318 924 4367 hanc
947 4318 1182 4377 technam,
1220 4334 1360 4383 quam
1400 4335 1473 4366 me

563 4398 792 4463 Delph.et
820 4399 936 4452 Var.
961 4401 1091 4451 Clas.

1351 4399 1460 4451 Iud.
1488 4400 1679 4451 Terent.

2314 409 2557 488 cccxlv

1438 606 1444 610 ·
1504 585 1661 645 virere
1707 583 1799 634 Eu.
1820 583 1885 642 iv,
1908 586 1957 632 4.
1978 587 2040 634 51
2098 583 2343 634 Hunccine
2378 602 2469 650 ego
2506 596 2573 637 ut.

1503 649 1837 701 contumeliam
1878 657 1971 700 tam
2011 647 2241 711 insignem
2264 649 2315 698 in
2334 665 2409 698 me
2430 654 2557 702 aeci.

1506 715 1653 780 piam,
1698 713 1922 764 Gnatho?
1974 711 2066 760 Eu.
2088 713 2155 769 iv,
2174 717 2225 762 7.
2249 717 2280 762 14
2349 715 2443 764 Cui
2465 725 2561 768 tam

1305 795 1435 842 mag-
1507 779 1663 828 subito
1722 786 1795 829 tot
1840 775 2123 839 contigerint
2152 779 2415 828 commoda.
2483 781 2563 830 An

1507 843 1759 893 Fortunam
1770 842 2058 898 collaudem.
2076 857 2183 904 qure
2200 850 2271 890 tot
2282 857 2373 900 res,
2390 853 2563 902 unm,

1509 916 1607 956 tam
1628 915 1891 970 opportune
1912 907 1961 954 in
1984 922 2131 954 unum
2152 907 2383 956 conclusit
2402 908 2565 960 diem?

1509 973 1625 1020 Non
1662 987 1897 1035 cognosco
1931 979 2134 1020 vestrum
2175 978 2273 1020 tam
2308 973 2563 1036 superbum

1509 1037 1603 1086 Eu.
1627 1053 1673 1093 v,
1695 1042 1741 1087 9.
1766 1042 1815 1086 3.
1840 1040 1919 1087 17.
1940 1041 2005 1086 36
2036 1035 2294 1098 Nunquam
2314 1044 2411 1086 tam
2426 1053 2565 1086 mane

1511 1101 1739 1166 egredior,
1763 1116 1917 1166 neque
1938 1108 2033 1148 tam
2071 1101 2250 1163 vesperi
2272 1101 2466 1150 domum
2492 1118 2564 1152 re-

1513 1174 1682 1224 vertor,
1702 1167 1837 1230 quin.
1904 1165 2021 1222 Hui,
2046 1173 2141 1212 tam
2162 1181 2325 1228 graves
2345 1165 2565 1231 (rastros)

1511 1231 1615 1288 hos,
1637 1231 1834 1295 quaeso?
1896 1231 2018 1278 Hea.
2040 1231 2075 1289 i,
2097 1234 2144 1281 1.
2171 1231 2249 1280 15.
2269 1234 2335 1279 40
2382 1230 2455 1278 At
2472 1231 2567 1280 hoc

1511 1295 1730 1353 demiror,
1787 1294 1835 1342 ui
1858 1302 1953 1343 tam
1989 1294 2129 1342 facile
2148 1295 2355 1357 potueris
2376 1310 2567 1357 percurb-

1512 1360 1623 1408 dere
1642 1359 1713 1408 illi
1810 1374 1883 1406 ea.
1903 1359 1955 1415 ii,
1978 1364 2025 1408 3.
2050 1363 2140 1409 121
2195 1359 2359 1408 Celern
2378 1367 2473 1406 tam
2494 1360 2569 1408 iu·

1512 1432 1745 1486 speratum
1784 1423 2005 1486 gaudium
2025 1424 2043 1469 ?
2091 1423 2143 1471 Si
2175 1430 2221 1471 te
2256 1432 2352 1470 tam
2384 1424 2483 1472 leni
2518 1432 2569 1474 et

1514 1489 1642 1538 victo
1662 1489 1817 1536 animo
1838 1503 1941 1536 esse
1975 1488 2231 1536 ostenderis
2277 1487 2401 1540 Heu.
2422 1489 2496 1550 iii,
2521 1493 2567 1538 1.

1514 1560 1563 1602 ⁵.
1585 1558 1651 1602 29
1695 1552 1790 1600 Sed
1810 1560 1857 1600 te
1880 1552 2031 1606 miror,
2056 1551 2273 1609 Chreme,
2295 1560 2389 1600 tam
2412 1568 2570 1609 mane,

1513 1619 1612 1665 heri
1650 1618 1734 1681 qui
1774 1625 1955 1664 tanturn
1994 1616 2163 1666 biberis
2232 1616 2351 1666 Hea.
2374 1617 2441 1673 iii,
2464 1623 2513 1668 2.
2534 1622 2567 1668 8

1516 1681 1646 1740 Quid
1668 1689 1759 1738 est,
1781 1682 1909 1744 quod
1931 1691 2025 1728 tam
2046 1697 2076 1728 a
2096 1681 2231 1730 nobis
2247 1681 2447 1743 graviter
2464 1697 2569 1732 cre·

1513 1753 1720 1809 puerunt
1737 1746 1891 1794 fores?
1926 1745 2050 1793 Hea.
2070 1745 2143 1802 iii,
2166 1750 2212 1795 3.
2235 1751 2299 1794 52
2354 1745 2567 1806 crucior,

1518 1811 1675 1859 bolum
1698 1817 1875 1858 tanturn
1902 1811 2014 1858 mihi
2050 1819 2263 1875 ereptum
2296 1818 2391 1858 tam
2412 1811 2569 1860 subito

1515 1891 1543 1922 e
1563 1875 1793 1924 faucibus.
1841 1874 1976 1922 Nihil
1998 1883 2089 1922 tam
2114 1874 2300 1924 difficile
2320 1882 2415 1938 est,
2454 1875 2571 1940 quin

1516 1940 1641 1990 Hea.
1663 1939 1727 1996 iv,
1747 1943 1797 1988 2.
1818 1945 1867 1988 6.
1890 1943 1922 1988 8
1973 1938 2086 1987 Non
2106 1947 2201 1988 tam
2224 1947 2409 2002 meapte
2428 1954 2571 1988 causa

1517 2005 1665 2061 laetor,
1690 2019 1831 2067 quam
1852 2004 1978 2052 illius
2030 2003 2155 2051 Heu.
2174 2003 2240 2063 iv,
2262 2009 2311 2052 3.
2336 2009 2368 2052 8
2421 2003 2573 2052 Nun»,

1517 2077 1590 2119 est
1612 2076 1706 2116 tam
1745 2069 1897 2116 facilis
1939 2083 2029 2125 res,
2098 2069 2181 2114 uin
2220 2067 2425 2116 difficilis
2464 2069 2571 2124 siet,

1519 2149 1659 2196 quam
1680 2132 1857 2181 invitus
1891 2131 2036 2180 facias
2137 2147 2209 2180 ea.
2229 2133 2294 2188 iv,
2314 2137 2365 2181 6.
2389 2134 2414 2180 1
2467 2131 2571 2195 Ego

1521 2213 1594 2244 me
1637 2204 1847 2245 nontam
1868 2204 2091 2253 astutum,
2131 2211 2285 2260 neque
2306 2197 2371 2244 ita
2394 2196 2573 2260 perspi·

1520 2277 1679 2310 cacem
1702 2277 1819 2315 esse.
1843 2260 1894 2308 id
1914 2268 2043 2310 certo
2064 2259 2176 2308 scio.
2226 2260 2295 2310 Te
2319 2260 2473 2324 miror,
2491 2259 2575 2324 qui

1523 2325 1618 2375 alia
1638 2333 1729 2373 tam
1754 2325 1893 2388 plane
1914 2325 2052 2376 scias.
2092 2324 2451 2388 Quemquamne
2471 2325 2573 2374 ani-

1525 2407 1601 2437 mo
1626 2397 1721 2488 *arn
1756 2389 1994 2437 communi
2014 2405 2133 2446 esse,
2171 2397 2255 2436 aut
2286 2389 2383 2438 leni
2416 2395 2577 2452 putas,

1525 2454 1636 2518 qui.
1692 2453 1815 2503 Hea.
1842 2471 1887 2515 v,
1912 2458 1957 2503 1.
1980 2458 2025 2503 l.
2048 2458 2129 2505 24.
2150 2457 2215 2505 39
2264 2452 2576 2511 Adolescens.

1524 2534 1667 2581 quam
1702 2518 1895 2566 minima
1914 2517 1963 2565 in
1984 2534 2069 2580 spe
2106 2517 2224 2565 situs
2244 2519 2348 2576 erit,
2390 2526 2487 2567 tam
2504 2519 2577 2566 fa-

1524 2583 1697 2630 cillime
1733 2582 1878 2643 patris
1914 2597 2080 2643 pacem
2113 2582 2164 2627 in
2198 2582 2327 2643 leges
2356 2583 2579 2631 conficiet

1525 2660 1633 2692 suas
1684 2644 1807 2691 Hea.
1831 2660 1877 2703 ν,
1896 2648 2028 2693 2.·15
2084 2644 2235 2707 quue
2268 2646 2388 2693 adeo
2421 2647 2601 2706 miror,.

1527 2709 1767 2772 quomodo
1802 2717 1896 2755 tam
1919 2708 2127 2771 ineptum
2150 2709 2399 2773 quicquam
2418 2712 2501 2757 tibi
2527 2712 2579 2757 in

1527 2780 1733 2835 mentem
1748 2772 1907 2819 venire
1928 2772 2136 2835 potuerit
2156 2772 2277 2821 Hea.
2299 2791 2347 2834 v,
2360 2778 2408 2821 3.
2424 2778 2453 2822 3

1528 2851 1711 2900 quaeso,
1732 2852 1793 2883 ne
1810 2843 1905 2883 tam
1922 2836 2115 2885 obfirma
2132 2845 2197 2893 te,
2220 2837 2421 2886 Chreme
2458 2838 2583 2887 Hea.

1487 2952 1497 2971 ι
1529 2918 1575 2959 v,
1593 2908 1643 2949 5.
1660 2906 1693 2950 8
1714 2900 1855 2949 Utsit
1868 2901 2014 2949 satius
2026 2901 2239 2963 perdere,
2251 2916 2389 2965 quam
2408 2909 2491 2950 aut
2504 2902 2601 2953 hie.

1527 2981 1657 3013 nunc
1680 2980 1864 3013 manere
1885 2972 1978 3012 tam
2000 2966 2085 3013 diu
2107 2966 2203 3013 Ad.
2224 2965 2277 3023 ii,
2298 2972 2347 3015 2.
2370 2971 2432 3015 27
2464 2966 2583 3014 Tam

1530 3032 1592 3077 ob
1616 3028 1851 3093 parvolam
1886 3045 1983 3077 rem
2021 3045 2143 3092 pene
2176 3046 2233 3077 ex
2267 3031 2449 3093 patria?
2485 3031 2585 3081 Hic

1531 3092 1819 3157 properatin
1843 3092 2071 3157 Cyprum.
2136 3095 2214 3143 Sa.
2258 3094 2335 3143 Ne
2358 3103 2452 3143 tam
2474 3096 2581 3159 qui-

1533 3160 1643 3206 dem
1710 3157 1808 3205 Ad.
1833 3158 1883 3218 ii,
1901 3161 1949 3205 4.
1972 3163 2051 3207 10.
2078 3162 2138 3207 14
2194 3151 2334 3207 Nam'
2362 3160 2411 3207 id
2450 3160 2585 3215 nobis
2623 3190 2629 3201 ι

1532 3230 1629 3271 tam
1650 3222 1879 3285 flagitium
1896 3230 1985 3279 est,
2022 3238 2165 3287 quam
2186 3224 2268 3270 illa
2320 3224 2417 3273 Ad.
2444 3222 2512 3281 iii,
2535 3228 2587 3273 3.

1533 3292 1599 3337 68
1637 3287 1755 3334 Tam
1776 3302 1985 3335 maxume
2008 3303 2089 3334 vos
2110 3281 2245 3351 aequo
2268 3290 2427 3338 animo
2448 3304 2587 3351 aequa

1534 3368 1728 3401 noscere
1750 3359 1935 3414 oportet
1966 3352 2063 3402 Ad.
2084 3351 2159 3409 iii,
2177 3356 2225 3401 4.
2246 3357 2311 3403 58
2358 3352 2484 3401 Illud
2509 3369 2585 3401 rus

1535 3417 1667 3464 nulla
1690 3415 1786 3463 alia
1806 3430 1947 3463 causa
1968 3424 2060 3463 tam
2086 3417 2205 3465 male
2226 3418 2327 3475 odi,
2362 3418 2451 3465 nisi
2474 3418 2609 3480 quia..

1539 3496 1687 3544 prope
1730 3487 1818 3527 est.
1887 3480 2009 3529 Curn
2052 3480 2189 3530 fervit
2225 3497 2457 3545 maxume,
2492 3490 2589 3531 tam

1540 3545 1795 3611 placidum,
1818 3559 1957 3608 quam
1978 3560 2115 3595 ovem
2133 3547 2281 3593 reddo
2332 3547 2430 3593 Ad.
2453 3546 2519 3603 iv,
2542 3551 2608 3595 1..

1538 3614 1590 3659 7.
1617 3615 1679 3659 18
1710 3609 1794 3657 An
1815 3610 1975 3657 sedere
1997 3610 2205 3673 oportuit
2216 3611 2343 3657 domi
2362 3611 2609 3673 virginem.

1539 3681 1637 3721 tam
1666 3674 1926 3737 grandem?
1979 3673 2187 3723 Nescio:
2222 3674 2311 3721 nisi
2344 3676 2456 3738 quia
2494 3683 2591 3723 tarn

1541 3738 1707 3786 misere
1728 3739 1819 3786 hoc
1852 3739 1997 3799 cupio
2030 3754 2133 3786 esse
2168 3754 2343 3797 verum,
2382 3754 2441 3787 eo
2490 3738 2607 3788 Ad..

1541 3804 1614 3860 iv,
1635 3809 1683 3851 5.
1705 3803 1785 3852 39.
1807 3806 1869 3863 64
1906 3803 2135 3859 Quisnam
2158 3818 2185 3849 a
2206 3819 2281 3851 me
2298 3803 2482 3867 pepulit
2497 3812 2609 3859 tarn.

1541 3866 1742 3931 graviter
1761 3866 1917 3914 fores?
1966 3867 2085 3915 Tam
2121 3876 2361 3916 excoctam
2383 3868 2593 3923 reddam,

1541 3940 1685 4045 {qu
1706 3930 2596 4045 agai,tequiadrzoczrgorgstfmssgaess

1543 4077 1602 4109 ex
1621 4060 1776 4108 animo
1799 4060 1973 4109 factum
1994 4061 2111 4108 velle
2144 4058 2241 4109 Aa.
2265 4077 2310 4123 v,
2329 4066 2377 4109 7.
2399 4066 2459 4110 21
2499 4058 2615 4108 Ubi.

1546 4133 1593 4173 te
1617 4124 1861 4174 oblectasti
1896 4133 1989 4171 tarn
2010 4126 2126 4173 diu?
2171 4125 2428 4189 Nunquam
2465 4126 2599 4173 dices

1546 4196 1643 4239 tam
1664 4190 1927 4246 commode,
1948 4197 2002 4237 ut
2034 4190 2130 4239 He.
2152 4188 2188 4252 i,
2205 4195 2255 4242 2.
2272 4196 2318 4239 9.
2342 4194 2405 4239 33
2433 4244 2439 4249 ,
2460 4188 2598 4239 Unde

1546 4254 1615 4303 ira
1634 4253 1753 4303 inter
1789 4270 1868 4303 eas
1903 4254 2178 4313 intercessit,
2216 4270 2322 4318 quae
2365 4262 2457 4301 tam
2495 4269 2597 4317 per-

1551 4318 1719 4378 mansit
1742 4320 1823 4367 diu
1859 4316 1951 4366 He.
1974 4318 2043 4382 iii,
2067 4324 2111 4368 l.
2134 4323 2196 4369 25
2232 4318 2360 4377 Quid
2384 4327 2431 4381 tu
2456 4319 2599 4382 igitur

2415 4398 2540 4449 2Χ
