3192 4975
614 445 796 492 0811

515 608 526 616 ·
609 589 770 638 venire
783 593 1064 654 tantamne
1115 588 1243 642 flea.
1274 587 1344 651 iv,
1364 594 1413 639 8.
1437 593 1464 639 1
1499 587 1668 640 ,ΝυΙΙι

607 662 684 702 est
717 661 812 702 tam
849 654 1001 703 facilis
1037 669 1130 710 res.
1159 649 1275 718 quin
1308 653 1430 704 Heu.
1468 654 1536 712 iv,
1560 660 1611 704 6.
1633 661 1663 705 1

610 719 740 767 Dum
779 718 910 767 uuna
941 719 1032 766 alia
1073 719 1342 775 delectatio,
1375 727 1424 768 te
1450 719 1665 783 indulge·

609 783 735 832 hut
755 782 880 832 Hes.
901 800 952 844 v,
969 789 1018 832 2.
1041 787 1104 833 34
1153 784 1276 831 Tum
1299 784 1456 840 talem,
1479 784 1570 832 nisi
1595 792 1665 840 tu,

607 847 739 896 nulia
761 843 944 910 barentt
959 848 1104 896 filium
1139 849 1266 896 Hea.
1283 865 1330 902 v.
1345 853 1392 897 3.
1411 853 1476 898 20
1507 849 1548 895 T
1547 849 1617 896 ibi
1640 864 1669 896 a

608 927 686 960 mc
705 911 838 961 nullu
857 919 958 959 orta
993 922 1064 961 cst
1099 912 1271 976 injuria
1317 911 1415 960 Ad.
1443 911 1508 970 ii,
1530 918 1578 961 1.
1602 918 1665 962 35

608 974 754 1024 Nunc
775 977 909 1023 turba
930 977 1060 1026 nulla
1091 985 1162 1024 est
1209 977 1301 1025 He.
1326 977 1427 1026 Ait.
1451 976 1580 1024 Proi.
1602 981 1665 1026 85

607 1040 734 1088 Nam
756 1050 1008 1088 vostrarum
1032 1040 1162 1089 nulia
1183 1049 1270 1096 est,
1294 1042 1408 1105 quin
1433 1041 1526 1090 Hc.
1547 1040 1604 1097 ii,
1620 1045 1667 1091 1.

607 1108 673 1155 43
707 1103 854 1154 Nulla
875 1106 1010 1153 sum!
1045 1106 1140 1154 He.
1166 1107 1232 1161 iv.
1260 1111 1304 1156 1.
1325 1111 1358 1156 6
1391 1105 1519 1156 Huic
1555 1121 1667 1154 vero

609 1170 739 1218 nulla
761 1171 954 1234 (causa)
975 1178 1062 1218 cst.
1103 1170 1254 1219 Nulla
1273 1170 1378 1226 tibi,
1400 1170 1667 1233 Pamphile.

608 1234 688 1282 hic
705 1233 806 1296 jam
829 1235 1110 1284 consultatio
1132 1242 1206 1283 est
1240 1234 1330 1284 He.
1368 1235 1433 1291 iv,
1456 1239 1506 1285 4.
1527 1239 1580 1284 4.
1600 1239 1668 1284 28

607 1298 758 1348 Nulla
777 1309 852 1347 est
871 1300 984 1348 mihi
1005 1301 1102 1347 vita
1123 1301 1392 1362 expetunda
1425 1299 1517 1347 Ph.
1559 1299 1592 1353 i,
1614 1304 1665 1348 4.

607 1367 670 1412 25
723 1362 883 1412 Video
918 1365 1042 1411 exire
1085 1366 1320 1412 neminem
1339 1381 1350 1410 ε
1408 1371 1667 1410 matronam

607 1427 784 1475 nnllam
831 1428 894 1475 A.
935 1429 991 1489 ii,
1010 1433 1060 1478 2.
1079 1433 1142 1478 27
1193 1428 1302 1490 Ibo,
1351 1427 1442 1476 iuis
1491 1427 1668 1492 dicam,

608 1491 788 1539 nullam
809 1507 912 1540 esse
933 1493 984 1540 in
1005 1493 1142 1540 nobis
1164 1508 1335 1540 moram
1386 1491 1485 1540 Ad.
1521 1492 1584 1547 iv,
1618 1496 1666 1541 7.

611 1561 638 1606 1
676 1555 870 1604 Nullam
904 1557 981 1620 pol
1005 1559 1145 1606 credo
1168 1557 1407 1604 mulierem
1429 1571 1504 1604 me
1531 1557 1666 1604 mise-

607 1621 774 1670 riorem
794 1621 944 1670 vivere
978 1621 1072 1670 He.
1095 1624 1160 1677 iv,
1182 1626 1226 1670 1.
1244 1627 1304 1670 51
1343 1620 1452 1668 Ah!
1489 1621 1669 1668 nuliam

609 1687 672 1732 de
695 1687 768 1732 his
787 1688 924 1733 rebus
943 1687 1020 1734 cul
1151 1685 1427 1734 commeruit
1460 1691 1540 1733 tua
1571 1685 1669 1733 He.

609 1749 676 1811 iv,
695 1755 743 1798 4.
763 1754 798 1799 2
829 1749 928 1806 Qui
945 1753 1008 1798 ob
1030 1767 1122 1798 rem
1146 1749 1319 1798 nuliam
1339 1749 1463 1796 misit
1496 1749 1588 1798 He.
1620 1765 1669 1805 v,

610 1817 713 1863 3.2
759 1813 951 1862 Nullam
985 1815 1096 1863 mihi
1132 1815 1310 1875 malim,
1345 1829 1484 1876 quam
1520 1813 1670 1862 istanc

611 1893 798 1926 uxorem
819 1879 922 1926 dari
954 1879 1041 1926 Ph.
1063 1880 1129 1933 iv,
1151 1883 1198 1926 3.
1219 1884 1282 1927 53
1317 1878 1526 1927 Nullane
1549 1879 1596 1925 in
1620 1895 1670 1926 re

611 1957 714 1990 esse
737 1942 917 1990 honiini
931 1943 1151 2006 cuiquam
1171 1943 1312 1991 fidem
1333 1943 1344 1990 Ξ
1371 1943 1437 1993 A.
1470 1942 1522 2005 ii,
1537 1949 1586 1990 5.
1607 1947 1670 1992 14

612 2007 761 2055 Nulla
781 2008 902 2055 adeo
925 2024 981 2055 ex
1002 2024 1052 2056 re
1071 2008 1194 2055 istuc
1217 2008 1288 2062 fit.
1320 2007 1408 2054 nisi
1441 2023 1499 2054 ex
1523 2006 1671 2056 nimio

613 2072 713 2120 otio
745 2071 870 2120 Hea.
893 2073 928 2126 i.
947 2079 968 2121 l
980 2107 994 2120 .
1011 2077 1075 2122 57
1111 2071 1256 2120 Nulla
1271 2071 1396 2120 maia
1413 2088 1462 2121 rc
1473 2087 1574 2120 esse
1589 2089 1670 2120 ex-

611 2137 805 2200 politam
844 2137 1057 2186 muJiebri
1113 2137 1236 2185 Hea.
1277 2138 1332 2196 ii,
1349 2141 1397 2186 8.
1421 2140 1485 2186 48
1543 2136 1671 2184 lund

610 2201 838 2250 rmnuila
857 2203 950 2249 alia
970 2218 1112 2250 causa
1151 2208 1246 2249 tam
1286 2202 1408 2249 maie
1447 2201 1548 2256 odi,
1580 2202 1671 2248 nisi

611 2265 726 2328 quia
745 2281 896 2329 prope
916 2274 989 2314 est
1020 2267 1118 2314 Ad.
1148 2266 1213 2322 iv,
1236 2272 1280 2316 1.
1301 2271 1330 2315 7
1366 2265 1564 2314 Nullum
1597 2273 1673 2314 est

605 2329 707 2392 jam
746 2331 947 2388 dictum,
988 2331 1119 2394 quod
1161 2345 1258 2378 non
1309 2330 1401 2378 Eu.
1440 2329 1570 2380 Proi.
1604 2333 1667 2382 41

612 2395 834 2444 Ceterum
867 2395 928 2442 de
961 2394 1230 2442 exclusione
1263 2395 1454 2442 verbum
1487 2394 1671 2442 nullum

612 2457 706 2507 Eu.
739 2457 779 2520 i,
793 2463 844 2508 2.
864 2462 895 2509 8
945 2457 993 2505 Ν
999 2458 1142 2507 unum
1167 2458 1306 2523 hujus
1328 2457 1476 2507 simile
1495 2458 1671 2507 factum

612 2522 710 2571 Ad.
751 2523 788 2578 i,
807 2526 856 2571 2.
881 2527 943 2572 16
994 2523 1112 2571 Tam
1132 2524 1276 2580 iners,
1299 2531 1394 2571 tam
1417 2523 1536 2571 nulii
1555 2538 1671 2570 con-

613 2586 708 2635 silii
729 2603 832 2635 sum
885 2585 949 2637 A.
975 2588 1044 2645 iii,
1066 2594 1116 2637 5.
1136 2593 1168 2638 2
1222 2588 1447 2651 Denique
1489 2587 1672 2635 nulium

614 2652 809 2701 remittis
831 2660 1015 2715 tempus
1053 2653 1178 2701 Hea-
1219 2654 1256 2708 i.
1281 2657 1329 2702 1.
1353 2657 1417 2701 18
1473 2651 1520 2698 N
1527 2650 1673 2698 uiion’

613 2732 704 2780 ego
724 2717 985 2766 Chremetis
1007 2726 1148 2781 pacto
1169 2718 1442 2765 affinitatem
1465 2715 1674 2779 effugere

613 2783 812 2843 potero?
844 2781 910 2830 A.
932 2782 968 2838 i,
993 2789 1043 2832 5.
1070 2786 1129 2830 12
1172 2782 1222 2829 Si
1244 2781 1373 2828 nullo
1396 2780 1490 2827 alio
1515 2788 1675 2842 pacto,

613 2846 790 2895 foenorc
823 2846 914 2895 Ph.
951 2846 1008 2907 ii,
1029 2852 1072 2895 1.
1095 2850 1154 2896 71
1203 2846 1308 2907 Ego
1329 2845 1460 2893 nullo
1482 2860 1673 2908 possum

613 2912 820 2960 remedio
843 2926 918 2959 me
937 2911 1154 2959 evolvere
1175 2924 1232 2957 ex
1261 2909 1336 2957 his
1359 2909 1522 2965 turbis,
1555 2910 1673 2973 quin

613 2975 706 3025 Ph.
729 2994 776 3036 v,
798 2981 846 3025 4.
865 2982 893 3024 5

673 3040 828 3090 Num.
894 3038 1022 3087 Num
1047 3038 1266 3088 videntur
1287 3036 1536 3087 convenire.
1572 3038 1681 3087 baec'

615 3106 794 3167 nuptiis
816 3105 833 3151 ?
867 3104 929 3151 A.
951 3104 1005 3160 ii,
1027 3106 1076 3152 2.
1101 3107 1168 3153 29
1221 3102 1351 3151 Num
1371 3102 1444 3151 ini
1463 3102 1675 3151 molestae

613 3170 858 3233 quidpiam
899 3170 971 3216 hae
1005 3174 1115 3215 sunt
1145 3168 1366 3231 nuptiae?
1421 3166 1552 3215 Num
1575 3167 1674 3215 filio

613 3234 803 3281 videtur
846 3247 1033 3280 uxorem
1078 3232 1231 3279 dare?
1284 3231 1348 3279 A.
1388 3230 1445 3290 ii,
1464 3236 1514 3280 6.
1536 3236 1584 3279 7.
1608 3236 1670 3282 21

617 3296 747 3345 Num
767 3298 1060 3343 immemores
1079 3296 1334 3359 discipuli?
1369 3294 1435 3345 A.
1459 3296 1528 3359 iii,
1547 3301 1592 3345 1.
1616 3300 1675 3345 19

617 3360 747 3409 Num
767 3360 972 3407 veritus?
994 3360 1108 3423 quid
1135 3360 1323 3408 retulit?
1357 3360 1423 3410 A.
1445 3360 1516 3415 iii,
1537 3364 1586 3409 2.
1612 3365 1675 3410 lo

615 3424 748 3472 Num
767 3440 930 3472 censes
949 3424 1124 3472 faceret
1145 3425 1163 3471 ?
1199 3424 1261 3475 A.
1281 3425 1352 3481 iii,
1375 3430 1423 3475 8.
1443 3429 1510 3475 46
1541 3424 1673 3474 Num

615 3489 812 3553 cogitat,
848 3489 961 3552 quid
1005 3488 1168 3537 dicat?
1207 3502 1320 3537 num
1349 3490 1462 3537 facti
1501 3489 1633 3551 piget
1656 3490 1673 3536 ?

615 3554 746 3601 Num
767 3552 871 3617 ejus
891 3554 1020 3602 color
1041 3554 1232 3617 pudoris
1261 3555 1444 3617 signum
1477 3568 1673 3617 usquam

614 3620 832 3668 indicat?
869 3618 932 3667 A.
955 3634 1002 3679 v,
1020 3623 1070 3668 8.
1093 3624 1141 3667 6.
1162 3623 1193 3667 7
1228 3618 1356 3665 Num
1375 3618 1456 3666 ine
1471 3618 1679 3667 somniat

615 3683 1517 3805 31„223.'a³;l‚2”31?3¹²¹ss32.‘³223:23⁷
1542 3680 1675 3793 {3ss

616 3830 756 3877 quem
779 3814 960 3861 evocari
985 3813 1094 3861 hinc
1112 3811 1186 3875 ‚vis
1207 3812 1330 3860 foras
1354 3812 1372 3858 ἓ
1423 3811 1512 3859 Ειι.
1545 3812 1605 3872 ii,
1626 3816 1677 3860 2.

616 3882 682 3927 52
716 3878 844 3925 Num
866 3878 972 3941 quis
993 3876 1070 3927 hic
1088 3877 1194 3925 est?
1215 3892 1329 3924 num
1351 3876 1456 3940 quis
1473 3876 1583 3925 hinc
1602 3892 1676 3923 mc

617 3942 870 4007 sequitur?
914 3942 1043 3989 Num
1076 3956 1219 4004 parva
1251 3956 1392 3990 causa
1422 3940 1532 3987 est?
1583 3940 1677 3990 Eu.

616 4007 690 4067 iii,
713 4013 760 4057 5.
788 4012 832 4055 1.
855 4011 920 4055 27
969 4006 1090 4055 Vise
1127 4006 1311 4061 amabo,
1343 4020 1454 4051 num
1482 4004 1544 4051 sit
1583 4004 1677 4053 Eu.

617 4073 681 4129 iv,
705 4078 754 4123 3.
775 4076 836 4120 21
873 4070 1002 4119 Num
1026 4070 1351 4119 formidolosus
1373 4070 1565 4117 obsecro
1587 4086 1669 4130 es;

617 4137 682 4183 mi
720 4137 860 4183 homo
881 4137 899 4183 ἓ
957 4135 1049 4185 Ειι.
1085 4136 1150 4193 iv,
1167 4139 1217 4185 6.
1240 4138 1302 4197 18
1351 4132 1480 4181 Num
1523 4148 1675 4181 meam

621 4200 848 4247 saevitiam
885 4201 1060 4249 veritus
1085 4201 1103 4248 ἓ
1158 4198 1265 4247 Eu.'
1291 4215 1336 4256 v,
1359 4203 1409 4249 2.
1437 4202 1493 4248 15
1546 4197 1677 4246 Num

622 4278 696 4309 me
719 4263 902 4319 fefellit,
925 4266 1066 4313 hosce
1083 4265 1133 4312 id
1149 4271 1323 4313 struere
1344 4265 1362 4311 ἓ
1396 4263 1520 4313 Hea.
1539 4262 1612 4320 iii,
1629 4267 1679 4313 2.

621 4331 654 4376 3
689 4326 820 4376 Num
837 4329 1113 4391 cgoinsto?
1145 4328 1267 4381 Hm.
1287 4329 1354 4393 iv,
1371 4332 1422 4379 4.
1446 4332 1508 4379 16
1546 4328 1685 4381 Num

1585 437 1829 494 ΙΝΒΒΧ

1738 591 1903 640 datum
1938 587 2053 638 mibi
2090 591 2197 642 est?
2231 605 2343 640 num
2376 589 2537 654 jussi?
2568 607 2682 644 num
2718 595 2801 648 iiia

1740 657 2047 719 oppignerare
2079 656 2221 703 filiam
2256 673 2405 704 meam
2441 659 2630 720 potuit?
2678 660 2799 712 Heu.

1740 720 1806 776 iv,
1830 726 1878 769 5.
1898 725 1979 771 45.
2002 725 2066 772 46
2100 719 2230 768 Num
2251 719 2337 768 tibi
2352 721 2537 770 videtur
2550 739 2651 772 esse
2668 729 2800 789 apud

1740 786 1879 834 sese?
1918 785 2015 832 He.
2049 786 2113 841 iv,
2136 790 2185 835 4.
2208 789 2271 836 85
2307 783 2435 833 Num
2456 803 2547 850 ego
2571 787 2693 836 istuc
2716 807 2799 840 ne-

1742 850 1844 912 go?
1899 850 1991 897 Ph.
2022 849 2094 909 iii,
2114 852 2165 898 2.
2188 853 2253 898 39
2306 849 2435 898 Num
2470 859 2519 898 tu
2556 853 2803 918 intelligis,

1741 914 1819 962 hic
1840 915 1957 978 quid
1990 915 2178 962 narret?
2230 913 2321 962 Ph.
2359 914 2488 962 Num
2526 917 2617 963 tu?
2670 917 2801 968 Num

1742 978 2034 1091 'Quat‘
2051 993 2227 1092 ”⁰133
2244 986 2318 1090 ἳίἔ
2336 978 2701 1094 ἷ..ἷ1ἷὲ·,ζι;.ἳ;,ῗῑ
2716 989 2799 1096 ⁸..

2021 1077 2033 1092 .
2231 1079 2247 1104 ,
2698 1065 2751 1095 or

1741 1117 2003 1170 argentum,
2025 1107 2275 1156 intervenit
2306 1106 2403 1156 Ad.
2424 1107 2493 1164 iii,
2513 1113 2565 1158 3.
2582 1115 2645 1158 52

1806 1171 2061 1219 Numerus.
2110 1172 2377 1220 Conveniet
2394 1187 2631 1230 numerus,
2650 1190 2803 1238 qnan-

1742 1243 1841 1284 tum
1863 1236 2006 1284 debui
2040 1235 2130 1284 Ph.
2152 1236 2187 1296 i,
2206 1241 2255 1285 2.
2276 1240 2307 1284 3
2357 1235 2462 1284 Nisi
2486 1237 2523 1284 si
2546 1253 2619 1286 mc
2640 1238 2693 1285 in
2713 1239 2801 1287 ino

1742 1300 1980 1348 credidisti
1995 1315 2096 1348 esse
2110 1299 2349 1348 hominum
2366 1316 2577 1359 numero,
2594 1301 2677 1366 qui
2698 1303 2799 1353 Ad.

1740 1364 1809 1422 iv,
1830 1369 1877 1413 8.
1895 1369 1925 1414 3

1808 1428 2055 1477 Nummus.
2089 1427 2231 1476 Mille
2246 1442 2485 1474 nummum
2499 1428 2656 1491 poscit
2677 1430 2803 1480 Hea.

1741 1493 1817 1554 iii,
1836 1498 1885 1544 3.
1910 1497 1972 1542 45
2008 1493 2121 1540 Erat
2140 1493 2185 1540 ei
2206 1493 2267 1539 de
2289 1490 2551 1540 ratiuncula
2565 1492 2667 1555 jam
2740 1495 2801 1542 ri-

1743 1559 1851 1606 dem
1908 1559 2035 1620 apud
2088 1573 2163 1604 me
2188 1556 2445 1632 ‘reliquom
2490 1559 2701 1620 pauxillu
2723 1576 2801 1606 um

1744 1622 2290 1734 nuNgiiiiiuaYnmilziuli
2306 1627 2527 1732 riumnam
2549 1686 2767 1748 periimus
2782 1688 2801 1734 ἓ

1744 1749 1811 1798 A.
1831 1751 1903 1806 iii,
1925 1755 1973 1800 4.
1999 1754 2061 1800 12
2094 1748 2231 1797 Eho!
2274 1765 2495 1796 numnam
2518 1751 2593 1798 hic
2617 1751 2803 1800 remotus
2842 1771 2855 1784 .

1744 1823 1919 1892 custos,
1942 1831 2003 1863 ne
2022 1815 2039 1862 ?
2075 1814 2167 1864 Eu.
2181 1813 2243 1870 ji,
2264 1819 2312 1862 2.
2334 1819 2396 1862 55
2452 1811 2689 1862 Numnam
2713 1833 2803 1880 ego

1744 1877 2803 2008 23335'135423132izf¹¹i12¹13¹3¹¹²211¹m3533

1744 2009 1844 2062 ina.
1864 2023 2043 2072 quaeso.
2066 2007 2298 2070 parturit?
2332 2005 2428 2055 Ad.
2450 2007 2522 2063 iii,
2545 2011 2591 2057 4.
2609 2013 2672 2056 42

1811 2071 2075 2136 Numquid.
2108 2070 2485 2134 Numquidnam.
2530 2072 2680 2129 Quid,
2700 2071 2805 2120 Cri·-

1747 2137 1833 2186 to?
1871 2137 2100 2200 numquid
2138 2135 2422 2184 meministi?
2471 2136 2535 2186 A.
2572 2152 2618 2193 v,
2652 2141 2703 2186 4.
2738 2141 2805 2186 40

1747 2200 1995 2265 Numquid
2015 2201 2084 2248 vis
2100 2200 2227 2248 aliud
2249 2202 2267 2247 ?
2301 2200 2393 2250 Eu.
2413 2200 2446 2253 i,
2462 2203 2512 2250 2.
2536 2205 2621 2250 11]
2654 2200 2699 2248 N
2704 2217 2804 2248 um-

1747 2267 1861 2330 quid
1881 2265 2010 2313 aiiud
2032 2266 2267 2328 imperas?
2300 2263 2393 2312 Eu.
2413 2264 2469 2326 ii,
2491 2270 2534 2316 1.
2548 2269 2578 2314 7
2614 2267 2769 2314 Credo
2787 2283 2801 2314 x

1746 2340 1795 2380 at
1816 2329 2043 2392 numquid
2067 2328 2194 2376 aliud
2215 2329 2233 2376 ἓ
2268 2328 2359 2376 Eu.
2380 2328 2431 2386 ii,
2452 2333 2501 2378 2.
2522 2333 2584 2379 41
2642 2329 2807 2394 Rogo,

1746 2395 1976 2457 numquid
1997 2394 2111 2442 velit
2132 2394 2150 2441 ?
2186 2393 2276 2441 Eu.
2297 2394 2349 2449 ii,
2372 2397 2420 2442 3.
2440 2398 2507 2443 49
2558 2392 2805 2457 Numquid

1748 2475 1821 2507 me
1856 2459 1986 2507 aliud
2026 2457 2131 2507 vis?
2180 2457 2271 2509 Eu.
2310 2457 2360 2514 ii,
2382 2462 2429 2509 3.
2451 2461 2533 2509 71.
2567 2459 2657 2507 Ph.
2696 2459 2732 2520 i,
2756 2463 2807 2510 2.

1748 2528 1841 2574 101
1889 2524 2135 2587 Numquid
2158 2524 2321 2579 habes,
2342 2524 2467 2585 quod
2492 2532 2765 2571 contemnas
2784 2525 2804 2571 ἓ

1747 2588 1838 2638 En.
1876 2588 1948 2644 iii,
1969 2594 2017 2637 2.
2040 2593 2105 2638 22
2156 2586 2287 2635 Num
2322 2587 2405 2635 uid
2438 2594 2509 2635 est
2542 2588 2671 2635 aliud
2697 2587 2808 2636 mali

1746 2653 1967 2701 damnive
1987 2653 2213 2716 reliquom
2234 2653 2253 2700 ?
2332 2668 2379 2701 u.
2398 2668 2446 2707 ν,
2466 2656 2517 2702 6.
2537 2657 2601 2701 24
2651 2651 2800 2700 Num·

1747 2718 1879 2782 quid,
1906 2718 2117 2778 Gnatho,
2140 2716 2346 2772 dubitas,
2364 2717 2513 2779 quin?
2561 2716 2651 2764 Eu.
2686 2734 2733 2773 v.
2754 2722 2805 2766 9.

1749 2786 1811 2831 13
1847 2780 2091 2846 Numquid
2114 2782 2201 2837 vis,
2222 2781 2339 2843 quin
2360 2782 2525 2829 abeam
2546 2781 2565 2829 ?
2612 2782 2708 2829 Ad.
2752 2780 2807 2838 ii,

1749 2849 1796 2894 2.
1818 2850 1883 2895 39
1915 2846 2159 2919 Numquid
2182 2844 2284 2893 vis?
2319 2844 2416 2893 Ad.
2441 2846 2507 2902 iii,
2528 2850 2577 2895 3.
2596 2850 2677 2894 78.
2709 2845 2807 2897 He.

1748 2910 1803 2966 ii.
1824 2914 1872 2959 2.
1909 2915 1974 2959 30
2030 2910 2276 2973 Numquid
2320 2909 2682 2973 circumspexti?
2722 2918 2807 2959 aut

1748 2976 1978 3039 numquid
2003 2981 2102 3023 tute
2122 2975 2363 3039 prospexti
2384 2975 2504 3022 tibi?
2538 2973 2635 3023 Ad.
2665 2975 2733 3032 iv,
2754 2981 2805 3025 5.

1751 3044 1812 3087 55
1866 3040 1960 3088 Dic
2004 3039 2135 3094 mihi,
2178 3040 2340 3085 harum
2384 3054 2535 3087 rerum
2578 3040 2806 3103 numquid

1750 3104 1869 3151 dixti
1885 3104 1985 3167 jam
2008 3103 2168 3167 patri?
2202 3100 2297 3150 He.
2321 3120 2369 3157 v,
2389 3107 2439 3152 4.
2460 3108 2525 3153 24
2557 3103 2805 3167 Numquid

1750 3184 1836 3215 nos
1860 3168 1963 3215 vis?
2015 3168 2102 3215 Ph.
2143 3166 2194 3221 ii,
2218 3172 2265 3215 4.
2292 3171 2351 3215 18
2402 3166 2649 3230 Numquid
2686 3169 2809 3232 patri

1749 3232 1968 3279 subolet?
2023 3232 2115 3280 Ph.
2160 3230 2228 3287 iii,
2253 3235 2298 3279 1.
2322 3234 2381 3279 10
2437 3231 2683 3295 Numquid
2729 3233 2807 3281 hic

1750 3296 1956 3345 confecit
1976 3296 1993 3344 ἓ
2048 3296 2138 3345 Ph.
2166 3296 2239 3350 iii,
2262 3300 2311 3345 2.
2332 3300 2398 3345 24
2448 3296 2695 3359 Numquid
2714 3304 2809 3358 est,

1749 3363 1877 3423 qnod
1900 3376 2042 3423 opera
2066 3376 2169 3408 mea
2193 3360 2325 3406 vobis
2348 3376 2466 3422 opus
2487 3360 2575 3409 sit?
2610 3360 2700 3409 Ph.
2739 3362 2809 3419 iii,

1750 3430 1798 3475 3.
1822 3430 1883 3475 31
1936 3424 2293 3489 Numquidnam
2332 3425 2532 3487 amplius
2578 3425 2663 3472 tibi
2701 3432 2808 3472 c'um

1750 3490 1831 3537 illa
1873 3491 2000 3537 fuit?
2056 3490 2111 3537 A.
2154 3490 2207 3546 ii,
2248 3494 2293 3538 l.
2334 3494 2393 3537 25
2450 3488 2807 3549 Numquidnam

1750 3556 1877 3618 quod
1893 3556 2031 3617 nolis,
2044 3554 2173 3602 vides
2190 3554 2207 3601 ?
2224 3553 2376 3609 Eu.ii‚
2390 3556 2437 3600 2.
2452 3556 2512 3600 41
2540 3552 2584 3599 N
2590 3554 2809 3615 nmquid-

1750 3635 1859 3667 nam
1880 3622 1941 3668 de
1962 3625 2105 3682 gnato
2126 3634 2231 3665 meo
2252 3616 2458 3663 audisti?
2512 3616 2633 3664 Hea.
2668 3618 2740 3674 iii,
2765 3623 2811 3667 1.

1749 3688 1814 3733 20
1858 3683 2214 3745 Numquidnam
2248 3680 2420 3728 effert?
2459 3681 2645 3729 occidi!
2690 3682 2806 3730 nihil

1752 3748 1891 3795 video
1924 3746 2022 3795 Ad.
2060 3746 2113 3800 ii,
2136 3752 2184 3795 4.
2209 3750 2234 3793 1
2290 3744 2431 3792 Eho!
2468 3746 2807 3810 numquidnam

1712 3860 1719 3869 ,
1751 3820 1941 3861 accusat
1960 3812 2104 3859 virum
2126 3810 2143 3857 ?
2178 3809 2272 3857 He.
2294 3810 2346 3871 ii,
2369 3813 2417 3859 2.
2436 3814 2499 3859 25

1816 3876 1863 3923 N
1868 3892 1975 3923 unc.
2042 3874 2155 3923 Sine
2176 3890 2306 3922 nunc
2324 3889 2431 3922 meo
2455 3890 2529 3923 mc
2552 3874 2702 3923 vivere
2736 3875 2811 3923 in·

1752 3948 1876 3989 terea
1906 3939 2067 3989 modo.
2136 3938 2206 3987 Ut
2244 3948 2493 3987 consumat
2512 3956 2667 3995 -nunc,
2703 3956 2809 3988 cum

1751 4005 1869 4053 nihil
1891 4005 2050 4053 obsint
2070 4003 2188 4051 doli.
2256 4004 2431 4053 Eamus
2454 4002 2556 4066 jam
2589 4020 2715 4053 nunc
2737 4004 2813 4053 in-

1754 4076 1825 4119 tro
1859 4068 1925 4119 A.
1948 4070 1985 4126 i,
2010 4075 2057 4118 1.
2085 4073 2197 4118 126.
2223 4072 2337 4119 133.
2364 4072 2456 4144 144
2487 4068 2579 4115 Sed
2604 4084 2729 4143 nunc
2752 4085 2811 4117 ea

1755 4139 2513 4261 ssissssqii‘ffffdiiissssrissam'sffl
2534 4129 2671 4245 ²31⁰.ss
2678 4137 2814 4248 ²333

1753 4263 1801 4311 in
1827 4264 1983 4313 animo
2006 4262 2250 4327 Chrysidis
2272 4263 2330 4309 de
2354 4259 2579 4324 Glycerio
2614 4259 2677 4309 A.
2702 4262 2736 4319 i,
2762 4269 2812 4314 5.

1752 4333 1817 4382 4⁷
1855 4329 1954 4379 Ubi
1974 4344 2178 4395 quaram
2198 4328 2219 4375 ἓ
2240 4334 2323 4375 aut
2342 4340 2437 4390 quo
2460 4342 2586 4391 nuuc
2609 4326 2809 4391 primum
