3192 4975
1123 446 1196 493 ΙΝ

435 598 557 651 Heu.
581 598 636 659 ii,
660 602 704 648 1.
727 604 776 648 5.
800 602 862 647 10
897 595 988 645 Na
1009 611 1100 659 ego
1123 603 1188 653 te,
1209 596 1248 644 si
1269 612 1380 644 usus
1403 612 1483 645 ve-

436 664 554 726 niat,
575 663 818 727 magnifice
837 669 1032 709 tractare
1055 662 1224 723 possim
1268 662 1389 709 Hea.
1411 662 1484 718 iii,

433 735 482 779 2.
506 736 568 779 45
613 728 658 775 N
664 744 704 775 ω
723 728 812 775 ista
831 726 986 775 hercle
1009 741 1196 789 magnas
1213 741 1362 789 nugas
1383 727 1484 773 dix·-

435 792 552 841 erit!
612 792 731 839 Hea.
749 792 816 847 iv,
844 796 890 841 1.
913 795 944 840 8
999 788 1108 845 Nae,
1129 789 1211 837 ille
1232 791 1358 837 haud
1380 792 1484 847 scit,

497 858 624 905 ulum
667 856 784 905 lucri
825 861 1052 918 quantum
1108 854 1230 901 Hea.
1262 856 1328 911 iv,
1349 860 1399 903 4.
1420 860 1482 903 25

485 938 524 969 ae
545 938 618 969 me
642 922 762 969 istuc
781 936 838 967 ex
857 930 904 967 te
941 919 1067 981 prius
1102 918 1336 967 audivisse
1371 934 1486 981 gau·

432 986 540 1035 deo.
566 985 657 1033 Nae
672 1002 761 1048 ego
779 984 1040 1031 fortunatus
1055 984 1194 1031 homo
1210 983 1336 1031 sum!
1363 982 1487 1033 Hea-

431 1051 494 1105 iv,
517 1056 568 1099 6.
596 1054 672 1099 12.
693 1056 756 1099 21
813 1047 862 1095 N
865 1064 906 1095 ω
947 1057 996 1095 tu
1039 1048 1314 1110 propediem
1351 1048 1500 1096 istius-

429 1116 755 1162 obsaturabere
789 1113 909 1160 Hea.
929 1112 996 1165 iv.
1019 1116 1066 1159 8.
1089 1116 1152 1160 28
1205 1111 1293 1169 At,
1313 1128 1404 1167 nae,
1427 1112 1486 1159 il-

431 1178 514 1225 lud
551 1179 677 1225 baud
712 1178 931 1238 multum,
953 1175 992 1223 si
1015 1176 1140 1236 vivo,
1162 1176 1312 1223 ferent
1363 1176 1486 1223 Hea.

433 1258 480 1297 v,
503 1247 550 1291 1.
571 1247 634 1291 45
690 1242 802 1302 Nae,
841 1254 930 1303 ego
969 1242 1108 1287 homo
1151 1256 1252 1287 sum
1291 1241 1450 1289 infelix
1471 1242 1482 1288 l

432 1306 541 1363 Nae,
577 1307 656 1355 ille
691 1305 952 1354 continebit
987 1305 1201 1367 posthac,
1239 1306 1278 1351 si
1317 1306 1486 1367 sapiet,

433 1386 602 1419 manus
631 1370 732 1421 Ad.
754 1371 816 1429 iv,
839 1375 886 1419 2.
912 1374 1038 1419 1.26
1069 1368 1161 1416 Nae
1181 1386 1332 1417 meam
1350 1372 1486 1417 herus

429 1451 532 1483 esse
553 1451 740 1497 operam
763 1436 961 1498 deputat
984 1432 1114 1496 parvi
1138 1434 1274 1498 pretii
1325 1433 1420 1485 He.
1440 1451 1488 1497 v,

434 1504 484 1549 3.
510 1504 533 1548 l
573 1500 684 1547 alibi

497 1563 544 1611 N
549 1564 710 1613 aevius.
743 1564 966 1613 Colacem
989 1580 1092 1613 esse
1114 1562 1161 1609 N
1164 1562 1252 1611 aevi
1274 1569 1323 1609 et
1343 1561 1488 1609 Plau-

435 1628 486 1684 ti,
509 1635 710 1677 veterem
745 1629 950 1676 fabulam
1007 1630 1097 1677 Eu.
1121 1627 1250 1677 Prol.
1269 1632 1331 1677 25
1387 1627 1488 1683 Qui

432 1708 540 1739 curn
562 1694 686 1741 hunc
725 1701 966 1747 accusant,
987 1692 1224 1749 Naevium,
1247 1693 1488 1748 Plautum,

433 1756 640 1805 Ennium
662 1767 885 1805 accusant
914 1758 978 1805 A.
1001 1757 1128 1805 Prol.
1154 1762 1214 1805 18

497 1822 640 1872 Nam.
665 1820 900 1885 Namque.
934 1821 1060 1869 Nam
1075 1824 1126 1869 in
1143 1820 1358 1884 Prologis
1375 1820 1486 1868 scri-

433 1886 602 1935 bundis
617 1903 806 1949 operam
821 1887 1030 1935 abutitur
1061 1886 1126 1933 A.
1149 1886 1273 1934 Prol.
1298 1893 1327 1935 5
1363 1885 1488 1933 Nam

435 1949 564 1999 istaec
600 1953 993 2007 commemoratio,
1030 1951 1161 2014 quasi
1215 1950 1276 1998 A.
1299 1952 1332 2007 i,
1356 1953 1402 1998 1.
1431 1954 1489 1998 16

429 2012 558 2063 Nam
580 2015 620 2062 is
652 2023 902 2077 postquam
935 2017 1132 2063 excessit
1167 2032 1224 2063 ex
1260 2015 1487 2077 ephebis:

431 2076 558 2126 Nam
574 2081 928 2141 anteaquiscire
941 2080 1124 2143 posses?
1148 2078 1212 2129 A.
1228 2080 1260 2134 i,
1277 2083 1320 2126 1.
1332 2083 1411 2127 24.
1425 2084 1488 2129 25

433 2140 652 2205 Namque
675 2144 762 2190 hoc
785 2153 991 2206 tempore
1013 2144 1288 2207 obsequium
1311 2144 1484 2191 amicos

431 2207 494 2253 A.
511 2207 544 2262 i,
567 2212 610 2257 l.
627 2212 690 2257 ⁴0
709 2206 832 2254 Nam
849 2208 1040 2255 Andriae
1052 2208 1124 2255 illi
1137 2209 1187 2255 id
1205 2216 1304 2255 erat
1319 2223 1489 2255 nomen

431 2270 557 2319 Nam
581 2272 630 2319 hi
652 2281 742 2319 tres
765 2279 863 2319 tum
885 2273 1019 2319 simul
1043 2274 1260 2320 amabant
1292 2272 1358 2319 A.
1383 2273 1416 2327 i,
1447 2276 1490 2321 1.

433 2339 516 2383 58.
539 2340 604 2385 60
659 2336 786 2387 Nam
807 2338 850 2385 si
870 2337 1002 2386 illum
1023 2336 1242 2400 objurges
1295 2336 1360 2383 A.
1383 2338 1415 2391 i,
1443 2341 1488 2384 1.

435 2404 528 2449 115
582 2400 707 2448 Nam
727 2403 842 2465 quid
865 2418 956 2465 ego
977 2418 1106 2450 nunc
1127 2402 1280 2449 dicam
1305 2402 1365 2447 de
1403 2416 1486 2464 pa-

431 2464 535 2512 tre?
569 2465 661 2513 ab!
711 2466 772 2515 A.
796 2467 832 2522 i,
855 2472 904 2516 5.
934 2472 990 2516 17
1039 2468 1272 2524 Quorsum
1295 2480 1404 2514 nam
1425 2466 1488 2514 is·

429 2530 546 2578 tuc?
579 2532 643 2578 A.
662 2531 711 2587 ii,
734 2535 781 2580 2.
801 2536 866 2580 24
899 2532 1022 2580 Nam
1047 2532 1146 2596 pol,
1161 2533 1198 2578 si
1216 2531 1264 2578 id
1280 2531 1485 2587 scissem,

429 2609 670 2657 nunquam
691 2596 784 2643 huc
817 2597 1074 2644 tetulissem
1109 2597 1280 2660 pedem
1334 2594 1398 2642 A.
1421 2596 1488 2656 iv,

431 2663 480 2706 5.
505 2663 567 2708 13
602 2659 728 2706 Nam
749 2659 862 2722 quid
883 2661 984 2706 ita?
1019 2661 1109 2706 Eu.
1132 2677 1177 2714 v,
1199 2665 1247 2708 2.
1265 2665 1329 2707 58
1363 2659 1488 2705 Nam

431 2725 560 2782 quod
583 2738 786 2770 rumores
807 2723 1086 2770 distulerunt
1105 2722 1322 2770 malevoli
1363 2722 1487 2770 Hea.

433 2786 562 2834 Prol.
589 2792 648 2836 16
705 2786 828 2834 Nam
851 2803 996 2850 usque
1019 2790 1130 2834 dum
1153 2787 1235 2835 ille
1260 2787 1399 2833 vitam
1430 2785 1488 2833 il·-

435 2851 526 2898 lam
566 2852 692 2900 colet
730 2853 918 2914 inopem
975 2851 1092 2898 Hea.
1115 2852 1149 2906 i,
1175 2857 1219 2900 1.
1245 2855 1309 2900 84
1362 2851 1488 2897 Nam

431 2929 640 2976 prorsum
682 2916 798 2962 nibil
843 2915 1052 2978 intelligo
1109 2916 1232 2962 Hea.
1263 2915 1330 2969 iv,
1353 2921 1399 2962 5.
1423 2919 1488 2962 28

433 2977 652 3042 Namque
691 2981 980 3036 adolescens,
1023 2995 1162 3043 quam
1205 2978 1400 3025 minima
1439 2980 1486 3024 in

433 3059 518 3105 spe
556 3045 672 3090 situs
709 3046 798 3092 erit
851 3045 974 3092 Hea.
1000 3062 1046 3103 v,
1069 3049 1117 3093 2.
1138 3049 1203 3094 44
1257 3042 1381 3090 Nam
1421 3043 1487 3090 tui

429 3108 594 3154 similis
614 3116 686 3156 est
706 3111 851 3171 probe
873 3127 884 3156 :
920 3125 1026 3156 nam
1050 3109 1118 3156 illi
1138 3107 1254 3156 nihil
1280 3107 1378 3154 vitii
1417 3116 1490 3154 est

431 3173 660 3230 relictum,
683 3174 798 3236 quin
834 3174 954 3221 Hea.
977 3192 1022 3230 v,
1046 3179 1093 3222 3.
1122 3178 1197 3222 18.
1222 3177 1285 3221 19
1340 3172 1487 3219 Nam-

429 3252 522 3299 que
545 3238 591 3284 id
612 3239 754 3286 metui
779 3237 876 3285 Ad.
893 3239 944 3295 ii,
967 3245 1012 3289 1.
1029 3243 1092 3287 39
1111 3237 1235 3284 Nam
1254 3253 1393 3284 senex
1412 3253 1488 3284 rus

433 3301 616 3349 abdidit
637 3319 687 3351 se
722 3303 816 3352 He.
840 3305 872 3357 i,
895 3309 943 3352 2.
963 3309 1028 3352 99
1061 3303 1185 3350 Nam
1212 3318 1284 3349 me
1304 3302 1490 3348 miseret

433 3366 654 3414 mulieris.
699 3366 824 3414 Nam
852 3383 925 3414 me
949 3367 1128 3429 parenti
1153 3367 1324 3428 potius,
1347 3383 1486 3428 quam

432 3431 578 3478 amori
601 3432 794 3494 obsequi
822 3441 1006 3495 oportet
1037 3431 1130 3480 He.
1152 3431 1222 3486 iii,
1245 3436 1293 3479 4.
1317 3435 1398 3478 32.
1423 3435 1486 3479 34

433 3493 558 3540 Nam
580 3497 708 3558 quod
725 3513 814 3558 ego
838 3511 962 3543 nunc
981 3495 1234 3544 remedium
1251 3495 1486 3542 inveniam

435 3559 572 3606 miser
591 3561 601 3606 !
649 3560 734 3606 Ph.
759 3561 790 3616 i,
815 3566 862 3609 4.
885 3565 948 3609 23
981 3559 1106 3608 Nam
1129 3575 1234 3623 quae
1253 3561 1352 3606 haec
1372 3575 1488 3606 anus

435 3629 507 3731 eit
541 3626 828 3678 exanimata?
884 3625 972 3674 Ph.
995 3642 1039 3683 v,
1065 3630 1112 3672 1.
1149 3631 1177 3672 5
1235 3624 1488 3686 saepissime

437 3703 464 3732 a
483 3687 551 3732 ibi

503 3749 776 3798 Nanciscor.
841 3753 912 3800 Ex
935 3753 1112 3816 nuptiis
1145 3753 1236 3800 tuis
1273 3752 1311 3798 si
1369 3753 1485 3799 nihil

435 3815 680 3862 nanciscor
701 3817 808 3862 mali
864 3819 952 3864 Ph.
977 3820 1041 3874 iii,
1065 3823 1110 3866 3.
1134 3823 1196 3866 10
1250 3818 1408 3865 Pisces
1431 3833 1488 3864 ex

437 3881 672 3928 sententia
693 3887 857 3926 nactus
877 3897 978 3928 sum
1000 3883 1094 3928 Ad.
1117 3883 1188 3936 iii,
1215 3887 1260 3928 3.
1277 3887 1338 3930 67
1366 3882 1490 3928 Puer

437 3944 548 4006 quia
566 3945 687 3991 clam
711 3953 756 3991 te
779 3953 850 3990 est
871 3955 1024 4000 natus,
1048 3956 1210 3992 nactus
1249 3947 1488 4009 (causam)

437 4010 626 4056 alteram
651 4025 700 4056 es
735 4007 826 4054 He.
850 4010 912 4068 iv,
933 4015 978 4058 4.
1005 4015 1068 4058 59
1100 4009 1240 4056 Unde
1264 4010 1484 4056 annulum

433 4071 571 4120 istum
595 4075 792 4120 nactus?
847 4073 940 4120 He.
965 4089 1009 4128 v,
1033 4079 1078 4120 3.
1101 4079 1163 4122 27
1215 4075 1358 4130 Quod
1389 4075 1488 4122 sine

438 4146 610 4194 sumtu,
649 4139 918 4200 ingenuam,
961 4137 1192 4184 liberalem
1233 4146 1395 4185 nactus
1439 4154 1489 4184 es

438 4199 528 4248 Pb.
553 4203 586 4264 i,
622 4209 670 4252 3.
715 4207 770 4251 16
827 4203 1080 4266 Postquam
1125 4217 1209 4264 par
1250 4203 1488 4264 ingenium

438 4273 600 4312 nactus
622 4275 694 4314 est
725 4267 818 4314 He.
842 4267 877 4330 i,
901 4272 949 4315 2.
972 4273 1032 4316 95
1079 4266 1317 4314 Continuo
1342 4283 1488 4329 quan-

439 4328 547 4376 dam
570 4340 734 4380 nactus
768 4340 841 4382 est
875 4332 1130 4396 puellulam
1183 4332 1273 4384 Ph.
1297 4332 1332 4390 i,
1354 4339 1402 4382 2.
1427 4337 1484 4381 31

1251 446 1577 495 ΤΕΒΙΝΤΙ
1595 447 1730 496 uM.

2486 448 2615 496 CCV

1559 596 1701 644 More
1722 594 1961 642 hominum
1982 594 2159 650 evenit,
2182 600 2233 641 ut
2254 594 2381 657 quod
2398 593 2487 643 sim
2501 611 2615 646 nac·

1559 668 1635 707 tus
1658 660 1768 707 mali
1788 676 1802 719 ;
1836 660 1963 721 prius
1985 661 2251 707 rescisceres
2274 668 2343 714 tu,
2366 674 2505 723 quam
2546 660 2611 709 A.

1561 740 1607 779 v,
1630 730 1677 773 6.
1700 728 1729 773 3
1786 723 1883 771 Ubi
1905 724 2019 771 siem
2044 723 2261 771 vestitum
2284 725 2410 771 hunc
2447 733 2613 774 nactus

1560 788 1651 837 Eu.
1674 789 1743 845 iii,
1766 794 1813 836 5.
1834 792 1867 837 8
1910 788 2041 843 Quin
2060 788 2249 851 spolies,
2272 788 2473 849 mutiles,
2490 790 2614 839 lace·
2678 840 2697 856 x

1559 868 1649 909 res,
1673 867 1937 916 quenquem
1956 861 2095 900 nacta
2116 852 2177 900 sis
2210 853 2304 900 He.
2327 853 2361 906 i,
2384 856 2429 900 1.
2451 858 2484 901 8

1626 917 1859 964 Narratio.
1924 916 2215 965 Narrationis
2274 917 2443 980 incipit
2496 918 2615 967 mihi

1558 980 1743 1029 initium
1776 982 1837 1029 A.
1858 982 1922 1039 iv,
1945 986 1993 1029 2.
2014 986 2079 1033 26

1587 1046 1795 1094 .·Narro.
1865 1046 2015 1093 Narro
2036 1046 2163 1103 huic,
2182 1060 2289 1109 quae
2312 1046 2490 1093 dudum
2512 1062 2617 1095 nar-

1561 1112 1669 1157 rasti
1693 1110 1809 1157 mihi
1862 1112 1923 1157 A.
1946 1110 2014 1166 iii,
2036 1116 2088 1161 4.
2111 1115 2171 1159 12
2230 1110 2441 1158 Virtutes
2479 1128 2613 1160 narro

1560 1174 1655 1223 Ad.
1690 1174 1755 1227 iv.
1793 1180 1837 1223 1.
1875 1180 1938 1223 20
1993 1173 2154 1237 Rogat
2191 1175 2317 1221 unde
2354 1176 2445 1223 sit?
2479 1191 2617 1224 narro

1561 1240 1717 1286 omnia
1754 1240 1855 1287 haec
1912 1238 2000 1287 He.
2024 1256 2070 1301 v,
2087 1244 2133 1288 3.
2156 1244 2217 1289 33
2275 1238 2386 1287 Non
2430 1240 2615 1302 opinor,

1560 1302 1714 1353 Dave.
1749 1303 1843 1352 Da.
1869 1304 2053 1367 Opinor
2068 1304 2255 1351 narras?
2277 1320 2374 1351 non
2390 1312 2515 1353 recte
2536 1321 2615 1353 ac·

1560 1366 1683 1430 cipis
1718 1367 1780 1416 A.
1802 1369 1853 1423 ii,
1876 1373 1924 1419 2.
1952 1374 2017 1417 30
2051 1369 2127 1415 Ab
2151 1368 2327 1416 Andria
2348 1376 2421 1415 est
2442 1370 2614 1417 ancilla

1560 1432 1663 1479 haec
1684 1433 1699 1478 ?
1732 1432 1847 1495 quid
1868 1448 2022 1481 narras
2042 1434 2059 1479 ?
2096 1434 2155 1483 A.
2178 1434 2247 1487 iii.
2272 1436 2318 1480 1.
2340 1438 2370 1482 3
2429 1434 2615 1482 Bonum

1559 1497 1801 1559 ingenium
1825 1513 1980 1545 narras
2014 1498 2327 1546 adolescentis
2380 1496 2446 1547 A.
2468 1498 2539 1555 iii,
2569 1504 2613 1548 1.

1561 1564 1592 1608 8
1626 1560 1797 1609 Narras
1820 1565 1964 1626 probe
2000 1562 2061 1609 A.
2084 1579 2129 1617 v,
2153 1568 2199 1611 6.
2224 1569 2257 1611 6
2288 1562 2421 1609 Hui!
2454 1578 2611 1625 regem

1560 1624 1825 1689 elegantem
1870 1642 2023 1674 narras
2078 1628 2167 1675 Eu.
2189 1627 2261 1684 iii,
2286 1630 2335 1675 1.
2361 1632 2423 1676 18
2478 1626 2607 1683 Quid

1561 1705 1716 1737 narras
1732 1692 1749 1738 ?
1768 1690 1859 1739 Eu.
1879 1693 1945 1747 iv,
1966 1698 2015 1741 4.
2035 1698 2082 1740 5.
2116 1691 2211 1740 Ad.
2237 1691 2305 1748 iii,
2322 1696 2370 1739 4.
2391 1696 2439 1739 2.
2465 1692 2553 1738 Ph.
2576 1694 2614 1749 i.

1561 1757 1609 1802 2.
1632 1759 1695 1803 86
1728 1755 1877 1812 Bene,
1900 1757 2102 1819 aedepol,
2123 1770 2277 1804 narras
2327 1756 2419 1805 Eu.
2444 1772 2491 1819 v,
2514 1760 2561 1805 3.
2583 1761 2615 1805 7

1561 1818 1695 1866 Nihil
1719 1835 1872 1867 narras
1892 1821 1909 1867 ?
1943 1822 2161 1877 Hea.·iii‚
2182 1826 2230 1869 2.
2252 1826 2286 1869 9
2322 1821 2443 1867 Mira
2459 1836 2614 1869 narras

1565 1882 1685 1930 Hea·
1707 1901 1757 1943 ν,
1782 1890 1829 1935 1.
1850 1889 1911 1933 23
1948 1886 2253 1947 Vigilantiam
2278 1892 2402 1931 tuam
2426 1894 2475 1931 tu
2500 1886 2615 1933 mihi

1562 1963 1717 1995 narras
1741 1950 1759 1996 ?
1810 1949 1905 1997 Ad.
1927 1950 1997 2007 iii,
2020 1956 2066 1998 3.
2088 1956 2152 1999 44
2207 1950 2354 2006 Quid.
2401 1950 2573 1996 malum
2599 1950 2611 1996 !

1563 2012 1685 2062 bone
1708 2014 1793 2071 vir,
1818 2016 1931 2061 mihi
1952 2030 2105 2061 narras
2124 2016 2142 2062 ?
2190 2014 2285 2065 De.
2308 2014 2433 2061 Hem
2452 2014 2463 2060 !
2498 2015 2614 2077 quid

1562 2080 1751 2125 narras?
1800 2078 1897 2127 Ad.
1920 2080 1984 2135 iv,
2006 2084 2054 2127 2.
2080 2084 2155 2127 18.
2178 2084 2241 2127 20
2292 2079 2429 2126 Pium
2451 2094 2507 2125 ac
2530 2094 2617 2140 pu·

1563 2140 1719 2189 dicum
1738 2142 1981 2204 ingenium
2001 2158 2155 2191 narras
2176 2142 2407 2205 Pamphili
2461 2142 2556 2189 He.
2580 2143 2615 2199 i,

1561 2208 1612 2253 2.
1633 2210 1693 2254 77
1732 2208 1860 2263 Quid
1886 2207 1997 2254 mihi
2019 2208 2147 2255 istaec
2169 2208 2357 2253 narras?
2392 2206 2486 2255 He.
2505 2222 2551 2263 V,
2564 2210 2615 2257 2.

1563 2272 1628 2317 18
1663 2268 1840 2318 Videas
1861 2278 1926 2327 te,
1948 2279 2087 2335 atque
2108 2266 2258 2332 illum,
2278 2278 2331 2317 ut
2346 2286 2499 2319 narras
2524 2271 2614 2319 Pii.

1563 2334 1616 2393 ii,
1631 2338 1677 2381 3.
1701 2340 1760 2383 21
1814 2335 1983 2383 Filium
2001 2352 2155 2383 narras
2174 2336 2286 2383 mihi
2306 2336 2323 2382 ?
2378 2334 2469 2385 Pb.
2491 2336 2542 2391 ii,
2564 2340 2614 2385 3.

1561 2404 1629 2447 54
1662 2399 1791 2455 Quid
1814 2416 1925 2463 ergo
1946 2402 2137 2448 narras?
2173 2400 2263 2448 Ph.
2288 2401 2351 2456 iv,
2375 2405 2423 2449 4.
2445 2405 2476 2449 4
2515 2398 2620 2448 Ne·

1559 2478 1655 2527 que
1676 2464 1943 2528 intelliges?
1990 2464 2085 2513 De.
2104 2464 2177 2512 Tu
2200 2462 2315 2512 nihil
2338 2479 2493 2513 narras
2526 2464 2617 2514 Ph.

1561 2543 1609 2588 v,
1632 2532 1681 2578 3.
1700 2535 1763 2578 23
1800 2531 1995 2592 Quaeso,
2016 2531 2131 2593 quid
2156 2545 2309 2577 narras
2330 2530 2347 2576 ?
2380 2529 2471 2578 Ph.
2496 2547 2543 2591 v,
2566 2535 2615 2578 7.

1561 2596 1627 2640 42
1678 2593 1755 2641 Mi
1778 2596 1863 2649 vir,
1886 2611 1981 2643 non
2004 2596 2119 2642 mihi
2140 2609 2293 2642 narras
2313 2595 2329 2638 ?
2386 2594 2477 2640 Ph.
2496 2611 2543 2650 v,
2566 2599 2616 2642 8.

1565 2659 1626 2702 13
1660 2657 1789 2712 Quid
1814 2659 1975 2706 Davus
1994 2659 2185 2706 narrat?
2222 2659 2284 2706 A.
2308 2658 2358 2714 ii,
2378 2663 2427 2706 6.
2450 2663 2480 2707 3
2514 2657 2617 2705 Ne-

1562 2735 1656 2780 que
1678 2737 1859 2783 pugnas
1880 2731 2050 2779 narrat,
2074 2739 2227 2785 neque
2261 2722 2503 2770 cicatrices
2542 2737 2616 2769 os-

1561 2791 1715 2832 tentat
1748 2786 1837 2832 Eu.
1859 2787 1926 2847 iii,
1945 2793 1991 2835 2.
2016 2793 2081 2836 29
2112 2787 2242 2842 Quid
2267 2787 2455 2834 narrat?
2491 2786 2615 2835 Hea.

1561 2847 1596 2908 i,
1620 2852 1668 2898 2.
1696 2855 1755 2898 18
1788 2851 1883 2898 Sua
1904 2866 2009 2914 quae
2030 2859 2183 2898 narrat
2203 2850 2439 2898 facinora!
2494 2851 2617 2899 Hea.

1560 2911 1613 2964 ii,
1641 2918 1683 2962 1.
1708 2919 1739 2962 8
1796 2915 1969 2962 Alterae
1992 2916 2103 2961 dum
2124 2921 2291 2970 narrat,
2316 2915 2435 2963 forte
2456 2916 2619 2964 audivi

1562 2975 1685 3026 Hea.
1708 2978 1759 3032 ii,
1783 2985 1830 3028 3.
1854 2984 1911 3028 31
1972 2980 2103 3036 Quid
2126 2980 2231 3026 istic
2249 2980 2437 3027 narrat?
2491 2979 2616 3030 Hea.

1559 3039 1631 3093 iii.
1654 3047 1701 3090 3.
1727 3048 1803 3090 18.
1843 3045 1929 3090 Ph.
1954 3061 2000 3103 v,
2024 3050 2069 3094 8.
2094 3049 2125 3094 6
2180 3044 2309 3099 Quid
2335 3059 2393 3091 ea
2430 3044 2613 3091 narrat?

1562 3104 1685 3152 Hea.
1708 3109 1771 3168 iv,
1798 3114 1842 3156 1.
1867 3112 1931 3156 42
1986 3109 2115 3164 Quid
2161 3107 2496 3170 Ctesiphonem
2537 3110 2615 3156 hic

1561 3173 1748 3218 narrat?
1780 3171 1877 3219 Ad.
1900 3189 1947 3234 v,
1962 3177 2011 3221 2.
2025 3177 2055 3221 2
2092 3173 2363 3235 Pamphilus
2376 3187 2450 3219 me
2466 3172 2616 3220 solum

1561 3237 1746 3282 seducit
1766 3237 1914 3284 foras:
1950 3245 2211 3300 narratque,
2238 3246 2289 3284 ut
2320 3237 2413 3287 He.
2436 3239 2468 3292 i,-
2486 3242 2533 3285 2.
2552 3242 2617 3286 70

1561 3298 1697 3362 Soepe
1718 3303 1893 3349 interea
1915 3303 2029 3348 mihi
2050 3318 2189 3349 senex
2212 3304 2425 3348 narrabat
2460 3303 2548 3349 Ph.
2566 3303 2619 3360 ii,

1562 3367 1609 3410 3.
1637 3369 1697 3414 19
1730 3366 1879 3414 Narro
1896 3368 2021 3422 huic,
2037 3383 2142 3430 quae
2159 3375 2211 3414 tu
2228 3369 2405 3414 dudum
2423 3367 2617 3414 narrasti

1564 3428 1677 3474 mibi
1710 3432 1771 3476 A.
1794 3431 1866 3489 iii,
1886 3436 1933 3480 4.
1961 3437 2020 3480 12
2070 3431 2365 3479 Incredibilia
2389 3431 2617 3479 Parmeno

1565 3495 1707 3540 modo
1727 3509 1833 3558 quae
1856 3497 2055 3542 narravit
2089 3495 2179 3542 Eu.
2202 3513 2248 3551 v,
2270 3501 2317 3543 9.
2343 3501 2405 3543 20
2461 3496 2615 3543 Modo

1563 3571 1669 3617 quae
1707 3561 1907 3606 narravit
1940 3561 2055 3606 mibi
2092 3560 2167 3607 hic
2208 3562 2337 3606 intus
2380 3560 2615 3606 Bacchis?

1563 3619 1656 3669 He.
1680 3623 1715 3677 i,
1740 3629 1789 3672 2.
1812 3630 1877 3672 22
1931 3623 2055 3670 Nam
2078 3624 2188 3670 mibi
2210 3627 2334 3670 intus
2357 3632 2463 3670 tuus
2486 3634 2618 3686 pater

1562 3689 1763 3734 narravit
1795 3690 1934 3735 niodo
1991 3689 2083 3736 He.
2112 3690 2174 3745 iv,
2196 3693 2243 3736 2.
2264 3694 2297 3737 6
2352 3688 2475 3734 Nam
2516 3691 2617 3749 ipsa

1563 3754 1767 3799 narravit
1810 3753 1921 3799 mihi
1977 3753 2071 3800 He.
2094 3755 2155 3808 iv,
2190 3757 2239 3800 4.
2274 3757 2336 3800 89
2392 3751 2613 3798 Amorem

1563 3815 1672 3862 huic
1695 3819 1887 3864 narrabo
1911 3833 2063 3864 meum
2104 3817 2169 3864 A,
2190 3816 2241 3871 ii,
2269 3824 2311 3866 l.
2339 3822 2399 3864 12
2460 3817 2525 3863 Ut
2545 3831 2617 3863 res

1563 3888 1693 3941 gesta
1728 3889 1815 3935 est,
1854 3883 2047 3929 narrabo
2084 3882 2245 3928 ordine
2306 3881 2396 3928 Ad.
2422 3881 2491 3935 iii,
2515 3888 2561 3928 5.
2584 3885 2613 3928 3

1563 3943 1763 4006 Egomet
1784 3948 1997 4004 narrabo,
2021 3961 2125 4008 quse
2151 3945 2263 3992 mihi
2284 3946 2403 3991 dixti
2433 3946 2527 3992 Ad.
2551 3946 2615 4004 iv,

1564 4013 1611 4056 3.
1640 4015 1695 4058 13
1750 4010 1949 4057 Omnem
1989 4027 2082 4058 rem
2124 4011 2341 4065 narrabit,
2363 4009 2478 4066 scio,
2500 4025 2615 4056 con·

1565 4074 1697 4120 tinno
1720 4075 1817 4121 sola
1840 4077 1927 4122 soli
1962 4075 2053 4122 He.
2077 4074 2145 4128 iii.
2169 4079 2218 4122 2.
2245 4079 2303 4122 15
2349 4074 2443 4120 Sed
2468 4089 2614 4127 narra,

1564 4139 1755 4187 obsecro
1774 4157 1784 4185 ε
1809 4143 1915 4202 plus
1938 4141 2103 4187 millies
2116 4139 2275 4184 audivi
2298 4138 2386 4184 Eu.
2402 4139 2469 4194 iii,
2486 4145 2531 4187 1.
2548 4143 2611 4187 31

1563 4202 1712 4250 Narra
1732 4205 1873 4260 istuc,
1894 4220 2071 4267 quasso,
2090 4203 2203 4266 quid
2222 4204 2328 4252 siet.
2355 4203 2445 4251 Cb.
2466 4204 2613 4250 Immo

1563 4275 1611 4314 te
1634 4269 1841 4321 obsecro.
1867 4278 1918 4315 ut
1938 4269 2100 4316 audias
2156 4267 2243 4315 Eu.
2270 4269 2336 4329 iii,
2355 4274 2399 4316 5.
2427 4273 2486 4316 14
2538 4268 2613 4314 Tu

1563 4331 1642 4379 isti
1664 4349 1794 4381 narra
1816 4349 2003 4380 ornnem
2024 4349 2123 4381 rem
2144 4333 2325 4388 ordine,
2346 4339 2400 4378 ut
2434 4333 2611 4381 factum
