3192 4975
1205 441 1286 500 ru
1337 421 1819 498 munumina.

415 583 580 652 mg„
597 589 620 636 ἓ
649 587 714 638 Α»
754 589 809 646 i,-
826 591 875 638 2·
891 623 898 632 ·
913 591 975 638 1⁸
991 589 1142 645 'Qnid
1181 593 1212 636 f
1243 587 1282 636 ἢ
1298 591 1319 636 ἓ
1351 589 1468 654 MJ-

417 649 616 716 Rogas?
648 651 766 710 ΑΛ,
789 659 836 702 5.
871 657 936 702 32
967 652 1099 710 Quid
1121 653 1217 700 ris.
1257 652 1355 706 Da.
1387 653 1466 703 An

415 717 557 764 etiam
591 717 766 780 rogas?
790 715 856 767 A.
881 717 947 778 iv,
964 721 1013 766 4.
1036 722 1099 768 23
1157 718 1268 775 Qua
1285 719 1348 768 de
1381 719 1465 766 re?

415 781 484 828 Si.
505 780 697 842 Rogas?
731 781 793 830 A.
819 799 868 844 v,
883 787 928 832 4.
946 787 978 831 6
1012 782 1142 839 Quid
1165 783 1468 831 factumest?

415 845 506 893 Ch.
544 844 708 910 Rogas
728 847 746 895 ?
799 845 894 896 Eu.
913 846 970 907 ii,
991 851 1040 896 3.
1064 850 1128 896 34
1182 847 1314 896 Cur?
1369 846 1466 896 Gn.

413 907 608 972 Rogas?
641 909 828 967 Eu.„iii,
853 916 900 960 1.
917 916 986 960 46
1018 910 1210 974 Rogas?
1246 911 1468 974 viderem,

411 973 618 1024 audirem
652 973 836 1033 Eucffi,
857 979 904 1024 ὅ.
925 979 991 1025 26
1039 972 1202 1040 Rogas
1234 977 1339 1024 me?
1373 975 1468 1024 Eu·

411 1039 618 1086 nuchum
641 1053 783 1102 quem
803 1039 978 1088 dedisti
997 1039 1149 1097 nobis,
1171 1055 1289 1103 quas
1310 1041 1468 1090 turbas

408 1101 570 1150 dedit!
622 1103 715 1150 Eu.
745 1103 810 1159 iv,
841 1109 889 1152 3.
922 1107 982 1153 11
1061 1102 1140 1153 De
1177 1104 1296 1153 istac
1332 1119 1466 1168 rogas

409 1166 624 1230 virgine?
658 1166 750 1218 Eu.
784 1169 850 1224 iv,
872 1173 921 1218 4.
943 1171 1006 1216 63
1055 1168 1186 1226 Quid
1207 1169 1370 1232 facias,
1390 1185 1464 1217 ro-

410 1245 494 1294 gas
509 1231 528 1278 ξ’
545 1230 655 1278 ‘Eu.
675 1248 724 1289 v,
749 1237 792 1282 1.
815 1235 877 1282 21
912 1231 1048 1280 Men’
1069 1235 1240 1296 rogas?
1273 1233 1397 1282 Hea.
1413 1235 1464 1292 ii,

409 1299 463 1371 .³.‘.
481 1301 510 1344 5
547 1294 634 1344 Est
655 1311 713 1344 ea
731 1295 894 1344 intus?
929 1296 1021 1346 Ch.
1054 1296 1128 1345 Sit
1147 1298 1318 1360 rogas?
1341 1298 1464 1348 Hea-

408 1363 548 1470 {¹323
555 1365 698 1480 {13⁵2
709 1361 785 1474 ‘sii'
789 1360 1464 1494 '‘hitffizffim‘ssfflzzzt}

409 1487 612 1534 homini!
648 1488 771 1536 Heu.
789 1491 854 1547 iv,
877 1497 926 1539 5.
949 1495 1013 1540 32
1058 1491 1186 1548 Quid
1211 1490 1354 1540 tristis
1372 1493 1461 1540 es?

408 1549 503 1599 De.
536 1551 698 1616 Rogas
719 1555 830 1602 me?
874 1553 973 1602 Ad.
994 1555 1032 1612 i,
1053 1560 1103 1604 2.
1128 1559 1160 1604 2
1210 1556 1342 1613 Quid
1363 1557 1462 1613 fiet,

407 1617 579 1679 rogas?
611 1617 708 1664 Ad.
730 1618 798 1674 iii,
816 1622 862 1667 1.
887 1624 913 1668 1
966 1619 1320 1676 Quamobrem?
1354 1621 1461 1668 AEs.

409 1679 572 1742 Rogas
592 1683 704 1730 me?
739 1681 835 1730 Ad.
857 1683 924 1740 iv,
941 1689 990 1732 5.
1013 1689 1074 1734 31
1113 1684 1463 1741 Quamobrem?

407 1744 525 1808 quid
545 1745 677 1794 feci?
733 1744 828 1795 De.
871 1747 1073 1810 Rogas?
1127 1749 1225 1797 Ad.
1259 1765 1306 1806 v,
1329 1754 1376 1797 1.
1401 1754 1462 1800 10

409 1809 541 1865 Quid
575 1809 800 1858 faciemus
821 1813 1001 1874 puero?
1035 1813 1120 1860 La.
1143 1811 1369 1861 Ridicule
1388 1829 1460 1862 ro·

440 1889 491 1920 as
522 1871 616 1922 He.
640 1873 777 1935 iv,‘4.
801 1880 867 1925 46
900 1875 1080 1924 Unde?
1113 1885 1196 1924 aut
1215 1878 1335 1940 qui?
1371 1878 1460 1927 ch.

459 1939 603 2000 ogas?
636 1936 728 1988 Ph.
763 1939 830 2002 iv,
861 1945 906 1989 1.
930 1945 960 1990 8
994 1941 1344 1997 Quamobrem?
1379 1949 1464 1990 aut

405 2003 522 2064 quid
543 2002 706 2051 dicet?
741 2002 832 2052 Ge.
876 2004 1075 2068 Rogas?
1109 2005 1201 2056 Ph.
1235 2006 1304 2064 ir,
1324 2010 1374 2056 4.
1395 2012 1462 2060 24

406 2067 532 2116 Satis
565 2069 764 2132 superbe
785 2068 998 2117 -inuditis
1041 2071 1152 2117 me?
1187 2069 1283 2118 De.
1327 2071 1460 2128 Qui?

405 2129 495 2178 Ph.
517 2131 714 2195 Rogas?
748 2131 838 2180 Ph.
860 2150 906 2189 v,
924 2137 973 2182 7.
991 2139 1056 2184 22
1089 2133 1295 2182 Militem
1313 2144 1462 2198 rogat,

403 2202 459 2241 ut
491 2194 624 2242 illurn
658 2196 842 2244 admitti
868 2196 1069 2260 jubeatr
1123 2199 1204 2246 ine
1237 2197 1462 2248 continuo

402 2258 542 2306 irasci
569 2277 582 2306 ι
616 2275 771 2324 neque
793 2276 964 2326 negare
997 2263 1170 2311 audere
1203 2263 1294 2310 Eu.
1324 2263 1390 2320 iv,
1414 2268 1461 2314 1.

399 2327 434 2372 4
457 2323 592 2372 Heus
611 2325 622 2372 !
645 2325 766 2390 Syre
782 2342 798 2384 3
817 2342 867 2374 ro
901 2333 950 2374 at
967 2333 1014 2375 te
1025 2327 1271 2392 Ctesipho,
1289 2335 1340 2375 ut
1355 2329 1462 2376 red·

401 2403 482 2436 eas
506 2386 614 2443 Ad.
645 2405 691 2453 ν,
711 2393 760 2438 2.
785 2393 812 2438 1
931 2391 1044 2438 eus!
1096 2391 1296 2447 Demea,
1331 2400 1465 2456 rogat

401 2451 561 2515 frater,
584 2468 645 2502 ne
662 2453 802 2503 abeas
823 2454 1008 2519 longius
1031 2455 1130 2505 Ad.
1147 2473 1194 2514 v,
1219 2463 1268 2507 5.
1289 2461 1314 2506 1
1349 2457 1462 2506 Sine

398 2518 558 2565 labore
589 2520 711 2567 hanc
731 2519 944 2583 gratiam,
969 2528 1034 2581 te,
1064 2528 1118 2567 ut
1151 2522 1240 2568 sibi
1269 2522 1352 2569 des
1376 2538 1460 2585 pro

401 2582 504 2645 illa,
525 2588 654 2631 nunc
675 2593 810 2647 rogat
859 2584 956 2635 He.
999 2585 1069 2641 iii,
1092 2589 1140 2633 3.
1163 2589 1227 2633 30
1282 2582 1460 2649 Rogat,

401 2646 530 2695 unde
551 2647 648 2695 sit?
681 2662 816 2695 narro
835 2649 996 2695 omnia
1017 2649 1118 2695 haec
1150 2649 1246 2703 He.
1263 2664 1309 2705 v,
1331 2654 1380 2697 3.
1397 2654 1460 2697 33

401 2710 664 2773 Rogamus,
685 2711 800 2773 quid
824 2711 917 2757 sit?
950 2727 1191 2775 nunquam
1213 2726 1366 2775 aeque,
1385 2713 1461 2761 in·

401 2774 524 2837 quit,
548 2789 602 2821 ac
621 2776 762 2821 modo
794 2774 885 2822 Ph.
909 2774 944 2837 i,
965 2778 1014 2823 2.
1033 2780 1097 2825 43
1129 2774 1198 2823 Te
1219 2790 1350 2823 suam
1383 2792 1460 2823 ro-

403 2839 534 2901 gavit
547 2852 725 2885 rursum
744 2844 796 2885 ut
817 2854 976 2901 ageres
999 2839 1090 2888 Ph.
1103 2855 1151 2896 v,
1171 2846 1218 2889 5.
1234 2844 1265 2889 8
1301 2838 1460 2904 Roga-

401 2902 464 2951 bo
498 2903 591 2951 Ph.
623 2902 692 2965 iv,
713 2908 762 2951 5.
788 2909 846 2952 15
904 2902 958 2951 Si
989 2902 1106 2965 quid
1129 2904 1330 2967 rogabit,
1349 2919 1460 2953 nus·

401 2980 542 3029 quam
565 2973 616 3013 tu
650 2983 758 3015 me:
794 2966 1060 3015 audisu'n’?
1109 2967 1210 3016 Ad.
1233 2968 1296 3025 iv,
1323 2973 1367 3018 1.
1392 2974 1458 3019 23

399 3030 454 3079 Si
476 3030 689 3093 rogabit?
725 3030 818 3080 Ge.
849 3031 908 3078 In
925 3039 974 3079 te
995 3046 1102 3095 spes
1117 3041 1192 3080 est
1221 3032 1312 3079 Ph.
1335 3033 1388 3089 ii,
1411 3037 1460 3083 2.

401 3102 432 3145 6
465 3096 609 3161 Jube,
623 3095 740 3143 mihi
759 3096 916 3145 denuo
933 3098 1214 3160 respondeat
1246 3097 1337 3146 Ph.
1355 3096 1458 3145 Ro-

401 3174 462 3223 ga
498 3160 589 3208 Eu.
612 3160 677 3217 iv,
697 3164 747 3211 4.
769 3165 831 3210 25
867 3160 1025 3225 Roga,
1042 3162 1235 3219 velitne,
1257 3177 1318 3209 an
1342 3178 1458 3223 non,

399 3240 590 3273 uxorem
623 3224 718 3273 He.
749 3225 813 3283 iv,
838 3229 882 3276 1,
906 3230 974 3282 43,
1025 3225 1181 3282 Quem
1202 3242 1292 3289 ego
1313 3227 1456 3291 igitur

399 3288 1050 3411 ffgiffiquiohi‘c‘zffiiss‘?
1071 3288 1456 3404 Ἓῗᾷῗιῖῗῗέῗ

397 3388 558 3483 ῐοὲεηέ
589 3388 656 3468 A.
679 3435 728 3475 ν,
748 3421 796 3467 2.
819 3423 851 3467 9
900 3371 1166 3482 Πιξοὶὲηι,
1189 3422 1316 3482 quod
1342 3391 1458 3468 tem:

400 3498 491 3546 pus
513 3483 832 3531 conveniundi
851 3484 996 3547 patris
1018 3500 1093 3531 me
1115 3498 1284 3547 capere
1315 3484 1456 3545 jube-

399 3548 484 3595 at?
519 3548 611 3596 Ph.
646 3564 694 3610 v,
713 3552 761 3596 4.
784 3553 817 3597 9
872 3548 923 3595 Si
965 3564 1115 3611 roges,
1154 3548 1269 3595 nihil
1309 3552 1460 3611 pudet

401 3608 468 3659 A.
489 3612 557 3674 iv,
577 3618 624 3662 1.
650 3617 710 3663 13
746 3612 877 3669 Quid
900 3612 1121 3669 facerem,
1141 3613 1182 3661 si
1203 3613 1308 3675 quis
1331 3630 1458 3666 nunc

401 3690 478 3721 me
500 3678 662 3739 roget?
695 3677 760 3727 A.
783 3679 818 3733 i,
843 3680 977 3727 5:23
1029 3676 1192 3741 Roget
1214 3677 1318 3741 quis
1341 3680 1457 3742 quid

401 3738 491 3787 tibi
512 3755 621 3787 cum
641 3740 758 3787 illa?
791 3758 852 3791 ne
873 3758 1034 3789 noram
1054 3742 1249 3805 quidem
1273 3741 1362 3791 Eu.
1383 3743 1458 3806 iii,

318 3842 328 3851 .
401 3809 451 3853 3.
473 3810 502 3853 5
540 3803 636 3851 Ubi
675 3806 872 3853 dicimus
910 3808 1084 3855 redisse
1116 3812 1186 3867 te,
1209 3813 1260 3853 et
1295 3822 1456 3870 rogare

399 3868 472 3917 uti
491 3867 672 3915 veniret
685 3870 746 3915 ad
770 3876 814 3917 te
847 3869 968 3919 Hea.
983 3872 1036 3926 ii,
1055 3876 1103 3920 3.
1121 3876 1184 3921 63
1219 3870 1350 3920 Istuc
1374 3888 1456 3934 pa-

399 3940 514 3983 trem
532 3948 694 3997 rogare
713 3941 788 3981 est
807 3936 1021 3997 aequom?
1056 3935 1150 3983 He.
1173 3935 1238 3991 iv,
1264 3942 1308 3985 1.
1331 3941 1391 3986 12

461 3997 795 4047 Rubicundus.
858 3998 928 4045 At
947 3998 1130 4057 faciam,
1153 4007 1206 4047 ut
1240 4000 1453 4047 noveris:

399 4078 615 4127 magnus,
659 4063 964 4120 rubicundus,
1007 4065 1204 4127 crispus,
1261 4079 1456 4127 crassus,

401 4128 585 4187 caesius,
609 4128 892 4177 cadaverosa
909 4127 1032 4176 facie
1076 4128 1172 4179 He.
1193 4128 1267 4191 iii,
1286 4133 1335 4179 4.
1355 4132 1422 4177 26

387 4226 393 4233 -
465 4192 640 4251 Rufus,
661 4208 710 4253 a,
732 4208 830 4241 um.
897 4193 948 4240 Si
969 4192 1074 4257 quis
1091 4208 1164 4239 me
1177 4199 1356 4257 quaeret
1375 4209 1452 4241 ru-

401 4254 492 4307 fus.
525 4256 622 4305 Da.
687 4256 865 4305 Praesto
899 4264 1005 4316 est3
1037 4257 1198 4305 desine
1232 4258 1322 4305 Ph.
1345 4257 1380 4313 i,
1401 4262 1452 4309 2.

405 4322 430 4367 1
498 4319 734 4372 Rufamne
787 4322 914 4371 illam
943 4322 1034 4369 'vir
1063 4322 1210 4377 inem,
1249 4320 1453 4385 caesiam,

401 4399 560 4449 sparso
582 4402 677 4446 ore,
700 4386 885 4436 adunco
905 4401 1019 4437 naso
1037 4425 1048 4437 .
1090 4386 1212 4439 Hes.
1244 4404 1294 4453 v,
1315 4392 1363 4439 5.
1388 4391 1450 4439 17

1606 585 1805 647 Rumor.
1848 599 1861 612 ·
1890 587 2059 636 neum
2096 595 2291 650 gnatum
2314 593 2630 640 munior-esf

1539 667 1697 704 amare
1722 655 1791 702 A.
1812 652 1851 714 i,
1886 655 2038 710 2.--14
2070 651 2191 700 Cum
2228 653 2597 704 interea-rumor

1540 718 1672 766 venit
1708 719 1871 767 datum
1928 717 1985 764 iri
2026 715 2309 780 gladiatores
2360 717 2461 766 He.·
2492 719 2595 768 An.

1541 781 1672 832 Ptol.
1696 787 1757 830 31
1792 782 1916 831 Nam
1938 782 2125 844 quierit
2144 782 2597 846 rumorpopuli,·iu-

1539 847 1662 910 quit,
1701 847 1753 894 si:
1778 847 1827 894 id
1851 845 2049 900 feceris?
2084 846 2175 895 Ph.
2200 861 2259 901 ψ,
2280 850 2341 895 ’10²
2354 850 2417 895 18
2448 847 2595 896 ·Nam

1541 912 1671 974 quod
1692 926 1897 960 rumores
1916 909 2201 959 distulerunt
2222 910 2439 960 malevoli
2470 912 2596 962 Hm.

1541 976 1584 1024 P
1583 975 1672 1024 ω’.
1697 981 1761 1026 ιο
2574 1001 2581 1010 “

1533 1093 1538 1098 ,
1609 1040 1819 1106 Rumpo-
1886 1038 2044 1086 Perii!
2080 1037 2260 1086 vovisse
2276 1039 2405 1088 hune
2420 1039 2596 1097 dicam,

1539 1102 1580 1150 si
1599 1104 1777 1152 'salvos
1813 1104 2005 1152 domum
2040 1103 2239 1155 redisset
2276 1116 2503 1180 unquam,
2522 1112 2595 1154 ’ut

1539 1183 1623 1216 me
1638 1168 1923 1218 ambulando
1944 1175 2179 1232 rumperet
2206 1167 2305 1216 He.
2322 1168 2394 1226 iii,
2410 1173 2463 1218 4.
2496 1173 2574 1218 21’

1539 1296 1553 1308 ·
1604 1231 1733 1282 Ruo.
1798 1233 1897 1282 Sed.
1912 1233 2030 1280 heus
2050 1240 2105 1280 tu
2122 1233 2135 1278 l
2170 1233 2281 1280 vide
2300 1233 2381 1290 sis,
2398 1248 2461 1280 ne
2479 1233 2595 1312 quid

1537 1296 2175 1424 ffl'g'igssflffifflfflssg
2195 1301 2226 1409 :⁸
2231 1302 2365 1425 ’ςῖιῗιῗ
2372 1385 2377 1392 -
2390 1297 2447 1410 a?
2450 1299 2597 1412 3¹1ssss

1537 1427 1709 1476 coelum
1728 1426 1865 1474 ruat?
1900 1425 2023 1474 Heu.
2036 1424 2105 1482 iv,
2122 1430 2170 1474 3.
2184 1426 2597 1478 41·Ceteros:me·

1537 1506 1652 1547 rem,
1708 1506 1910 1554 agerem,
1966 1505 2197 1554 raperem,
2240 1491 2597 1554 tunderemfet

1537 1562 1872 1618 prosternerem
1905 1553 2003 1602 Ad.
2026 1554 2095 1610 iii,
2116 1560 2167 1604 2.
2190 1558 2253 1606 21

1603 1619 1827 1668 Rursum.
1892 1619 1951 1668 In
1969 1633 2127 1666 amore
2142 1620 2245 1670 hoec
2260 1619 2421 1668 omnia
2434 1619 2597 1668 insunt

1536 1683 1685 1732 vitia:
1740 1683 1945 1747 injuriae,
1976 1683 2283 1747 suspiciones,
2321 1683 2599 1746 inimicitie,

1533 1748 1758 1804 inducite,
1800 1749 1993 1805 bellum,
2042 1747 2135 1811 pax
2183 1760 2361 1798 rursum
2414 1748 2509 1798 Eu.
2558 1749 2595 1806 i,

1536 1817 1582 1861 l.
1610 1817 1673 1863 16
1726 1811 1966 1876 Quicquid
2005 1812 2185 1867 dicunt,
2210 1813 2380 1860 laudo:
2421 1809 2475 1860 id
2496 1828 2595 1861 rur-

1533 1891 1638 1924 sum
1672 1877 1712 1926 si
1741 1886 1935 1942 negant,
1986 1877 2129 1925 laudo
2162 1878 2216 1925 id
2256 1891 2446 1940 quoque
2501 1877 2596 1926 Eu.

1534 1941 1588 2003 ii,
1630 1945 1680 1991 2.
1724 1945 1789 1990 20
1864 1941 2033 1990 Redeo
2076 1957 2271 1998 rursum,
2321 1942 2443 1990 male
2485 1957 2596 1990 vero

1535 2021 1611 2054 me
1634 2007 1811 2054 babens
1841 2005 1934 2055 Eu.
1970 2007 2037 2062 iv,
2072 2009 2122 2054 2.
2158 2009 2192 2054 6
2222 2005 2321 2054 Dic
2350 2007 2465 2054 dum
2504 2008 2597 2055 hoc

1533 2085 1730 2121 rursum.
1796 2070 1961 2118 Heus!
1996 2077 2171 2133 negato
2186 2081 2379 2118 'rursum
2404 2069 2507 2120 Eu.
2529 2069 2596 2128 iv,

1535 2137 1585 2183 4.
1608 2139 1690 2184 40.
1712 2139 1773 2184 45
1808 2134 1880 2182 At
1901 2134 2027 2183 enim
2048 2149 2181 2198 spem
2196 2134 2317 2183 istoc
2400 2143 2479 2182 cto
2500 2138 2599 2182 rur'-

1537 2214 1641 2246 sum
1662 2199 1930 2262 nuptiarum
1944 2213 2132 2247 omuem
2152 2197 2295 2261 eripis
2376 2211 2449 2248 ea.
2464 2199 2532 2261 iv,
2543 2203 2595 2250 ,3.

1537 2267 1600 2311 35
1636 2262 1837 2326 Optabit
1866 2279 2045 2311 rursum
2068 2270 2123 2310 ut
2144 2264 2281 2310 abeat
2300 2264 2373 2310 ab·
2396 2279 2447 2311 se
2472 2263 2596 2312 filius

1540 2325 1663 2377 Hea.
1682 2329 1749 2389 iv,
1766 2333 1815 2376 ὅ.
1838 2331 1869 2376 8
1902 2328 1953 2375 Si
1972 2336 2135 2390 sperat
2143 2327 2243 2376 fore
2260 2327 2399 2382 clam,
2416 2343 2593 2376 rursum

1535 2393 1596 2439 ad
1619 2392 1863 2454 ingenium
1884 2392 2007 2440 redit
2038 2389 2138 2440 Ad.
2154 2391 2189 2447 i,
2209 2395 2337 2442 1.40
2369 2386 2595 2449 Rursum,

1533 2456 1738 2519 Demea,
1756 2457 1987 2505 irascere?
2022 2454 2123 2506 Ad.
2148 2456 2181 2514 i,
2202 2459 2250 2505 2.
2274 2461 2335 2505 66
2370 2456 2431 2505 In
2446 2458 2595 2521 porti-

1533 2536 1641 2569 cum
1664 2536 1841 2569 rursum
1862 2522 1961 2571 redi
1995 2519 2095 2569 Ad.
2119 2522 2183 2578 iv,
2207 2524 2353 2596 ²2⁴⁰
2370 2521 2593 2595 ‘Rursum

1533 2600 1588 2695 2¹¹¹.
1604 2585 2231 2711 e‘rutstdtinrulguffissrbrsuge
2266 2586 2595 2711 ιξῗὲἰῗῗηῗῗῖ

1534 2715 1599 2759 35
1634 2710 1778 2759 Nunc
1794 2712 1999 2759 animum
2020 2728 2201 2759 rursum
2222 2715 2282 2760 ad
2306 2716 2594 2765 meretricem

1535 2774 1723 2823 induxti
1746 2783 1879 2823 tuum
1910 2776 2005 2823 I-Ie.
2026 2776 2091 2835 iv,
2115 2781 2164 2826 4.
2200 2780 2263 2826 67
2278 2776 2447 2834 ⁴Quin,
2486 2793 2594 2827 eum

1523 2839 1656 2902 'opus
1676 2846 1768 2901 est,
1803 2839 2085 2888 beneficium
2122 2856 2300 2889 rursum
2338 2842 2383 2889 ei
2410 2843 2593 2905 experi-

1533 2919 1637 2951 mur
1676 2904 1908 2953 reddere?
1944 2906 2035 2952 Pb.
2072 2904 2145 2962 iii,
2180 2910 2227 2955 3.
2266 2910 2295 2954 ⁵
2350 2905 2423 2953 Te
2460 2923 2593 2955 suam

1533 2967 1779 3032 (causam)
1800 2970 1981 3031 rogavit
2014 2984 2191 3017 rursum
2228 2976 2283 3016 ut
2320 2984 2481 3033 ageres
2500 2972 2593 3020 Ph.

1532 3048 1582 3087 v,
1602 3038 1651 3081 ὅ.
1686 3038 1719 3081 8
1750 3032 1915 3096 Atque
1954 3033 2073 3081 illud
2094 3033 2209 3081 mibi
2230 3042 2475 3097 argentum
2496 3050 2593 3083 rur·

1532 3112 1643 3209 2:3ss
1662 3096 1818 3209 -2'335,
1860 3098 2345 3211 ‘iiiffbiarffl‘ssff'
2362 3182 2393 3211 v
2435 3099 2592 3215 ,1⁸¹ss

1529 3218 1536 3225 .
1662 3195 1674 3208 u
1820 3195 1837 3219 5
2312 3194 2325 3211 s
2397 3198 2412 3222 9
2470 3200 2486 3215 ο

1597 3288 1723 3339 Rus.
1787 3289 1911 3339 Ruri
1930 3305 2067 3353 agere
2100 3292 2244 3339 vitam
2277 3290 2377 3341 Ad.
2400 3292 2433 3349 i,
2462 3297 2503 3341 1.
2526 3296 2593 3343 20

1532 3353 1630 3403 Rei
1648 3356 1757 3403 dare
1779 3370 1990 3419 operam,
2003 3356 2097 3403 ruri
2112 3372 2215 3405 esse
2234 3372 2423 3419 parcum
2438 3372 2495 3408 ac
2512 3374 2591 3405 so-

1533 3418 1815 3467 brium‘Ad.
1836 3420 1874 3481 i,
1895 3426 1943 3469 2.
1969 3425 2030 3470 15
2084 3420 2375 3475 Jamdudum
2414 3422 2591 3486 aliquid

1531 3484 1626 3531 ruri
1646 3500 1783 3547 agere
1796 3485 1991 3532 arbitror
2011 3484 2109 3533 Ad.
2125 3486 2199 3542 iii,
2214 3490 2264 3535 3.
2278 3490 2341 3535 47
2376 3486 2427 3533 Is
2443 3488 2592 3535 filium

1531 3558 1675 3611 negat
1692 3566 1794 3597 esse
1811 3550 1919 3597 ruri·
1938 3549 2036 3599 Ad.
2060 3550 2124 3606 iv,
2162 3556 2213 3599 2.
2249 3555 2280 3599 3
2338 3550 2466 3606 Quia
2500 3552 2607 3600 ruri.

1531 3614 1691 3661 crebro
1712 3628 1816 3661 esse
1840 3614 1969 3661 soleo
1989 3614 2084 3662 He.
2107 3612 2160 3670 ii,
2178 3619 2224 3663 1.
2243 3618 2305 3664 18
2339 3614 2475 3676 Opus
2499 3616 2595 3665 ruri

1531 3677 1805 3727 faciundum
1825 3679 1930 3728 ·Ph.
1968 3677 2024 3735 ii,
2063 3682 2107 3726 1.
2144 3684 2209 3728 20
2265 3678 2389 3727 Ruri
2419 3678 2516 3727 fere
2540 3696 2592 3727 se

1531 3742 1806 3791 continebat
1840 3743 1931 3790 Ph.
1970 3742 2020 3800 ii,
2058 3746 2107 3790 3.
2149 3746 2211 3791 16
2245 3742 2350 3790 Rus
2369 3743 2485 3793 ibo:
2523 3743 2591 3791 ibi

1529 3806 1623 3855 hoc
1644 3822 1719 3854 me
1751 3807 1995 3855 macerabo
2018 3806 2211 3853 biduum
2245 3806 2337 3854 Eu.
2362 3807 2397 3863 i,
2418 3812 2468 3858 2.
2495 3812 2589 3859 lor

1531 3870 1637 3934 Ego
1659 3886 1735 3919 rus
1770 3870 1869 3929 ibo,
1908 3878 2051 3933 atque
2080 3871 2147 3919 ibi
2184 3872 2385 3921 manebo
2418 3872 2513 3919 Eu.
2534 3872 2591 3930 ii,

1532 3939 1578 3986 1.
1603 3940 1666 3985 10
1700 3936 1805 3984 Rus
1826 3936 1963 3984 Sunii
1984 3937 2167 3998 ecquod
2194 3936 2448 3983 haberem?
2482 3934 2589 3985 Rus

1529 3996 1588 4047 eo
1612 4000 1713 4063 ¹Eu.
1733 4000 1805 4059 iii,
1844 4005 1891 4049 3.
1926 4004 2005 4048 13.
2028 4004 2092 4049 27
2127 3999 2257 4047 Dum
2293 4016 2371 4047 rus
2406 4016 2465 4049 eo
2494 4001 2591 4049 Eu.

1527 4064 1594 4122 iv,
1617 4068 1665 4113 2.
1682 4069 1716 4112 -1
1752 4063 1955 4127 Abigam
1979 4066 2107 4111 hunc
2128 4080 2221 4113 rus.
2282 4064 2355 4112 Tu
2378 4080 2456 4115 rus
2476 4066 2589 4116 hiuc

1529 4130 1664 4177 abis?
1700 4129 1795 4177 De.
1816 4128 1987 4177 Recta.
2055 4128 2261 4185 Quando
2282 4130 2342 4186 is,
2360 4132 2588 4192 quamob-

1524 4209 1621 4241 rem
1656 4196 1749 4243 huc
1781 4209 2015 4250 veneram,
2050 4208 2127 4241 rus
2164 4192 2428 4253 abiit'Ad.,
2450 4195 2519 4257 iii,
2538 4200 2586 4245 3.

1526 4262 1609 4307 47.
1626 4263 1707 4308 79.
1731 4263 1793 4308 82
1825 4257 1940 4307 Ain’
1963 4266 2142 4322 patrem
2159 4258 2271 4307 hinc
2288 4259 2457 4307 abiisse
2473 4274 2551 4309 rus
2563 4260 2587 4307 2

1527 4320 1654 4371 Illud
1678 4339 1754 4371 rus
1774 4324 1903 4377 nulla
1924 4323 2019 4372 alia
2050 4338 2193 4372 causa
2214 4330 2323 4371 tam-
2339 4325 2459 4373 male
2483 4322 2583 4381 odi,
2618 4348 2621 4351 ⁴

1527 4387 1619 4437 nisi
1640 4388 1752 4453 quia
1774 4404 1921 4453 prope
1954 4395 2025 4437 est
2056 4386 2155 4437 Ad.
2176 4388 2243 4447 iv,
2266 4393 2313 4440 1.
2337 4394 2382 4442 1.
2403 4393 2434 4439 7
2466 4387 2582 4437 Nou
