3192 4975
603 455 734 505 W>

611 602 948 656 ioenmmmslt
965 601 1054 650 sibi
1075 601 1126 649 ln
1148 599 1274 650 Adel
1371 617 1392 650 s
1423 599 1521 654 Ad.
1541 598 1674 650 Pmt.

613 673 680 720 10
731 667 890 724 Cedo,
915 667 1030 732 quid
1067 667 1257 730 reliquit
1319 667 1476 728 bunia,
1497 679 1681 716 conso-u

613 733 776 782 brinus
793 732 988 779 noster?
1009 732 1254 795 Quicquid
1269 732 1426 789 estid,
1447 733 1574 796 quod
1599 745 1673 779 re·

611 797 772 862 liquit,
805 795 980 860 profuit
1038 797 1129 844 He.
1162 795 1233 854 iii,
1267 801 1315 845 ὁ.
1337 801 1470 846 8.-13
1523 795 1586 844 Se
1614 794 1674 842 iri

615 863 916 928 prepositum
939 861 1024 908 tibi
1046 861 1172 924 apud
1197 875 1288 918 me,
1311 877 1366 910 ne
1387 875 1482 908 non
1503 859 1554 907 id
1574 873 1689 909 me·.

616 935 742 988 tutu,-
771 941 864 981 ne‚-
881 925 962 972 ubi
993 925 1272 986 acceperim,
1293 940 1395 974 sese
1415 925 1674 989 relinquam

536 1034 544 1043 .
615 987 710 1040 Eu.
729 991 766 1047 i,
784 994 834 1039 2.
851 994 911 1038 ol
949 989 1172 1052 Denique
1194 991 1394 1038 animam
1415 989 1673 1052 relinquam

681 1056 791 1118 tius,
809 1068 951 1118 quam
971 1055 1078 1102 illas
1099 1055 1305 1102 deseram
1342 1053 1438 1102 Ad.
1457 1055 1526 1115 iii,
1543 1059 1592 1103 4.
1610 1057 1677 1103 62

615 1071 717 1169 ἵζε
739 1134 878 1184 quum
937 1119 1152 1166 lurimum
1173 1119 1266 1166 illis
1288 1119 1522 1182 relinquas
1575 1117 1674 1166 Ad.

616 1199 668 1246 v,
689 1189 739 1235 8.
761 1190 828 1234 28
931 1192 952 1231 t
977 1185 1016 1230 si
1047 1183 1273 1232 talentum
1295 1199 1391 1232 rem
1412 1184 1677 1247 reliquisset

617 1250 786 1298 decem
840 1248 930 1296 Ph.
949 1249 1002 1309 ii,
1024 1253 1072 1296 8.
1092 1253 1159 1312 46
1214 1248 1396 1312 Meque
1429 1249 1480 1295 in
1511 1245 1673 1294 Asiam

618 1327 904 1378 persequens
917 1313 1252 1376 proficiscitur:
1277 1319 1373 1359 tum
1394 1313 1522 1360 illem
1537 1313 1677 1360 relin-

619 1391 762 1442 quere
783 1379 860 1430 bic
893 1386 966 1426 est
997 1377 1168 1425 veritus
1215 1377 1278 1424 A.
1303 1395 1352 1438 r,
1373 1384 1420 1426 4.
1441 1383 1504 1427 ³³
1555 1377 1677 1434 Quis

619 1442 765 1506 igitur
783 1443 970 1490 relictus
991 1450 1066 1490 est
1083 1441 1364 1505 objurgandi
1401 1442 1564 1490 locus?
1662 1475 1676 1488 .

621 1507 658 1564 i,
693 1512 739 1557 1.
777 1510 868 1557 127
927 1507 1032 1554 Eho
1051 1508 1061 1553 !
1118 1523 1337 1554 numnam
1373 1509 1448 1556 hie
1491 1507 1679 1554 relictus

621 1580 799 1627 eustos,
819 1573 918 1619 ne?
953 1571 1044 1619 Eu.
1065 1571 1184 1625 iim.
1198 1578 1260 1620 56
1295 1571 1367 1619 Ea
1387 1573 1548 1619 relicta
1569 1571 1679 1618 huic

623 1637 868 1684 arrhaboni
887 1645 960 1685 est
982 1651 1064 1699 pro
1079 1636 1162 1683 illo
1177 1644 1370 1701 argento
1407 1637 1525 1684 Heu.
1545 1636 1615 1692 iii,
1632 1639 1679 1684 3.

623 1703 688 1750 42
743 1701 870 1758 Quia
901 1715 1045 1765 egens
1065 1701 1228 1750 relicta
1247 1709 1320 1748 est
1339 1701 1522 1763 misera,
1541 1701 1680 1763 igno-

623 1775 749 1814 ratur
769 1781 936 1828 parens
971 1766 1127 1821 Ph.ii‚
1145 1771 1192 1815 3.
1217 1771 1280 1815 10
1313 1765 1444 1813 Nihil
1463 1774 1538 1814 est
1555 1764 1681 1828 preci

624 1829 718 1878 1οοὶ
739 1829 950 1879 relictum
983 1829 1050 1879 A.
1071 1830 1142 1886 iii,
1165 1835 1211 1879 4.
1234 1835 1299 1880 22
1345 1830 1422 1877 Illi
1445 1829 1558 1878 nihil
1583 1829 1683 1877 vitii

625 1901 700 1942 est
721 1895 949 1952 relictum,
972 1896 1086 1958 quin
1105 1897 1165 1942 sit
1185 1903 1236 1944 et
1263 1895 1384 1942 idern
1423 1897 1506 1942 tibi
1555 1895 1681 1944 Heu.

627 1975 675 2014 v,
697 1963 746 2008 8.
773 1963 836 2007 19
885 1959 1061 2008 Verum
1097 1961 1274 2008 interea
1305 1961 1417 2006 dum
1449 1968 1685 2008 sermones

625 2024 870 2080 cadimus,
891 2023 985 2072 inae
1009 2031 1119 2071 sunt
1138 2026 1311 2072 relictae
1362 2024 1481 2073 Hea.
1505 2025 1556 2081 ii,
1579 2029 1629 2074 3.
1652 2029 1683 2074 2

626 2087 697 2136 Ni
721 2088 993 2152 ‘nstigemus
1013 2090 1171 2146 etiam,
1194 2097 1250 2137 ut
1283 2089 1440 2138 nullus
1462 2088 1592 2138 loeus
1614 2105 1685 2138 re-

628 2105 868 2218 iinsustur
887 2154 1014 2218 preci
1034 2154 1052 2200 ?
1094 2154 1184 2202 Pb.
1206 2154 1276 2213 iii,
1299 2158 1348 2202 ⁸.
1375 2159 1438 2204 14
1485 2154 1689 2202 Memini

627 2218 831 2282 relinqui
855 2235 930 2266 me
951 2219 1060 2266 Deo
1083 2219 1202 2266 irato
1223 2233 1330 2267 meo
1379 2219 1470 2266 Ph.
1491 2219 1530 2275 i,
1551 2225 1602 2268 2.
1624 2223 1687 2267 24

630 2282 863 2333 Phanium
901 2283 1110 2331 relietum
1147 2283 1331 2331 solam?
1385 2283 1476 2330 Ph.
1503 2285 1552 2340 ii,
1585 2287 1635 2332 2.
1656 2289 1688 2334 2

631 2346 746 2410 Non
785 2347 993 2410 oportuit
1025 2347 1210 2395 relictas
1243 2348 1511 2412 (mulieres)
1564 2348 1689 2398 Heu.

629 2411 689 2468 ii5
709 2413 757 2457 Β.
780 2415 814 2456 6
865 2410 1020 2457 Herus
1055 2427 1148 2466 me,
1177 2411 1348 2458 relictis
1377 2417 1532 2467 rebus,
1547 2412 1695 2474 jussit

629 2473 932 2536 Pamphilum
951 2473 1094 2521 hodie
1133 2475 1374 2523 observare
1424 2475 1488 2523 A.
1509 2475 1562 2532 ii,
1586 2482 1635 2525 5.
1662 2481 1689 2526 1

631 2537 808 2586 Nonne
823 2537 1108 2595 ancillulam,
1123 2538 1296 2587 relictis
1313 2542 1448 2587 rebus
1459 2540 1693 2598 omnibus,

633 2602 866 2667 quoesivi?
901 2602 992 2651 Eu.
1015 2604 1051 2660 i,
1077 2609 1124 2653 2.
1147 2608 1212 2653 86
1246 2604 1370 2653 Mihi
1394 2620 1539 2661 nunc,
1561 2606 1693 2655 relic-

633 2668 696 2715 tis
715 2669 871 2726 rebus,
890 2670 1217 2722 inveniendus·
1241 2677 1314 2717 est
1343 2670 1512 2733 aliquis
1567 2670 1695 2720 Heu.

633 2732 698 2791 iv,
719 2737 854 2783 7.·12
955 2788 972 2799 x

703 2798 960 2862 Reliquiae.
1031 2798 1187 2855 Quam
1229 2799 1430 2861 gaudeo,
1451 2798 1534 2846 ubi
1553 2799 1695 2847 etiam

638 2862 782 2925 hujus
825 2864 1008 2926 generis
1052 2863 1272 2927 reliquias
1313 2872 1484 2911 restare
1523 2863 1663 2911 video
1684 2862 1697 2910 !

638 2925 736 2974 Ad.
755 2927 828 2983 iii,
845 2932 894 2976 3.
907 2932 974 2977 90

705 2991 956 3055 Reliquus,
979 3008 1024 3047 a.
1045 3008 1144 3041 um.
1210 2991 1335 3039 Itau'
1365 2991 1536 3055 parasti
1557 2999 1623 3049 te,
1646 3000 1703 3040 ut

639 3070 748 3118 spes
769 3056 901 3105 nulla
919 3057 1098 3120 reliqua
1122 3058 1170 3103 in
1193 3064 1242 3105 te
1263 3057 1356 3105 siet
1373 3056 1496 3104 tibi?
1533 3056 1621 3107 Eu.
1644 3056 1701 3115 ii,

637 3124 690 3169 2.
707 3124 741 3169 9
803 3119 914 3169 Neu
937 3136 1078 3170 causa
1101 3122 1194 3169 ulla
1211 3128 1352 3169 restet
1371 3122 1565 3185 reliqua,
1585 3124 1702 3185 quin

639 3183 736 3247 He.
755 3184 820 3241 iv,
844 3190 894 3234 2.
917 3191 974 3236 11
1012 3186 1186 3250 Illique
1199 3194 1390 3249 exopto,
1409 3194 1462 3233 ut
1475 3186 1703 3251 reliquam

636 3248 786 3295 vitam
805 3250 964 3311 exigat
983 3266 1090 3297 eum
1113 3266 1170 3299 eo
1193 3252 1310 3311 viro,
1327 3266 1401 3298 me
1421 3251 1504 3313 qui
1527 3252 1588 3297 sit
1608 3250 1704 3299 sor-

641 3314 852 3359 tunatior
883 3314 979 3361 He.
996 3314 1128 3370 iii,5.
1145 3320 1212 3364 40
1247 3315 1318 3362 Ut
1341 3315 1645 3377 pernoscatis,
1656 3327 1706 3364 et

643 3376 761 3439 quid
781 3378 882 3439 spei
897 3378 1198 3442 sitreliquum
1233 3378 1295 3427 A.
1314 3378 1440 3426 Ptol.
1463 3385 1526 3429 25
1551 3380 1705 3427 Num-

641 3440 759 3503 quid
795 3448 868 3489 est
895 3442 1022 3489 uliud
1061 3444 1169 3491 mali
1202 3444 1437 3500 damnive,
1455 3446 1584 3508 quod
1608 3460 1705 3493 non

641 3504 831 3565 dixeris,
853 3506 1116 3570 reliquom?
1150 3507 1241 3555 Eu.
1263 3524 1309 3563 v,
1331 3514 1379 3559 6.
1401 3512 1465 3559 26
1498 3510 1705 3558 Primum

641 3564 862 3617 indotata
881 3580 983 3621 est:
1023 3582 1122 3620 tum
1143 3581 1386 3635 praeterea,
1409 3589 1516 3638 quae
1537 3590 1705 3623 secun-

645 3634 710 3681 da
731 3634 776 3683 ei
801 3636 888 3683 dos
901 3644 1020 3699 emt,
1043 3637 1208 3699 periit:
1261 3639 1352 3686 hoc
1384 3638 1613 3703 reliquum
1634 3648 1709 3688 est

646 3697 744 3747 Ad.
768 3699 838 3756 iii,
861 3705 909 3750 2.
925 3706 990 3751 48
1044 3702 1151 3751 Hoc
1179 3703 1291 3750 mihi
1311 3719 1456 3751 unum
1479 3720 1536 3753 ex
1558 3704 1707 3768 pluri-

649 3762 738 3811 mis
758 3765 952 3813 miseriis
970 3767 1197 3831 reliquum
1220 3768 1371 3815 fuerat
1392 3770 1564 3815 malum
1610 3768 1705 3817 He.

635 3828 712 3883 iv,
737 3832 784 3877 1.
805 3836 868 3880 55
924 3831 1038 3879 Erat
1067 3834 1112 3881 ei
1134 3833 1196 3879 de
1213 3831 1474 3880 ratiuncula
1512 3832 1708 3895 jampri-

647 3892 757 3940 dem
771 3897 898 3958 apud
919 3911 991 3944 me
1007 3898 1232 3961 reliquom
1251 3898 1553 3959 pauxillulum
1569 3913 1707 3944 num-

649 3970 830 4006 morum
885 3961 976 4007 Ph.
1008 3962 1045 4023 i,
1079 3966 1127 4010 1.
1158 3965 1188 4009 8
1245 3962 1376 4018 Quid
1415 3962 1579 4025 reliqui
1618 3970 1709 4024 est,

651 4023 770 4091 quin
789 4024 976 4082 habeat,
997 4042 1104 4089 quae
1137 4026 1328 4090 quidem
1351 4026 1401 4073 in
1423 4026 1613 4074 homine
1634 4027 1708 4073 di-

651 4098 821 4137 cuntur
842 4090 999 4137 bona·?
1031 4092 1154 4139 Heu.
1175 4091 1210 4151 i,
1232 4094 1281 4139 2.
1303 4094 1368 4141 19

717 4152 1022 4204 Remedium.
1090 4155 1284 4218 Quippe
1305 4155 1420 4219 quia
1437 4170 1709 4219 magnarum

635 4228 778 4287 {appe
793 4218 844 4265 id
865 4220 1119 4267 remedium
1138 4220 1465 4283 aegritudinum
1482 4228 1554 4267 est
1586 4220 1711 4269 Heu.

648 4290 724 4331 >¹¹1.
743 4284 795 4327 2.
813 4287 882 4332 28
933 4283 1072 4331 Solus
1103 4300 1308 4331 mearum
1337 4284 1618 4353 miseriarum
1640 4291 1714 4333 est

653 4344 910 4393 remedium
963 4346 1065 4398 Ad.
1085 4349 1155 4406 iii,
1177 4353 1224 4398 1.
1246 4353 1279 4397 7
1333 4349 1391 4397 Id
1425 4358 1486 4396 et
1515 4364 1575 4399 ne
1610 4350 1711 4407 fiat,

1561 441 1805 500 mmlx
1852 445 1859 454 '
1934 446 1979 468 ’“·

1744 599 1849 648 hee
1868 613 1942 648 res
1962 599 2062 647 sola
2092 607 2167 648 est
2196 599 2403 649 remedio
2458 595 2641 658 audit,
2664 607 2709 652 t.
2730 601 2801 652 Ν

1744 665 1907 721 Quod»
1926 663 2183 712 remedium
2217 681 2345 714 nune
2373 665 2485 714 huic
2516 665 2644 714 mulo
2664 669 2801 714 inve·-

1744 729 1906 778 niam?
1938 729 2000 777 A.
2012 729 2149 791 iim.
2170 735 2231 780 10
2264 729 2529 794 Quodejus
2544 733 2804 780 remedium
2902 749 2918 757 ⁷

1744 793 1978 841 inveniam
2020 795 2276 843 iracundiae
2300 797 2317 842 ?
2373 796 2517 852 Quod
2558 812 2648 860 ego
2690 796 2803 843 huic

1747 871 1875 906 nune
1908 860 2063 906 subito
2096 859 2241 907 exitio
2274 861 2525 908 remedium
2560 861 2801 908 inveniam

1750 923 1913 970 miseri
1969 923 2060 971 Ph.
2085 923 2118 979 i,
2140 929 2191 972 4.
2214 929 2263 974 8.
2286 929 2349 974 28
2401 923 2585 986 Inveni,
2614 925 2805 988 opinor,

1746 987 2005 1035 remedium
2028 989 2139 1036 huie
2166 989 2250 1038 rei.
2318 988 2413 1036 De.
2452 989 2603 1050 Quid,
2639 989 2763 1037 Geta
2780 990 2816 1036 ?··

1748 1052 1877 1114 quod
1899 1053 2193 1101 remedium?
2227 1053 2319 1103 Ph.
2341 1053 2405 1110 iv,
2427 1058 2477 1102 3.
2503 1059 2580 1104 11.
2604 1059 2660 1103 12
2692 1053 2803 1116 Ego

1750 1116 1881 1163 nulio
1902 1133 2093 1180 possum
2115 1117 2321 1166 remedio
2339 1133 2413 1166 me
2430 1119 2641 1167 evolvere
2655 1135 2709 1166 ex
2728 1119 2807 1166 his

1750 1181 1895 1228 turbis
1930 1181 2020 1232 Pl..
2041 1199 2087 1240 v,
2110 1186 2158 1232 4.
2180 1189 2211 1230 6
2796 1207 2801 1212 ·

1814 1243 2124 1294 Reminiscor.
2190 1247 2312 1295 Cum
2330 1255 2461 1294 orata
2476 1245 2581 1309 ejus
2600 1245 2813 1294 reminis-

1749 1323 1847 1367 cor,
1871 1326 2071 1374 nequeo,
2093 1310 2207 1375 quin
2241 1311 2489 1360 lacrumem
2524 1311 2663 1359 miser
2698 1310 2807 1358 fle.

1749 1373 1803 1420 iii
1845 1378 1893 1422 3.
1916 1380 1979 1425 25

1766 1461 1772 1466 ·
1807 1408 2050 1490 ’Βειιιίηα
2114 1439 2337 1504 Denique
2382 1439 2563 1486 nullum
2612 1437 2813 1486 remittis

1752 1510 1938 1566 tempus
1972 1505 2093 1552 Hen-
2116 1505 2150 1560 i,
2171 1511 2214 1552 1.
2240 1509 2302 1554 18
2332 1504 2508 1552 Iterum
2524 1502 2699 1566 jubet:
2724 1519 2817 1551 ne··

1754 1583 1831 1614 mo
1854 1571 2028 1617 remisit
2079 1568 2171 1618 He.
2188 1569 2225 1623 i.
2248 1573 2295 1618 2.
2322 1573 2415 1618 112
2466 1569 2561 1616 Sed
2588 1583 2691 1615 eam
2708 1567 2809 1631 jem

1754 1633 1959 1681 remittet
1992 1633 2083 1681 He.
2102 1633 2316 1690 ἰίὶ,5.17
2351 1633 2401 1682 Si
2423 1633 2815 1696 oemittentquida

1756 1697 1882 1760 piam
1904 1698 2199 1747 Philumena·
2226 1699 2409 1752 dolores
2462 1697 2557 1744 He.
2581 1697 2653 1758 iii,
2676 1703 2722 1746 2.
2748 1700 2809 1745 14

1756 1761 1805 1809 si
1828 1763 2030 1826 cogites,
2052 1763 2255 1811 remittas
2286 1763 2387 1826 jam
2422 1777 2497 1810 me
2524 1777 2715 1810 onerare
2734 1761 2811 1808 in-

1754 1825 1888 1888 juriis
1920 1827 1981 1876 A.
2004 1845 2049 1885 v,
2073 1832 2119 1876 1.
2137 1831 2168 1876 8
2203 1828 2515 1884 Quamobrem
2539 1835 2587 1875 te
2610 1828 2818 1886 orabam,

1758 1890 1904 1937 filiam
1928 1899 1981 1939 ut
2000 1892 2255 1940 remitteres
2298 1891 2390 1939 He.
2410 1892 2484 1946 iii,
2508 1897 2557 1940 6.
2580 1895 2643 1939 48
2690 1891 2814 1940 Cum

1760 1969 1849 2019 ego
1873 1958 2011 2005 vostri
2032 1957 2221 2004 honoris
2236 1973 2375 2004 causa
2394 1956 2636 2018 repudium
2657 1955 2815 2002 alterae

1761 2021 2009 2068 remiserim
2064 2019 2152 2068 Ph.
2176 2037 2221 2078 v,
2243 2025 2293 2070 7.
2312 2026 2376 2070 36
2430 2019 2627 2067 Vosmet
2656 2021 2817 2066 videte

1755 2085 1875 2148 jam,
1898 2085 2133 2133 remissan'
2156 2101 2275 2149 opus
2298 2087 2359 2132 sit
2380 2085 2602 2143 vobis,an
2624 2085 2817 2132 reducta

1762 2152 1952 2198 domum
1996 2151 2091 2198 He.
2112 2149 2175 2205 iv,
2196 2153 2245 2198 4.
2266 2154 2331 2199 4⁸
2806 2171 2811 2176 ·

1831 2215 2073 2263 Remoror.
2138 2213 2207 2262 Ut
2237 2214 2367 2262 illum
2406 2213 2473 2260 Di
2509 2211 2721 2278 Deaeque
2744 2227 2818 2260 se-

1766 2280 1895 2327 nium
1918 2282 2135 2344 perdant,
2158 2279 2241 2342 qui
2278 2295 2353 2326 me
2387 2279 2529 2326 hodie
2566 2285 2819 2324 remoratus

1766 2352 1839 2392 est
1891 2345 1982 2392 Eu.
2004 2347 2059 2400 ii.
2083 2349 2133 2394 3.
2160 2349 2220 2393 lo
2276 2342 2353 2391 Ne
2374 2343 2503 2406 quod
2524 2349 2725 2389 vostrum
2748 2357 2819 2390 re-

1770 2425 1916 2458 morer
1936 2409 2233 2459 commodum
2267 2409 2331 2456 A.
2353 2408 2416 2464 iv,
2440 2412 2487 2456 3.
2510 2411 2574 2456 24

1833 2473 2095 2525 Removeo.
2164 2473 2241 2521 Ita
2263 2472 2461 2523 Poetam
2482 2468 2661 2519 restitui
2680 2470 2729 2518 in
2750 2469 2823 2518 lo·

1764 2554 1892 2593 eum,
1918 2554 2063 2601 prope
2090 2537 2193 2603 jam
2223 2545 2445 2585 remotum
2465 2535 2636 2598 injuria
2654 2534 2825 2583 adver-

1764 2603 1939 2651 sarium
1961 2604 2020 2651 ab
2042 2602 2200 2650 studio
2232 2602 2329 2651 He.
2353 2602 2450 2651 Alt.
2470 2599 2597 2649 Prol-
2621 2603 2683 2648 14
2840 2606 2847 2612 ’

1836 2668 2124 2717 Renumero.
2189 2668 2271 2715 Sin
2302 2667 2397 2715 alio
2427 2674 2500 2714 est
2528 2665 2720 2722 animo3
2752 2678 2827 2711 re-

1768 2742 1983 2781 numeret
2004 2734 2163 2781 dotem
2182 2734 2303 2791 bu03
2338 2731 2445 2779 est!
2482 2730 2577 2779 He.
2598 2730 2671 2784 iii,
2691 2736 2738 2777 5.
2762 2732 2827 2777 52

1837 2797 2101 2847 Renuntio.
2168 2796 2227 2844 Id
2262 2812 2353 2859 ego
2376 2796 2479 2859 jam
2502 2810 2629 2843 nune
2652 2794 2735 2841 tibi
2753 2808 2827 2841 re-

1770 2862 1959 2919 nuntio,
1983 2864 2109 2919 here,
2130 2862 2355 2916 futurum,
2378 2867 2433 2907 ut
2464 2860 2527 2908 sis
2556 2860 2705 2909 sciens
2759 2858 2825 2905 A.

1772 2926 1845 2987 iii,
1865 2932 1915 2976 2.
1936 2932 1999 2976 28
2045 2926 2205 2990 Atque
2224 2928 2317 2973 huc
2338 2924 2557 2973 renuntio
2606 2924 2667 2971 A.
2686 2922 2757 2979 iii,
2780 2926 2831 2971 4.

1776 2997 1837 3041 15
1882 2992 2013 3049 Quid
2036 2990 2323 3039 renuntiavit
2341 2990 2454 3038 olim
2474 2991 2493 3037 ?
2547 2988 2670 3037 Hea.
2688 2987 2754 3044 iv,
2778 2989 2830 3035 l.

1768 3060 1840 3106 ⁴8
1894 3056 2219 3112 Renuntiabo,
2254 3064 2309 3103 ut
2344 3070 2429 3118 pro
2460 3055 2553 3101 hoc
2574 3053 2697 3100 malo
2718 3052 2837 3099 mihi

1773 3122 1861 3169 det
1878 3122 2052 3169 malum
2106 3120 2171 3169 A.
2194 3120 2245 3178 ii,
2268 3126 2315 3169 5.
2338 3124 2403 3168 20
2457 3118 2587 3175 Quid
2607 3132 2736 3163 nunc
2756 3130 2834 3162 re-

1776 3186 1988 3233 nuntiem
2038 3186 2121 3233 abs
2162 3192 2211 3233 te
2252 3197 2541 3248 responsum,
2585 3182 2791 3230 Chreme
2817 3180 2836 3227 ἰ

1779 3250 1903 3299 Heu.
1924 3251 1990 3305 iv,
2014 3254 2063 3298 8.
2086 3255 2149 3299 19
2200 3248 2466 3309 Deliberet‚
2501 3245 2837 3307 renuntietque

1778 3316 1921 3363 hodie
1942 3315 2072 3372 mihi,
2095 3314 2289 3371 velitne,
2322 3326 2382 3360 an
2415 3328 2509 3360 non
2564 3312 2654 3357 He.
2680 3310 2751 3363 iii,
2782 3316 2836 3357 5.

1779 3384 1843 3429 68
1876 3380 1985 3429 Jam
2006 3380 2209 3442 accipiat
2233 3396 2246 3425 ε
2282 3379 2373 3425 illis
2392 3378 2639 3441 repudium
2660 3388 2835 3422 renun-

1778 3444 1893 3492 tiet:
1927 3446 2050 3492 hanc
2072 3447 2215 3491 ducat
2267 3444 2357 3491 Ph.
2378 3444 2445 3504 iv,
2468 3448 2513 3491 3.
2536 3446 2599 3491 72
2648 3440 2768 3488 cum
2792 3438 2837 3485 is

1778 3518 1909 3557 certo
1932 3510 2205 3557 renuntiarit
2250 3508 2373 3556 Hea.
2394 3507 2459 3563 iv,
2480 3510 2529 3554 4.
2552 3510 2581 3553 5
2635 3504 2836 3551 Renun-

1782 3576 2042 3623 tiatum'est
2093 3574 2156 3620 A.
2179 3574 2247 3634 iii,
2270 3578 2319 3621 2.
2342 3576 2401 3620 21
2460 3569 2611 3627 Quasi
2630 3584 2729 3615 non
2752 3567 2837 3614 tibi

1779 3640 2045 3687 renuntiata
2066 3638 2159 3683 sint
2180 3638 2297 3697 haee,
2317 3636 2383 3683 sic
2396 3636 2499 3681 fore
2530 3632 2591 3681 A.
2610 3634 2683 3693 iii,
2706 3638 2751 3681 2.
2778 3636 2837 3681 19

1847 3704 1992 3752 Reor.
2054 3702 2215 3764 Teque
2248 3708 2357 3747 ante
2393 3714 2535 3763 quam
2574 3714 2649 3747 me
2684 3712 2839 3745 amere

1781 3771 1931 3829 rebar,
1950 3767 1996 3816 ei
2018 3768 2084 3815 rei
2114 3766 2304 3813 firmasti
2333 3766 2475 3811 fidem
2530 3762 2625 3811 He.
2646 3763 2710 3819 ir,
2732 3764 2778 3808 2.
2806 3766 2837 3809 5

1784 3834 2003 3888 Uxorem,
2038 3847 2176 3893 quam
2207 3844 2448 3893 nunquam
2470 3837 2543 3877 est
2563 3834 2686 3875 retus
2706 3832 2841 3887 post-

1784 3898 1871 3945 hac
1903 3914 1953 3945 se
1989 3898 2272 3957 habiturum,
2308 3895 2455 3943 reddo
2506 3892 2598 3941 He.
2636 3908 2679 3947 v,
2699 3894 2747 3937 3.
2768 3892 2839 3937 21

1784 3962 1912 4024 Neu,
1930 3962 2056 4025 quod
2080 3977 2169 4024 ego
2190 3963 2405 4024 egissem,
2420 3967 2545 4008 esset
2561 3964 2707 4003 ratum
2741 3952 2843 4000 He.

1783 4029 1847 4088 iv,
1872 4032 1917 4075 l.
1943 4032 2007 4075 30
2061 4027 2205 4083 Quod
2242 4026 2439 4082 dictum,
2475 4022 2701 4071 indictum
2730 4026 2843 4068 est:

1784 4092 1915 4157 quod
1950 4092 2090 4139 modo
2114 4099 2215 4139 erat
2236 4098 2405 4147 ratum,
2426 4089 2601 4136 irritum
2625 4091 2697 4133 est
2748 4083 2847 4131 Ph.

1784 4174 1813 4204 v
1848 4161 1897 4205 7.
1923 4160 1989 4205 ⁶8

1780 4206 1786 4212 ’
1815 4192 1830 4214 ,
1849 4222 2089 4284 Repente.
2138 4220 2258 4267 Tum
2281 4218 2406 4282 quod
2429 4213 2681 4263 malevolus
2704 4219 2845 4259 vetus

1784 4286 1940 4335 Poeta
1960 4286 2167 4343 dictitat,
2188 4291 2378 4347 repente
2398 4281 2456 4328 ad
2482 4279 2687 4327 studium
2712 4277 2844 4323 hune

1784 4366 1835 4399 se
1872 4350 2135 4415 applicasse
2168 4348 2396 4399 musicum
2444 4344 2569 4397 Hes.
2605 4342 2735 4391 Ptol.
2772 4345 2842 4390 28
