3192 4975
1228 426 1309 475 m
1358 420 1838 476 TERENTIUM·

458 582 560 625 mm
582 586 704 639 sum,
726 574 816 623 hae
845 562 986 639 atque
1017 566 1126 624 illac
1150 575 1328 638 poefluo
1363 572 1454 626 Eu.
1473 574 1510 639 i,

455 645 509 690 2.
531 645 594 690 26
644 640 843 703 Sequere
865 640 952 688 hac
985 638 1076 689 Eu.
1097 638 1165 694 iv,
1188 644 1235 688 4.
1257 645 1340 690 47.
1383 639 1508 689 Hea.

455 704 521 760 iv,
544 710 600 754 4.·
615 708 673 753 21
729 704 824 751 Vos
847 720 920 751 me
941 703 1030 751 hac
1135 703 1298 751 uimini
1333 703 1422 751 Eu.
1443 703 1508 761 iv,

456 772 506 819 7.
526 772 592 817 46
627 764 680 815 Si
701 768 831 815 dicas
854 768 991 827 mihi,
1008 768 1098 815 iter
1149 783 1206 815 ac
1227 768 1399 816 habui:
1421 784 1507 831 pe-

452 832 573 879 riisti
608 830 698 878 Eu.
720 847 764 887 ν,
786 835 834 879 9.
856 836 918 881 36
971 832 1046 879 Ite
1067 833 1156 881 hac
1189 830 1280 879 Eu.
1305 847 1353 889 v,
1370 837 1419 881 9.
1441 835 1506 881 64

454 895 562 943 Hac
581 895 688 943 illac
710 895 1022 943 circumcursu
1053 895 1175 943 Hea.
1197 894 1266 952 iii,
1289 900 1336 945 2.
1361 900 1387 945 1
1423 895 1507 943 Se-

454 974 596 1023 quere
633 974 710 1007 me
732 960 854 1007 intro
886 960 976 1007 hac
1009 958 1133 1007 Hea.
1153 958 1217 1015 iv,
1241 964 1288 1009 1.
1311 964 1374 1009 61
1423 958 1509 1007 Se-

453 1038 598 1135 ξ’ἒέὲξ
617 1024 804 1136 “itm‘’
835 1023 966 1135 ‘12:²3
999 1023 1208 1135 ¹3:532
1228 1028 1330 1133 ’ἐξ
1355 1022 1508 1137 3·ῗέ

454 1120 702 1200 Prote'rito
726 1102 961 1199 hssqrecta
979 1149 1140 1215 platea
1161 1121 1357 1199 sursur’n.
1410 1149 1508 1199 Ubi

455 1230 515 1263 eo
553 1215 769 1263 veneris:
810 1216 898 1263 hac
933 1221 980 1262 te
1021 1214 1334 1278 praecipitato.
1401 1214 1507 1264 Hac

455 1279 640 1342 pergito
672 1278 770 1327 Ad.
795 1278 859 1333 iv,
881 1282 926 1327 2.
951 1284 1031 1327 36.
1055 1282 1134 1327 36.
1156 1283 1220 1327 38
1273 1280 1396 1327 Sane
1417 1279 1506 1327 hac

455 1342 604 1390 multo
621 1357 704 1405 pro
742 1343 812 1389 ius
827 1342 917 1389 ibis
951 1342 1044 1390 Ad.
1060 1340 1125 1397 iv,
1144 1348 1192 1391 2.
1213 1346 1273 1391 41
1305 1342 1508 1405 Sequere

455 1421 532 1454 rue
567 1422 676 1468 ergo
748 1420 804 1454 ac
840 1406 962 1453 intro
994 1404 1093 1455 Ad.
1125 1406 1189 1463 iv,
1212 1410 1260 1455 3.
1283 1410 1346 1455 18
1401 1406 1506 1455 Hac

453 1471 678 1518 transfer:
713 1485 855 1518 unam
877 1470 952 1517 fac
969 1469 1159 1516 domurn
1193 1470 1291 1518 Ad.
1314 1486 1362 1526 v,
1379 1474 1427 1520 7.
1445 1474 1503 1519 11

519 1534 800 1582 Haereditas.
867 1533 939 1581 Ea
969 1534 1028 1581 ad
1071 1534 1156 1580 hos
1189 1534 1368 1581 redibat
1403 1533 1508 1597 lege

455 1597 699 1645 hereditas
748 1598 843 1646 He.
877 1598 913 1659 i,
934 1599 983 1646 2.
1007 1600 1070 1645 97
1124 1597 1394 1653 Clamitent,
1436 1614 1508 1645 me

453 1677 475 1709 s
511 1664 810 1725 cophantam‚
825 1662 1119 1709 hereditates
1125 1663 1360 1725 persequi,
1376 1676 1507 1709 men-

488 1726 610 1785 icum
643 1726 705 1773 A.
727 1726 792 1781 iv,
815 1731 862 1774 6.
883 1730 948 1774 20

479 1792 490 1803 ‘
519 1786 698 1837 Heres.
761 1789 860 1846 Qui
883 1789 950 1837 sic
987 1794 1114 1845 sunt,
1148 1788 1276 1836 haud
1309 1789 1507 1837 multum

453 1854 685 1901 hoeredem
714 1854 886 1916 juvant
917 1852 1012 1902 He.
1046 1852 1117 1907 iii,
1149 1858 1197 1901 6.
1234 1857 1296 1901 10
1349 1852 1508 1901 Satius

453 1926 543 1981 est,
562 1934 705 1983 quam
726 1928 772 1966 te
793 1918 900 1981 ipso
921 1918 1107 1965 haerede
1135 1917 1238 1964 haee
1267 1917 1506 1981 possidere

453 1982 740 2030 Bacchidem
774 1980 896 2029 Heu.
918 1997 963 2036 v,
986 1985 1034 2030 2.
1057 1985 1120 2030 16

459 2052 464 2057 “
518 2046 706 2093 Haereo.
771 2045 886 2107 Ipsa
903 2053 1007 2092 est=
1039 2045 1193 2091 haereo
1225 2043 1318 2091 Eu.
1339 2060 1386 2101 v,
1408 2048 1506 2095 2.9

452 2109 561 2157 Nisi
583 2110 697 2157 mihi
716 2108 972 2172 prospicio,
1001 2108 1155 2155 haereo
1188 2108 1280 2155 Ph.
1303 2124 1351 2166 v,
1371 2112 1419 2156 7.
1440 2112 1506 2157 70

453 2173 614 2221 Periit
649 2173 810 2235 lingua
848 2174 993 2219 haeret
1034 2178 1162 2219 metu
1196 2170 1286 2217 Eu.
1319 2186 1367 2228 v,
1399 2176 1449 2221 6.
1474 2175 1505 2220 7

451 2237 514 2285 In
537 2246 584 2286 te
607 2237 758 2285 omnis
779 2238 924 2284 haeret
951 2235 1096 2299 culpa
1122 2234 1221 2281 sola
1252 2234 1345 2282 He.
1378 2234 1429 2290 ii.
1453 2238 1499 2284 l.

453 2306 518 2351 32
566 2302 764 2356 Perfice,
801 2308 856 2347 ut
884 2301 1082 2347 haeream
1101 2299 1150 2346 in
1173 2307 1304 2361 parte
1343 2298 1502 2360 aliqua

452 2366 644 2415 tandem
684 2365 812 2429 apud
853 2363 1082 2412 Thaidem
1126 2361 1218 2411 Eu.
1264 2377 1312 2419 v,
1351 2367 1398 2412 9.
1436 2364 1499 2411 26

454 2431 583 2489 Quin
606 2432 807 2495 'pugnus
839 2429 1064 2477 continuo
1098 2426 1146 2473 in
1179 2426 1298 2473 mala
1329 2426 1504 2473 haereat

453 2495 552 2545 Ad.
575 2496 629 2552 ii,
655 2501 700 2544 1.
721 2500 783 2546 17
815 2493 991 2550 Metui,
1003 2508 1067 2540 ne
1083 2493 1278 2539 hoereret
1291 2491 1368 2539 hic
1399 2489 1500 2538 Ad.

450 2559 522 2618 iii,
547 2565 594 2609 3.
616 2563 682 2609 49

517 2625 717 2672 Haesito.
781 2622 842 2670 In
875 2621 1041 2670 eodem
1063 2619 1164 2666 luto
1193 2617 1378 2665 haesitas
1411 2616 1501 2664 Ph.

451 2705 482 2738 v
521 2693 570 2738 2.
596 2695 656 2739 16

485 2725 500 2748 ⁹
518 2753 751 2801 Hariolor.
781 2747 1020 2796 Hariolus.
1083 2743 1188 2807 Ego
1219 2744 1310 2791 hoc
1348 2741 1504 2790 hario-

453 2818 526 2866 lor
557 2815 656 2864 Ad.
678 2817 734 2869 ii,
755 2819 800 2862 1.
820 2818 884 2862 48
917 2811 1032 2858 Non
1052 2808 1168 2855 milii
1188 2807 1374 2854 credis?
1406 2805 1501 2854 De.

453 2881 699 2928 Hariolare
731 2878 822 2926 Ph.
841 2876 911 2932 iii,
931 2881 979 2924 2.
1000 2878 1030 2923 7
1080 2871 1331 2918 Interdixit
1349 2870 1503 2918 hario-

455 2943 528 3002 lus
560 2943 650 2990 Ph.
669 2942 735 2998 iv,
754 2945 805 2990 4.
827 2944 894 2988 28

523 3007 786 3069 Haruspex.
840 3003 1089 3062 Haruspex
1104 2997 1255 3047 vetuit
1266 3002 1377 3044 ante
1397 2997 1503 3043 bru-

455 3080 579 3118 mam
615 3070 794 3134 aliquid
829 3066 942 3116 novi
973 3063 1136 3128 negoti
1171 3061 1383 3125 incipere
1414 3060 1502 3107 Ph.

447 3135 500 3184 iv
538 3142 588 3188 4.
609 3140 675 3185 29
1341 3133 1348 3140 ’

499 3172 649 3248 ’Ham
713 3197 856 3245 Hau!
890 3197 1049 3239 metuo
1083 3187 1175 3237 Eu.
1199 3188 1262 3244 iv,
1285 3192 1333 3236 6.
1353 3192 1418 3237 20

518 3264 698 3312 Hand.·
724 3261 1120 3323 Haudquaquam.
1185 3251 1330 3299 Haud
1371 3259 1502 3299 muto

457 3330 634 3376 factum
687 3326 749 3374 A.
787 3326 822 3382 i,
864 3329 909 3372 1.
950 3324 1011 3368 13
1076 3316 1294 3380 Inceptio
1337 3324 1410 3364 est
1451 3331 1502 3364 a·

457 3393 702 3448 mentium,
744 3389 872 3437 haud
913 3382 1166 3430 amantium
1200 3380 1263 3428 A.
1294 3380 1332 3436 i,
1367 3384 1414 3428 3.
1437 3385 1499 3430 13

456 3457 600 3506 Haud
623 3467 800 3513 vereor,
815 3453 856 3500 si
892 3448 956 3497 A.
976 3447 1010 3501 i.
1027 3451 1074 3494 6.
1089 3451 1153 3495 41
1185 3445 1254 3491 At
1275 3451 1326 3490 tu
1347 3444 1503 3492 hercle

454 3523 581 3570 haud
619 3521 868 3585 quicquam
905 3511 1040 3572 mihi,
1074 3509 1166 3556 11ἱεί
1197 3507 1263 3557 A·
1293 3508 1346 3562 fi,
1371 3513 1416 3556 l·
1437 3512 1502 3558 86

459 3585 552 3632 Nae
575 3585 662 3633 iate
684 3583 807 3631 haud
831 3591 1012 3630 mecum
1035 3577 1177 3621 sentit
1213 3573 1345 3648 Anu,
1372 3577 1416 3621 1·
1435 3576 1502 3622 24

456 3649 602 3696 Haud
643 3647 837 3695 dubium
877 3652 966 3700 est,
1006 3639 1124 3701 quin
1170 3636 1230 3683 A·
1259 3651 1326 3710 ²¹7.
1352 3639 1400 3684 3·
1439 3639 1502 3685 17

458 3711 602 3760 Haud
626 3712 816 3758 dubium
835 3709 882 3757 id
905 3705 1096 3772 quidem
1117 3709 1191 3748 est
1208 3699 1270 3746 A·
1295 3715 1348 3759 ΙΙ,
1367 3703 1414 3748 3.
1437 3703 1499 3773 Ξρ

456 3775 666 3825 Fidelem
690 3774 812 3821 haud
836 3774 976 3820 ferme
996 3766 1174 3814 mulieri
1206 3763 1416 3812 invenias
1435 3779 1502 3810 vi-

459 3857 560 3889 rum
580 3839 639 3887 A.
661 3839 797 3892 iii,l.
813 3841 848 3884 2
878 3836 973 3882 Hic
994 3849 1045 3880 se
1063 3831 1195 3893 ipsus
1218 3829 1354 3884 fallit,
1375 3828 1500 3874 haud

457 3907 550 3968 ego
586 3904 649 3951 A.
689 3903 758 3958 iii,
783 3905 831 3948 2.
855 3903 916 3947 16
967 3897 1107 3945 Haud
1137 3894 1251 3946 scio,
1285 3907 1363 3946 ³¹¹·
1393 3907 1500 3955 <31¹ae

460 3971 596 4024 dixit,
626 3967 721 4014 sint
739 3979 848 4012 vera
883 3962 944 4010 A.
966 3961 1035 4022 iii,
1051 3963 1098 4006 2.
1119 3963 1181 4006 46
1229 3956 1371 4031 Ηαιυά
1407 3957 1500 4002 du-

458 4034 587 4082 bium
610 4037 681 4079 est
697 4029 831 4085 mihi,
845 4027 883 4073 si
897 4027 1031 4082 nolit,
1051 4023 1165 4082 quin
1195 4019 1262 4067 A.
1284 4021 1353 4074 i1i,
1371 4023 1418 4066 2.
1436 4024 1500 4069 60

460 4097 569 4146 Hoc
588 4104 774 4159 tempu!
793 4091 918 4139 haud
941 4099 990 4138 te
1023 4084 1186 4136 ulcisci
1205 4084 1318 4130 sinit
1349 4082 1408 4130 Α.
1430 4083 1500 4138 iii,

454 4163 506 4212 6.
529 4166 592 4210 18
637 4159 782 4210 Haud
801 4149 923 4204 istuc
954 4155 1102 4211 dicas,
1121 4147 1162 4222 gi
1193 4149 1254 4195 A·
1275 4147 1342 4222 ἓν.
1364 4150 1410 4196 l·
1435 4152 1501 4196 28

464 4224 556 4272 Nm
585 4224 670 4272 illa
702 4223 833 4271 illum
869 4220 995 4268 haud
1030 4218 1164 4264 nont
1195 4211 1257 4260 A.
1280 4226 1344 4267 iv·
1366 4213 1414 4258 4·
1435 4213 1499 4260 33

463 4287 608 4338 Haud
625 4289 867 4354 auspicato
887 4286 980 4334 huc
1000 4299 1075 4332 me
1105 4275 1243 4326 attuli
1273 4273 1334 4324 A·
1365 4275 1432 4338 iv.
1452 4280 1498 4326 ὅ·

2498 406 2639 481 cxli

1583 577 1647 624 12
1694 573 1831 623 Illam
1854 588 1931 622 me
1950 573 2091 622 credo
2112 572 2241 621 haud
2260 584 2400 623 nosse
2431 570 2496 622 A.
2518 588 2565 632 v,
2586 575 2636 627 4.

1579 641 1647 686 49
1680 638 1824 687 Haud
1846 638 1913 685 ita
1928 637 2049 701 jussi
2070 637 2137 688 A.
2161 654 2208 695 v,
2228 641 2278 687 4.
2303 642 2367 687 62
2417 638 2637 691 Conveni

1581 702 1744 759 hodie,
1782 702 2018 751 hominem
2041 701 2165 749 haud
2205 704 2435 765 impurum
2467 700 2559 751 Eu.
2581 702 2635 761 ii,

1581 770 1632 815 2.
1662 770 1695 815 4
1750 765 1893 814 Haud
1936 766 2101 815 similis
2303 774 2379 813 est
2401 766 2634 841 virginum

1580 836 1841 877 nostrarum
1876 828 1968 891 Eu,
1994 830 2043 886 ii,
2067 834 2115 879 3.
2139 832 2200 879 21
2254 827 2402 877 Hand
2436 830 2525 877 diu
2560 838 2636 879 est

1582 891 1675 942 Eu.
1704 893 1760 950 ii,
1792 899 1842 944 3.
1876 899 1939 944 67
1992 892 2278 957 Perpulchra
2310 894 2452 942 credo
2482 894 2635 952 deas,

1579 957 1707 1005 baud
1731 958 1897 1005 nostris
1918 956 2090 1005 similia
2121 956 2212 1006 Eu.
2229 957 2301 1013 iii,
2323 962 2372 1006 2.
2396 962 2456 1007 16
2484 951 2636 1013 Hand

1580 1022 1803 1070 convenit
1836 1037 1931 1071 una
1962 1021 2031 1069 ire
2063 1034 2172 1069 cnm
2204 1022 2353 1069 amica
2384 1020 2565 1079 Emiii,
2584 1024 2639 1073 Ι.

1578 1088 1641 1134 41
1680 1083 1822 1133 Certe
1842 1093 2047 1134 extrema
2068 1084 2195 1133 linea
2216 1100 2386 1141 amare,
2408 1086 2534 1133 haud
2559 1087 2635 1134 ni-

1579 1148 1648 1195 hil
1670 1157 1744 1196 est
1774 1149 1867 1197 Eu.
1897 1149 1963 1205 iv,
1985 1153 2035 1198 2.
2060 1152 2120 1198 13
2178 1148 2283 1209 Eia,
2312 1150 2437 1197 haud
2460 1149 2527 1197 sic
2548 1150 2634 1199 de-

1579 1219 1658 1261 cet
1692 1212 1781 1261 Eu.
1805 1230 1852 1270 v,
1875 1218 1925 1263 9.
1947 1217 2010 1262 36
2065 1211 2283 1261 Amicum
2316 1213 2511 1277 ingenio
2544 1213 2635 1262 sre-

1581 1282 1699 1334 tum,
1738 1277 1863 1325 haud
1907 1284 2072 1325 natura
2105 1292 2189 1324 sua
2237 1276 2358 1324 Hea.
2394 1276 2522 1325 Prol.
2568 1282 2634 1329 24

1579 1338 1673 1387 Nae
1696 1339 1775 1389 ille
1797 1342 1921 1388 haud
1956 1341 2060 1397 scit,
2084 1354 2223 1403 quam
2272 1340 2393 1389 Hea.
2415 1340 2470 1403 ii,
2496 1344 2542 1390 1.
2568 1346 2630 1392 10

1581 1402 1725 1452 Haud
1750 1404 1892 1453 stulte
1922 1404 2047 1467 sapis
2080 1404 2205 1451 Hea.
2226 1403 2283 1459 ii,
2306 1410 2353 1454 3.
2376 1410 2439 1453 82
2490 1402 2637 1453 Haud

1581 1467 1795 1515 mirabile
1817 1476 1889 1515 est
1922 1468 2043 1515 Hea.
2065 1468 2118 1528 ii,
2134 1474 2180 1517 4.
2199 1472 2230 1516 8
2264 1468 2376 1515 Era't
2397 1469 2475 1516 hic
2497 1484 2635 1525 anus,

1580 1532 1709 1579 haud
1732 1532 1911 1593 impura
1946 1532 2067 1579 Hea.
2088 1532 2152 1588 iv,
2178 1536 2223 1580 1.
2248 1536 2311 1581 16
2344 1531 2486 1579 Haud
2512 1534 2635 1581 mul-

1582 1601 1683 1642 tum
1706 1610 1735 1643 a
1758 1611 1830 1643 me
1853 1596 2000 1643 aberit
2020 1595 2324 1643 infortunium
2359 1595 2477 1643 Hea.
2499 1598 2561 1652 iv,
2585 1601 2636 1647 2.

1584 1664 1611 1708 1
1661 1658 1751 1707 Ille
1774 1660 1901 1708 haud
1937 1659 2026 1707 scit
2057 1658 2180 1709 Hea.
2212 1660 2279 1715 iv,
2294 1663 2344 1709 ’4.
2368 1662 2430 1708 26
2488 1660 2635 1709 Haud

1579 1722 1749 1770 faciam
1782 1723 1903 1771 Hea.
1942 1722 2011 1779 iii,
2049 1727 2095 1773 1.
2117 1727 2166 1773 7.
2217 1723 2283 1778 iv,
2318 1728 2365 1772 6.
2386 1727 2453 1774 49
2505 1723 2636 1772 Illud

1579 1787 1707 1834 haud
1730 1787 1948 1844 inultum,
1972 1787 2012 1835 si
2032 1787 2161 1850 vivo,
2182 1786 2336 1835 ferent
2367 1786 2489 1835 Heu.
2511 1804 2562 1849 ν,
2583 1794 2632 1839 1.

1579 1855 1642 1900 46
1700 1850 1845 1899 Haud
1866 1851 2019 1898 minus
2040 1866 2163 1913 aegre
2186 1852 2339 1914 patior
2370 1851 2493 1899 Hea.
2514 1868 2559 1908 v,
2583 1856 2633 1902 2.

1579 1919 1611 1963 6
1666 1913 1821 1962 Etiam
1853 1916 1980 1962 haud
2016 1915 2136 1977 seio,
2171 1930 2233 1962 an
2263 1930 2450 1963 uxorem
2489 1916 2637 1964 ducat

1578 1976 1701 2026 Heu.
1722 1994 1767 2034 v,
1788 1983 1837 2027 2.
1856 1984 1923 2028 46
1968 1978 2169 2035 Demea,
2204 1979 2330 2027 haud
2363 1994 2632 2042 aspexeram

1579 2048 1627 2089 te
1660 2040 1757 2091 Ad.
1780 2042 1849 2097 iii,
1871 2047 1918 2090 3.
1942 2048 2005 2092 19
2054 2042 2199 2091 Haud
2234 2043 2329 2091 cito
2366 2043 2475 2090 mali
2515 2044 2633 2105 quid

1578 2112 1732 2152 ortum
1750 2120 1807 2153 ex
1829 2106 1920 2153 hoc
1941 2106 2003 2152 sit
2022 2106 2119 2152 Ad.
2143 2105 2211 2160 iii,
2234 2110 2282 2155 3.
2305 2111 2370 2155 89
2402 2105 2492 2154 Pol
2506 2107 2633 2155 haud

1614 2174 1824 2216 aternum
1868 2168 1987 2216 istuc
2044 2168 2218 2217 dedisti
2267 2168 2365 2217 Ad.
2395 2169 2470 2233 iii,
2508 2176 2557 2220 4.
2597 2175 2631 2220 d

1630 2232 1735 2279 aud·
1761 2232 1829 2278 sic
1859 2232 2073 2279 auferent
2104 2231 2198 2279 Ad.
2230 2232 2300 2289 iii,
2330 2238 2381 2283 4.
2405 2238 2435 2283 7
2486 2233 2633 2281 Haud

1577 2296 1695 2351 scio,
1718 2310 1777 2342 an
1799 2293 1929 2343 illam
1950 2296 2115 2343 misere
2136 2305 2263 2343 amat
2292 2295 2390 2346 Ad.
2411 2295 2475 2353 iv,
2497 2303 2545 2346 6.
2567 2302 2633 2347 33

1579 2358 1987 2407 Commissatorem
2018 2360 2147 2407 haud
2184 2374 2296 2407 sane
2334 2362 2634 2409 commodum

1577 2422 1674 2470 Ad.
1713 2438 1761 2484 v,
1784 2427 1834 2472 2.
1872 2426 1923 2473 8·
1955 2423 2148 2471 Servum
2191 2424 2316 2471 haud
2348 2425 2633 2474 illiberalem

1579 2488 1757 2550 praebes
1779 2495 1826 2536 te
1859 2488 1956 2538 Ad.
1978 2503 2025 2544 v,
2048 2494 2096 2537 6.
2115 2494 2146 2537 6
2197 2486 2342 2537 Haud
2364 2489 2497 2538 aliter
2518 2506 2631 2539 cen-

1577 2567 1660 2599 seo
1694 2551 1788 2599 Ad.
1826 2567 1876 2614 v,
1908 2556 1957 2602 8.
1989 2557 2019 2600 6
2075 2551 2220 2600 Haud
2262 2554 2474 2610 dubium,
2515 2555 2634 2618 quin

1576 2613 1681 2666 Ad.
1710 2631 1758 2671 v,
1781 2619 1831 2664 9.
1848 2619 1918 2672 19
1967 2615 2109 2662 Haud
2154 2615 2345 2674 licebat,
2380 2618 2491 2667 nisi.
2543 2619 2635 2670 Pa.

1577 2678 1723 2726 Haud
1750 2679 1917 2740 opinor
1954 2680 2199 2727 commode
2232 2680 2310 2727 He
2330 2681 2366 2737 i,
2387 2685 2438 2730 2.
2463 2686 2543 2730 19.
2564 2687 2633 2732 20

1577 2741 1699 2789 Meo
1738 2742 1883 2789 labori
1922 2743 2045 2789 haud
2081 2758 2275 2806 parcens
2308 2743 2400 2791 He.
2422 2745 2470 2796 ii.
2498 2749 2544 2794 1.
2566 2749 2634 2795 29

1578 2804 1724 2852 Haud
1744 2805 1964 2866 equidem
1986 2805 2112 2863 dico,
2143 2807 2210 2853 mi
2232 2807 2413 2854 Laches
2443 2807 2541 2857 He.
2574 2808 2630 2865 ii,

1581 2873 1635 2917 1.
1670 2873 1733 2917 36
1788 2867 1933 2916 Hand
1975 2869 2043 2916 ita
2084 2870 2223 2919 decet
2263 2869 2357 2918 He.
2393 2871 2447 2926 ii,
2481 2875 2633 2921 2.·10

1577 2931 1723 2980 Haud
1759 2931 1843 2979 tibi
1885 2933 1975 2981 hoc
2010 2935 2221 2981 concedo
2263 2934 2359 2982 He.
2400 2935 2453 2994 ii,
2482 2939 2531 2984 2.
2566 2940 2631 2985 16

1577 2995 1722 3042 Haud
1746 2995 1825 3058 pol
1847 3011 1922 3042 me
1944 2997 2135 3059 quidem
2168 2997 2263 3045 He.
2286 2997 2339 3058 ii,
2353 3001 2401 3047 3.
2420 3006 2449 3048 6
2484 2999 2631 3047 Haud

1577 3059 1769 3122 quidem
1814 3059 1967 3107 hercle
2009 3075 2201 3122 parvom
2245 3060 2337 3109 He.
2371 3062 2444 3118 iii,
2479 3068 2524 3112 1.
2562 3067 2629 3112 26

1578 3122 1779 3171 Periisse
1814 3138 1889 3170 me
1924 3139 2023 3170 una
2050 3125 2177 3173 haud
2208 3125 2401 3172 dubium
2428 3135 2500 3174 est
2532 3126 2628 3176 He.

1576 3187 1649 3242 iii,
1677 3191 1720 3236 1.
1740 3191 1805 3236 46
1838 3187 1983 3235 Haud
2017 3196 2099 3235 tua
2118 3189 2347 3236 modestia
2378 3189 2471 3237 He.
2494 3191 2558 3247 iv,
2578 3195 2629 3242 2.

1579 3256 1640 3300 16
1674 3250 1817 3298 Haud
1834 3252 1901 3298 ita
1914 3259 1988 3299 est
2020 3252 2109 3301 Ph.
2133 3253 2185 3308 ii,
2208 3257 2254 3301 1.
2275 3257 2336 3302 36
2373 3253 2515 3302 Haud
2532 3255 2631 3303 scio

1574 3314 1749 3371 hercle,
1787 3331 1849 3363 an
1879 3323 2030 3363 mutet
2070 3317 2274 3364 animum
2320 3317 2408 3364 Ph.
2444 3335 2491 3374 v,
2514 3324 2565 3370 2.
2596 3323 2633 3368 9

1576 3378 1721 3426 Haud
1744 3380 1891 3427 multo
1925 3387 2033 3442 post
2052 3381 2221 3444 recipit
2241 3397 2290 3428 se
2314 3381 2434 3429 intro
2467 3382 2556 3430 Ph.
2583 3399 2629 3440 v,

1574 3447 1623 3492 6.
1638 3448 1704 3494 39
1735 3443 2113 3508 Haudquaquam
2132 3447 2273 3494 etiam
2288 3455 2473 3494 cessant
2502 3447 2627 3499 Heu.

1573 3508 1609 3564 i,
1633 3511 1683 3556 2.
1707 3511 1734 3556 1

1642 3570 2211 3623 Heautontimorumenos.
2274 3573 2510 3636 Integrarn
2528 3574 2625 3623 Co-

1574 3635 1794 3682 moediam
1814 3637 1956 3684 hodie
1978 3653 2077 3684 sum
2116 3645 2302 3684 acturus
2336 3637 2623 3686 Heautonti-

1575 3715 1879 3747 morumenon
1909 3700 2032 3748 Hea.
2060 3701 2186 3748 Ptol.
2208 3707 2237 3749 6

1641 3763 1745 3811 Hec
1784 3779 1849 3812 ra.
1908 3763 2099 3828 Hecyra
2120 3772 2193 3812 est
2211 3765 2322 3812 huic
2343 3780 2515 3812 nomen
2532 3764 2625 3813 Fa-

1576 3827 1700 3874 bulae
1783 3844 1826 3876 e.
1848 3826 1975 3875 Prol.
1995 3832 2022 3877 1
2042 3828 2294 3892 ·Hecyram
2318 3830 2377 3876 ad
2400 3845 2482 3876 vos
2502 3829 2623 3878 refe-

1573 3907 1627 3938 ro
1660 3890 1753 3938 He.
1778 3891 1877 3940 Alt.
1905 3891 2033 3940 Prol.
2054 3895 2116 3940 21

1639 3955 1814 4014 Hegio.
1878 3955 2025 4002 Estne
2046 3955 2124 4003 hic
2141 3955 2297 4018 Hegio
2315 3955 2495 4005 tribulis
2512 3972 2623 4004 nos-

1572 4020 1677 4066 ter?
1708 4018 1807 4066 Ad.
1828 4019 1899 4081 iii,
1918 4023 1966 4068 3.
1990 4023 2050 4068 84
2106 4020 2218 4076 Abi,
2252 4027 2393 4082 atque
2414 4019 2623 4082 Hegioni

1574 4099 1669 4130 rem
1712 4099 1895 4130 ornnem
1935 4083 2317 4136 narrato,ordine
2350 4084 2447 4132 Ad.
2480 4084 2549 4141 iii,
2568 4089 2619 4136 2.

1573 4151 1637 4196 63
1693 4147 1877 4195 Salvere
1912 4147 2176 4210 Hegionem
2198 4147 2447 4211 plurimum
2471 4147 2620 4211 jubeo

1573 4209 1673 4258 Ad.
1694 4211 1763 4268 iii,
1780 4217 1830 4262 4.
1854 4216 1916 4260 14

1640 4274 1751 4325 Hei.
1780 4275 1921 4324 Heia.
1982 4273 2080 4324 Hei
2101 4290 2276 4340 vereor,
2298 4291 2359 4326 ne
2376 4273 2492 4340 quid
2512 4271 2620 4322 An·
