3192 4975
1235 431 1326 494 ιη’
1361 409 1838 496 reassumi.

457 595 734 652 intem?
769 594 834 643 A.
855 592 906 652 u,
927 598 975 644 ε.
995 597 1030 644 a
1079 577 1362 657 tnnncj...
1385 595 1507 642 {ntro

453 662 522 712 A.
545 663 595 718 ii,
615 668 664 710 ὁ.
687 665 762 710 13.
785 660 878 710 Eu.
909 659 982 718 iv,
997 663 1047 710 4.
1070 663 1151 707 48.
1171 657 1269 708 Ad.
1297 658 1352 714 ii,
1377 663 1422 710 1.
1448 663 1507 709 14

455 726 506 774 N
511 741 601 774 une
623 725 820 787 primum
842 724 940 786 fac,
955 723 1086 772 istaec
1107 731 1163 770 ut
1183 723 1326 771 iavet.
1389 723 1507 771 Mox

454 790 670 838 deferent
707 805 902 852 puerum
936 792 1030 836 hue
1062 795 1172 836 ante
1215 788 1420 836 ostium:
1455 787 1507 836 id

455 871 546 918 ego
559 853 660 916 jam
680 869 807 902 nunc
828 853 912 900 tibi
934 851 1170 908 renuntio,
1207 852 1350 907 Here,
1382 853 1510 900 futu-

448 935 574 972 rum.
609 917 656 966 N
660 934 770 976 unc,
793 924 1042 982 postquam
1066 916 1194 964 videt
1213 918 1402 978 nuptias
1423 918 1512 967 do·

457 982 520 1028 mi
545 982 778 1046 apparari,
803 983 940 1031 missa
966 992 1038 1029 est
1071 981 1242 1030 ancilla
1268 981 1402 1030 illico
1447 980 1512 1033 Δ.

448 1045 522 1104 iii,
543 1052 596 1098 2.
618 1051 666 1096 3.
689 1051 770 1096 28.
793 1051 857 1096 33
899 1045 1062 1104 Alium,
1081 1061 1182 1093 esse
1201 1061 1365 1095 censes
1384 1061 1512 1096 nunc

457 1126 552 1169 me,
571 1119 716 1174 atque
732 1111 848 1158 olim
869 1127 976 1158 cum
997 1111 1201 1158 dabam?
1250 1109 1317 1158 A.
1355 1111 1427 1168 iii,
1460 1115 1510 1161 3.

459 1179 522 1224 13
557 1175 701 1224 Potes
723 1191 866 1233 nunc,
888 1176 999 1222 dum
1022 1176 1202 1222 animus
1218 1175 1420 1224 irritatus
1441 1178 1514 1224 est

455 1238 520 1287 A.
543 1240 614 1298 iii,
633 1245 683 1290 4.
709 1245 771 1291 18
801 1239 1008 1287 Posthac
1027 1239 1310 1288 incolumem
1327 1247 1403 1286 sat
1413 1239 1514 1288 scio

457 1305 558 1350 fore
602 1319 694 1361 me,
737 1320 864 1352 nunc
907 1303 946 1351 si
987 1304 1078 1352 hoc
1121 1304 1281 1352 devito
1322 1305 1513 1352 malum.

460 1367 590 1430 Quid
619 1383 710 1432 ego
741 1383 867 1416 nunc
899 1369 1054 1416 dicam
1087 1369 1242 1431 patri?
1281 1368 1514 1432 negabon'

457 1432 580 1480 velle
601 1449 696 1494 me,
713 1433 854 1480 modo
885 1432 968 1497 qui
999 1449 1103 1480 sum
1136 1433 1391 1497 pollicitus,
1425 1434 1514 1481 du-

459 1497 600 1545 cere?
635 1497 700 1546 A.
720 1497 793 1554 iii,
815 1505 863 1548 5.
885 1503 934 1546 ὅ.
953 1502 988 1547 6
1019 1497 1090 1546 Ut
1109 1497 1390 1546 beneficium
1412 1513 1513 1546 ver·

461 1563 531 1608 bis
563 1561 734 1612 initum
765 1563 964 1618 dudum,
995 1577 1124 1610 nunc
1157 1579 1206 1610 re
1239 1564 1515 1625 comprobes

457 1625 526 1674 A.
548 1641 597 1687 v,
624 1631 666 1674 1.
689 1633 718 1676 5
775 1624 954 1674 Animo
973 1641 1100 1674 nuuc
1115 1625 1214 1690 jam
1237 1627 1390 1676 otioso
1413 1642 1516 1678 esse

459 1690 640 1753 impero
695 1690 760 1742 A.
802 1706 849 1753 v,
870 1695 918 1741 2.
945 1696 969 1741 1
1023 1690 1142 1739 Post
1169 1692 1252 1739 illa
1273 1707 1402 1739 nunc
1424 1691 1516 1754 pri·

461 1770 588 1802 mum
609 1755 773 1812 audio,
790 1755 906 1818 quid
927 1754 1008 1802 ino
1023 1756 1084 1803 sit
1105 1755 1282 1804 factum
1316 1756 1377 1805 A.
1399 1773 1446 1811 v,
1466 1759 1516 1807 4.

461 1823 524 1868 33
560 1819 696 1866 Idem
719 1819 974 1867 Menandri
996 1819 1198 1868 Phasma
1219 1836 1346 1870 nunc
1365 1836 1518 1883 nuper

457 1883 612 1932 dedit.
667 1883 834 1932 Habeo
871 1884 966 1932 alia
1007 1885 1172 1940 multa,
1204 1901 1338 1948 .quae,
1391 1901 1518 1934 nunc

461 1948 824 2009 condonabitur,
855 1964 963 2012 qum
996 1949 1286 2011 proferentur
1317 1957 1445 2012 post,
1477 1950 1520 1999 si

461 2013 554 2063 Eu.
577 2013 705 2062 Prol.
727 2016 780 2062 9.
805 2017 863 2062 17
920 2013 1034 2062 Non
1067 2029 1170 2062 eam
1193 2015 1212 2060 ?
1273 2029 1336 2062 ne
1377 2029 1518 2072 ,nunc

459 2077 672 2140 quidem,
695 2093 803 2126 cum
824 2091 1029 2126 arcessor
1045 2078 1200 2128 uitro?
1241 2076 1388 2128 Nunc
1429 2095 1518 2141 ego

459 2149 513 2190 et
530 2141 660 2190 illam
681 2141 926 2190 scelestam
946 2157 1066 2199 esse,
1093 2151 1144 2190 et
1174 2158 1250 2190 me
1283 2144 1520 2202 miserum,

460 2207 614 2254 sentio
646 2205 736 2254 Eu.
780 2206 812 2263 i,
838 2211 884 2256 1.
909 2211 954 2258 1.
975 2210 1040 2256 25
1075 2206 1252 2256 Omnia
1269 2209 1372 2256 haec
1393 2223 1520 2257 nunc

462 2272 602 2318 verba
625 2272 719 2319 huc
740 2271 940 2318 redeunt
959 2271 1166 2334 denique
1198 2271 1289 2319 Eu.
1326 2272 1360 2328 i,
1382 2275 1432 2320 2.
1455 2276 1520 2322 78

461 2335 555 2384 His
577 2335 816 2382 mensibus
837 2351 932 2384 non
955 2335 1127 2384 vidisse
1158 2336 1397 2399 proximis,
1429 2336 1520 2385 nisi

462 2415 608 2457 nunc,
630 2415 756 2448 cum.
819 2399 964 2447 Nunc
979 2399 1080 2462 jam
1105 2415 1220 2447 orna
1243 2415 1316 2448 me
1351 2399 1445 2448 Eu.
1469 2401 1521 2456 ii,

465 2469 513 2515 3.
533 2469 614 2515 41.
635 2469 698 2515 85
750 2463 896 2541 Nune
935 2472 1010 2513 est
1047 2463 1278 2529 profecto,
1307 2464 1521 2541 ‚iPoe'fici

461 2537 790 2643 3333,
787 2546 898 2642 „2:15
907 2529 1522 2658 .{’333;²‚‘÷¹..{¹.¹;1.²;¹.:.⁶.·..2

460 2658 616 2707 irrisas
651 2658 846 2706 modis?
879 2658 972 2707 Eu.
1005 2659 1070 2715 iv,
1091 2662 1142 2707 4.
1160 2662 1225 2707 43
1272 2657 1518 2720 Numquid

463 2722 672 2783 dubitas,
691 2722 807 2784 quin
829 2738 918 2785 ego
947 2736 1076 2769 nunc
1107 2729 1340 2785 perpetuo
1367 2722 1520 2785 perie-

463 2786 584 2835 rim?
629 2784 724 2834 Eu.
764 2802 813 2842 v,
833 2791 882 2835 9.
905 2790 968 2835 13
1017 2786 1162 2835 Nunc
1192 2786 1409 2843 habeam,
1432 2802 1520 2835 nec

398 2856 402 2868 ¹
465 2866 546 2907 ne,
569 2850 797 2899 incertum
819 2857 908 2899 est.
956 2849 1119 2911 Nunc,
1152 2849 1194 2897 si
1223 2851 1520 2899 commodum

463 2923 554 2971 est,
576 2914 818 2977 Dionysia
836 2915 916 2962 hic
935 2922 1046 2961 sunt
1073 2915 1248 2974 hodie3
1283 2915 1413 2977 apud
1447 2930 1522 2963 me

467 2979 531 3027 sis
551 2978 662 3026 volo
696 2978 822 3027 Hea.
859 2979 895 3041 i,
912 2984 958 3029 1.
981 2984 1065 3028 43.
1091 2983 1186 3029 109
1219 2979 1292 3027 Ex
1311 2994 1396 3027 sua
1418 2977 1524 3026 libi-

465 3043 580 3095 dine
627 3044 939 3099 moderantur,
981 3059 1108 3091 nunc
1149 3059 1257 3107 quae
1297 3052 1388 3099 est,
1425 3058 1523 3091 non

467 3123 574 3171 quse
595 3107 707 3155 olim
729 3108 820 3157 fuit
849 3108 971 3157 Hea.
996 3108 1048 3164 ii,
1073 3112 1118 3156 1.
1137 3112 1170 3157 4
1220 3108 1356 3157 Vah!
1395 3122 1522 3157 nunc

465 3174 654 3223 demum
676 3172 908 3236 intelligo.
970 3172 1114 3232 Scio;
1147 3174 1275 3239 apud
1308 3180 1522 3235 patretur

465 3246 518 3285 at
537 3254 666 3287 nunc
684 3237 872 3287 interim
904 3238 1028 3287 flea.
1049 3237 1104 3293 ii,
1127 3242 1176 3286 3.
1201 3243 1278 3288 12.
1304 3240 1400 3287 136
1447 3236 1523 3286 Ita

467 3318 564 3350 non
601 3310 656 3351 ut
691 3301 822 3360 olim,
861 3304 944 3351 sed
976 3302 1050 3351 uti
1082 3318 1229 3362 nuuc,
1261 3318 1374 3351 sane
1399 3303 1526 3351 hona

467 3366 592 3414 Hea.
614 3366 682 3422 iii,
703 3372 753 3416 2.
777 3372 840 3417 13
873 3365 968 3415 Abi
995 3367 1090 3429 jam
1105 3384 1232 3415 nunc
1253 3368 1374 3415 intro
1399 3367 1522 3417 Hea-

465 3430 533 3492 ἰν,
553 3436 603 3479 1.
625 3438 656 3480 5
692 3432 844 3489 Quid,
865 3430 906 3479 si
925 3433 1016 3479 hoc
1037 3447 1164 3480 nunc
1179 3432 1248 3479 sic
1263 3431 1484 3494 incipiam
1503 3434 1522 3481 ἓ

468 3495 592 3543 Heu.
626 3496 692 3554 iv,
713 3502 762 3546 2.
785 3502 818 3546 9
867 3494 1012 3544 Nunc
1044 3496 1143 3543 filia
1174 3504 1424 3558 postquam
1451 3505 1524 3545 est

467 3558 660 3610 inventa
679 3576 786 3609 vera
821 3560 946 3609 Hea.
971 3577 1016 3617 v,
1032 3566 1080 3609 2.
1099 3566 1162 3609 35
1196 3561 1378 3609 Sineres
1397 3576 1522 3611 nunc

470 3624 642 3681 faeere,
662 3627 775 3675 dum
795 3641 880 3689 per
901 3633 1086 3673 aetatem
1110 3626 1220 3673 licet
1266 3624 1364 3673 Ad.
1399 3625 1435 3681 i,
1473 3631 1522 3675 2.

471 3691 538 3737 28
586 3689 752 3737 Otiose
785 3706 912 3739 nune
943 3690 1045 3754 jam
1073 3690 1200 3738 illico
1224 3690 1300 3737 hic
1320 3690 1525 3739 consiste

473 3749 573 3799 Ad.
593 3752 647 3808 ii,
671 3758 718 3801 1.
737 3759 768 3803 2
817 3755 960 3803 Nune
995 3756 1184 3803 demum
1215 3754 1382 3803 venis?
1429 3756 1526 3804 Aut

472 3815 550 3864 hic
567 3831 694 3864 nunc
716 3832 901 3867 manere
915 3828 1010 3867 tam
1033 3821 1134 3875 diu,
1169 3827 1252 3867 aut
1285 3829 1382 3867 tum
1421 3834 1526 3881 per-

472 3881 610 3943 sequi
661 3880 758 3929 Ad.
797 3872 852 3939 ii,
875 3888 925 3932 2.
950 3890 1030 3933 25.
1052 3888 1115 3933 27
1171 3884 1281 3931 Vah
1302 3884 1313 3930 !
1371 3884 1526 3934 vivere

473 3944 616 3998 etiarn
659 3961 786 4021 nunc
821 3946 934 3995 libet
968 3946 1062 3995 Ad.
1094 3947 1168 4003 iii,
1191 3954 1240 3996 3.
1263 3953 1325 3999 91
1381 3948 1528 3998 Nunc

471 4024 650 4123 3¹¹3?
641 4026 730 4124 3:2¹
731 4026 818 4124 ¹22⁶.
825 4012 1418 4141 ‘3532322321‘233‘3‘5
1417 4014 1528 4127 ⁶1:¹3.

473 4149 694 4199 recurret,
714 4147 788 4189 sat
807 4142 906 4189 scio
952 4140 1048 4189 Ad.
1082 4142 1146 4198 iv,
1171 4145 1218 4189 1.
1241 4146 1290 4189 2.
1316 4147 1376 4191 10
1419 4142 1526 4191 Jarn

475 4217 603 4251 nunc
622 4207 726 4256 haec
747 4211 837 4253 tria
857 4206 1058 4269 primum
1079 4206 1244 4253 addidi
1275 4206 1374 4255 Ad.
1409 4224 1453 4263 v,
1477 4214 1527 4257 6.

478 4272 510 4342 3
563 4270 710 4326 ,Quod
750 4271 1021 4320 faciundum
1061 4270 1252 4321 fortasse
1289 4272 1350 4319 sit
1403 4279 1530 4335 post,

479 4332 605 4383 idem
641 4336 732 4387 hoc
765 4352 891 4387 nunc
923 4337 964 4387 si
991 4336 1158 4387 feceris
1203 4336 1300 4386 He.
1322 4337 1527 4398 *imm-8

1581 592 1779 648 Etiamsi
1826 594 2007 642 dudum
2037 592 2197 652 fuerat
2236 591 2506 668 ambiguum
2546 595 2640 646 hoe

1581 659 1725 706 mihi:
1762 674 1889 706 nunc
1931 674 2027 706 non
2058 665 2148 706 est.
2212 657 2321 706 Au!
2354 659 2638 722 jamdudum

1581 723 1700 780 dixi,
1720 722 1943 786 idemque
1962 737 2089 770 nunc
2108 722 2219 770 dico
2256 721 2353 770 He.
2389 723 2455 778 iv,
2483 729 2533 773 4.
2556 727 2643 774 27.

1587 792 1682 836 100
1716 787 1791 836 Ita
1812 803 1940 834 nune
1962 787 2237 848 imparatum
2261 786 2414 834 subito
2437 794 2569 836 tanta
2590 796 2639 838 te

1582 853 1865 915 impendent
1883 851 2006 900 uvaia
2039 851 2129 899 Ph.
2168 849 2205 912 i,
2222 855 2327 901 4.2
2366 851 2509 900 Unde
2546 869 2639 916 ego

1583 931 1711 966 nunc
1733 923 1829 964 tam
1847 917 2000 966 subito
2020 915 2129 964 huic
2144 923 2387 979 argentum
2402 915 2642 966 inveniam

1583 981 1761 1028 miser?
1796 981 1887 1030 Pu.
1926 981 1995 1038 iii,
2017 984 2113 1030 3.1
2154 981 2283 1028 Audi
2314 995 2443 1030 nunc
2478 988 2643 1032 contra

1579 1043 1682 1107 jam
1714 1045 1807 1093 Pb.
1828 1045 1894 1102 iv,
1916 1049 1967 1095 4.
1989 1050 2055 1095 19
2085 1044 2237 1094 Etiam
2261 1060 2387 1092 nunc
2408 1047 2575 1101 credis,
2594 1055 2643 1096 te

1585 1109 1869 1173 ignorarier?
1906 1111 1995 1162 Ph.
2020 1126 2067 1168 v,
2084 1113 2133 1159 7.
2150 1114 2216 1159 38
2249 1109 2507 1174 sepissime
2528 1111 2644 1160 aiibi

1588 1237 1636 1286 A
1652 1173 1919 1224 Nunccine.
1983 1174 2137 1223 Hem!
2172 1175 2405 1224 nunccine
2426 1175 2641 1224 demum!

1642 1273 1657 1290 .
1680 1240 1727 1286 iv
1770 1243 1815 1290 1.
1837 1244 1903 1288 60

1652 1304 1699 1352 N
1704 1274 1897 1353 u’ucubi.
1962 1303 2189 1351 Nuncubi
2210 1317 2362 1353 meam
2382 1303 2647 1366 benignita-

1585 1376 1683 1418 tem
1704 1368 1890 1416 sensisti
1911 1368 1959 1415 in
1982 1377 2029 1416 te
2050 1367 2295 1416 claudier?
2328 1367 2422 1416 Eu.
2456 1367 2491 1424 i,
2511 1372 2562 1418 2.
2580 1373 2645 1418 83

1653 1432 1929 1495 Nunquam.
1993 1431 2234 1508 Ad'?¹?⁸¹⁸
2276 1431 2485 1510 nemini:
2520 1447 2644 1482 nun.

1587 1513 1729 1624 33:¹1:
1745 1497 2201 1625 {35855332333
2220 1495 2412 1610 ’ἓέἓὲὲ
2418 1496 2645 1612 ἴίῗῖἭῖ

1587 1626 1625 1680 i.
1647 1630 1697 1675 2.
1720 1631 1751 1676 7
1798 1626 2055 1688 Nunquam
2072 1624 2259 1674 faciam.
2308 1625 2405 1674 Da.
2429 1623 2505 1674 Ne
2526 1641 2650 1692 nega

1589 1691 1653 1740 A.
1676 1689 1731 1746 ii,
1754 1695 1804 1741 3.
1824 1695 1889 1742 10
1920 1689 2177 1754 Nunquam
2193 1690 2337 1738 hodie
2351 1698 2504 1740 tecum
2518 1707 2646 1740 eom·

1589 1763 1875 1804 mutaturum
1908 1762 2088 1820 patrem
2122 1770 2267 1804 unum
2298 1771 2403 1804 esse
2440 1756 2651 1813 verbum,

1589 1819 1629 1868 si
1652 1819 1717 1868 A.
1741 1819 1795 1880 ii,
1814 1824 1865 1870 4.
1887 1825 1915 1868 7
1939 1819 2099 1868 Vide!
2119 1833 2357 1883 nunquam
2378 1819 2503 1868 istuc
2520 1819 2651 1883 quivi

1589 1901 1681 1947 ego
1715 1884 1975 1946 intelligere
2029 1885 2091 1933 A.
2128 1884 2195 1940 iii,
2234 1888 2284 1932 4.
2320 1889 2383 1934 10
2437 1883 2649 1932 Inuitum

1591 1964 1833 2010 nunquam
1868 1949 1916 1995 id
1952 1949 2133 1998 auferet
2181 1947 2244 2016 A.
2268 1947 2339 2005 iii,
2360 1954 2409 1997 5.
2430 1953 2463 1998 4
2506 1947 2560 1996 N
2563 1963 2651 1996 un·-

1591 2028 1733 2077 quam
1756 2013 1944 2062 destitit
1962 2013 2151 2070 instare,
2174 2021 2227 2060 ut
2244 2013 2451 2062 dicerem
2498 2012 2561 2061 A.
2584 2013 2652 2076 iv,

1591 2081 1733 2207 ‹¹132ss
1754 2079 1860 2190 ..¹223
1872 2075 2507 2196 2¹2¹¹3232¹125333³32535
2523 2092 2657 2192 {²1¹3}
2684 2151 2693 2160 ·

1591 2206 1643 2254 id
1666 2207 1874 2262 scissem,
1894 2221 2135 2269 uunquam
2158 2207 2251 2254 huc
2273 2204 2532 2268 tetuiissern
2570 2221 2654 2268 pe-

1592 2271 1701 2320 dem
1748 2270 1811 2319 A.
1829 2271 1899 2328 iv,
1916 2276 1967 2320 ὅ.
1994 2276 2055 2320 13
2088 2269 2226 2319 Itane
2246 2277 2553 2332 attemperate
2574 2286 2653 2318 ve·

1592 2337 1667 2383 nit
1684 2336 1845 2392 hodie,
1869 2342 1924 2382 ut
1944 2335 2125 2384 veniret
2145 2335 2345 2384 antehac
2378 2335 2653 2396 nunquam?

1593 2398 1660 2448 A.
1686 2415 1731 2455 v,
1753 2404 1803 2450 4.
1827 2404 1889 2450 14
1938 2398 2197 2464 Nunquam
2220 2399 2319 2446 vidi
2340 2398 2510 2446 meiius
2538 2414 2654 2448 con·

1591 2463 1749 2513 silium
1770 2463 1887 2513 dari.
1917 2462 2175 2528 Nunquam
2196 2462 2311 2512 defu
2346 2462 2357 2473 '
2394 2463 2657 2513 mauctori-

1591 2535 1739 2605 tqtem
1784 2528 1876 2579 Eu.
1908 2529 1963 2585 ii.
1984 2534 2033 2579 3.
2056 2532 2140 2579 84.
2160 2532 2227 2579 98
2278 2478 2527 2590 hffiinqnid
2568 2528 2658 2577 tibi

1593 2594 1729 2705 ἓξὲξ
1744 2594 1865 2719 picti?
1866 2626 1883 2641 ⁶
1890 2592 2319 2707 gifflaeuzffdivifled
2283 2608 2499 2714 Eut-1213:
2520 2592 2657 2708 (fingi

1599 2720 1743 2769 Hunc
1788 2720 1937 2769 oculis
1979 2721 2075 2769 suis
2116 2728 2375 2768 nostrarum
2413 2736 2657 2785 nunquam

1597 2785 1849 2848 quisquam
1871 2784 1991 2833 vidit
2023 2784 2115 2833 Eu.
2135 2784 2202 2846 ir,
2218 2787 2269 2833 4.
2293 2790 2352 2835 11
2398 2784 2659 2850 Nunquam

1600 2850 1796 2909 accedo,
1816 2850 1933 2913 quin
1956 2849 2039 2897 abs
2062 2857 2109 2897 te
2130 2848 2295 2897 abeam
2332 2849 2517 2897 doctior
2561 2849 2657 2900 Eu.

1594 2912 1666 2969 iv,
1688 2916 1737 2961 7.
1756 2918 1821 2963 21
1870 2912 2016 2961 Nune
2037 2913 2239 2961 minatur
2276 2928 2429 2976 porro,
2452 2928 2553 2961 sese
2588 2914 2661 2971 id,

1600 2978 1731 3041 quod
1752 2978 1941 3025 moechis
1963 2978 2115 3026 solet:
2139 2979 2269 3042 quod
2291 2994 2383 3041 ego
2416 2993 2658 3041 nunquam

1602 3042 1703 3091 vidi
1723 3042 1823 3091 fieri
1854 3042 1947 3090 Eu.
1968 3059 2015 3103 v,
2034 3048 2084 3093 5.
2102 3046 2167 3092 16
2198 3041 2457 3105 Nunquam
2473 3042 2661 3105 aedepol

1600 3105 1851 3171 quicquam
1859 3105 1963 3169 Jam
1974 3107 2057 3154 diu
2072 3106 2191 3153 mihi
2205 3107 2366 3155 evenit
2385 3106 2662 3171 Nunquam,

1601 3171 1703 3233 pol,
1723 3172 1959 3221 hominem
1982 3170 2239 3220 stultiorem
2276 3170 2379 3219 vidi
2422 3172 2517 3219 Eu.
2538 3190 2589 3231 v,
2610 3176 2660 3221 7.

1606 3240 1651 3285 1.
1672 3240 1704 3285 8
1750 3236 1895 3285 Nunc
1915 3252 2007 3299 ego
2027 3250 2267 3299 nunquam
2287 3236 2493 3283 videram
2516 3236 2660 3284 etiam

1597 3300 1691 3349 Eu.
1714 3318 1763 3361 v,
1784 3307 1833 3352 8.
1856 3306 1889 3350 6
1922 3300 2178 3363 Nunquam
2198 3300 2341 3349 etiarn
2356 3300 2427 3349 fui
2442 3316 2658 3364 usquam,

1600 3368 1717 3429 quin
1766 3366 1859 3415 Eu.
1896 3382 1943 3423 v,
1977 3370 2027 3415 9.
2048 3371 2113 3415 62
2160 3365 2213 3413 Si
2247 3382 2489 3429 nunquam
2521 3380 2661 3413 avare

1602 3432 1805 3493 pretium
1836 3432 1977 3479 statui
2014 3430 2105 3477 arti
2136 3446 2251 3479 meae
2300 3430 2423 3481 Hea.
2443 3429 2573 3479 Prol.
2592 3434 2659 3479 48

1600 3496 1860 3558 Nunquam
1885 3503 1979 3543 tam
2000 3510 2137 3543 mane
2153 3494 2381 3557 egredior,
2404 3494 2537 3557 quin.
2587 3495 2661 3543 Tu

1600 3560 1751 3617 illum,
1774 3575 2015 3623 nunquam
2044 3560 2308 3615 ostendisti,
2342 3559 2510 3621 quanti
2543 3574 2661 3621 pen·

1604 3626 1751 3672 deres-
1772 3626 1888 3673 Haec
1900 3640 2141 3687 nunquam
2152 3626 2416 3671 evenissent
2427 3622 2515 3671 tibi
2536 3622 2663 3670 Heu.

1604 3690 1641 3749 i,
1661 3694 1709 3737 1.
1732 3695 1811 3739 15.
1835 3694 1948 3739 103.
1970 3694 2062 3738 105
2110 3688 2235 3736 Nam
2258 3688 2457 3761 nescias,
2479 3686 2584 3762 ejus
2602 3686 2663 3734 sit

1604 3756 2399 3879 ffif‘fzzwffsszzssfflfflsszff
2415 3750 2663 3863 :mu

1589 3883 1763 3931 'cidere
1786 3882 1933 3946 possit
1951 3882 2189 3931 calamitas
2208 3881 2330 3929 Heu.
2351 3880 2405 3936 ii,
2424 3885 2475 3929 4.
2508 3885 2561 3929 15
2577 3880 2662 3928 Sa·

1605 3956 1761 4011 trapes
1790 3948 1829 3995 si
1850 3948 1941 3995 siet
1977 3954 2171 4003 amator,
2194 3960 2435 4009 nunquam
2472 3944 2667 3993 sufferre

1604 4011 1708 4076 ejus
1728 4020 1911 4061 sumtus
1924 4018 2069 4075 queat
2106 4010 2229 4061 Heu.
2248 4010 2316 4065 iii,
2344 4014 2390 4058 1.
2412 4013 2479 4059 44
2525 4008 2664 4057 Nun·-

1602 4092 1746 4141 quam
1768 4077 2061 4127 commodius
2080 4090 2287 4141 unquam
2308 4075 2470 4123 herum
2504 4073 2663 4122 audivi

1604 4142 1738 4205 loqui
1770 4142 1893 4190 Hea.
1916 4141 1987 4203 iii,
2006 4146 2056 4191 2.
2077 4145 2143 4190 48
2189 4140 2394 4189 Uxorem
2422 4154 2663 4203 nunquam

1604 4208 1749 4255 habui
1795 4206 1896 4255 Ad.
1924 4206 1963 4261 i,
2004 4211 2048 4256 1.
2088 4209 2153 4254 19
2199 4204 2411 4253 Homine
2444 4204 2662 4268 imperito

1604 4287 1847 4335 nunquam
1880 4270 2133 4335 quicquam
2168 4268 2391 4333 injustius
2435 4268 2534 4343 Ad.
2557 4270 2661 4325 ἰ,2.

1608 4342 1669 4392 18
1688 4336 1966 4403 Nunquam,
1986 4336 2101 4385 dum
2122 4351 2213 4399 ego
2224 4335 2383 4391 adem,
2398 4334 2543 4398 hic-te
2559 4341 2661 4381 tan.-

2428 430 2635 496 ccxxi
2736 451 2745 463 ·
