3192 4975
585 422 642 469 X
1569 421 1813 471 INDEX

587 568 712 620 Hea.
735 569 791 628 ii,
811 574 859 621 3.
882 574 979 621 112

652 636 914 683 Admoveo.
978 631 1198 680 Animam
1235 630 1518 695 compressi:
1549 646 1635 678 au·

587 715 685 749 rem
707 699 893 747 admovi
915 696 1001 761 (ad
1021 696 1166 759 fores)
1190 697 1280 744 Ph.
1306 712 1350 751 v,
1373 700 1421 745 6.
1443 700 1507 745 28

653 763 962 811 Adolescens.
1027 762 1281 823 Postquam
1319 760 1408 807 iste
1445 758 1639 806 advenit

589 827 812 879 Chremes
849 825 1121 873 adolescens
1173 824 1264 873 Eu.
1298 824 1362 880 iv,
1401 828 1446 872 1.
1483 827 1513 871 3
1567 822 1639 870 Te

589 898 779 939 auctore
821 890 948 952 quod
993 887 1180 945 fecisset
1225 887 1498 935 adolescens
1545 885 1639 933 Eu.

591 970 638 1009 v,
661 959 710 1004 7.
731 958 792 1003 13
844 952 1073 1009 Quisnam
1105 951 1183 998 hic
1217 951 1490 998 adolescens
1532 950 1637 999 est?

589 1015 714 1065 Hea.
733 1017 788 1073 ii,
812 1020 939 1065 4.23
988 1015 1280 1063 Adolescens
1309 1013 1532 1063 facillime
1587 1028 1639 1060 a·

589 1082 676 1129 tris
697 1096 861 1144 pacem
882 1080 931 1127 in
953 1078 1080 1141 leges
1099 1078 1320 1126 conficiet
1356 1094 1462 1126 suas
1564 1092 1640 1127 ea.

589 1160 642 1205 v,
663 1148 712 1193 2.
732 1149 796 1194 44
850 1144 911 1191 In
936 1142 1105 1191 Graeca
1124 1142 1397 1190 adolescens
1432 1149 1520 1196 est,
1557 1142 1641 1204 qui

591 1208 755 1256 lenoni
787 1207 930 1270 eripit
961 1207 1249 1253 meretricem
1297 1207 1392 1253 Ad.
1439 1205 1573 1253 Prol.
1610 1209 1642 1253 8

591 1272 777 1321 Domus
807 1278 1076 1319 sumtuosa:
1111 1270 1382 1317 adolescens
1403 1270 1514 1317 luxu
1535 1284 1641 1330 per-

594 1336 724 1383 ditus
771 1334 872 1386 Ad.
907 1334 974 1390 iv,
1008 1338 1057 1381 7.
1093 1336 1159 1383 42
1234 1333 1365 1390 Quid
1403 1333 1499 1381 ais!
1533 1348 1643 1379 cum

593 1400 774 1511 {irgilnle
796 1396 1414 1511 unassar‘lsqleslefntzcubuelrit
1433 1398 1539 1517 pluts
1555 1402 1643 1459 po'-

618 1480 670 1511 us
753 1480 801 1512 e.
824 1478 860 1518 i,
913 1494 928 1509 .
1121 1478 1152 1509 a
1199 1477 1220 1508 r
1271 1477 1334 1507 uo
1381 1476 1504 1509 suasi
1541 1475 1643 1515 sua,

591 1528 866 1576 adolescens
879 1526 1044 1573 mulier
1057 1526 1171 1573 fecit
1178 1476 1272 1574 Hei
1282 1525 1348 1586 iv,
1361 1530 1408 1575 4.
1425 1530 1488 1575 39
1512 1522 1646 1570 Ado-

595 1590 889 1651 lescens‚dic
910 1591 1041 1649 dum,
1077 1604 1256 1651 quaeso,
1294 1604 1346 1636 es
1382 1596 1434 1635 tu
1467 1588 1646 1650 Myco-

597 1655 739 1701 nius?
773 1653 866 1701 He.
886 1670 934 1715 v,
953 1658 1001 1701 3.
1018 1658 1048 1701 5
1095 1652 1355 1700 Intervenit
1371 1652 1646 1699 adolescens

597 1717 791 1781 quidam
811 1717 1072 1781 lacrymans
1105 1716 1196 1764 Ph.
1215 1716 1251 1773 i,
1274 1720 1324 1764 2.
1347 1720 1411 1764 42
1460 1714 1645 1777 Impru-

597 1782 716 1828 dens
751 1780 907 1829 timuit
943 1780 1218 1827 adolescens
1281 1779 1371 1827 Ph.
1403 1780 1456 1836 ii,
1495 1784 1540 1829 1.
1579 1784 1645 1828 64

595 1844 905 1899 Adolescens,
925 1844 1121 1907 primum
1139 1844 1222 1891 abs
1243 1849 1292 1890 te
1312 1844 1402 1891 hoc
1422 1844 1545 1889 bona
1563 1857 1647 1889 ve-

597 1908 678 1955 nia
694 1914 805 1971 peto
838 1909 928 1956 Ph.
951 1908 1005 1962 ii,
1027 1912 1074 1957 3.
1095 1912 1155 1956 31
1206 1905 1284 1954 Ne
1306 1914 1353 1954 te
1375 1906 1647 1963 adolescens

597 1972 764 2019 mulier
797 1972 1025 2033 defatiget
1071 1970 1164 2017 Ph.
1201 1986 1249 2026 v,
1285 1975 1334 2020 8.
1362 1974 1420 2019 11
1485 1970 1645 2016 Homo

600 2035 892 2091 adolescens,
914 2035 954 2081 si
981 2034 1122 2081 habet
1141 2049 1284 2081 unam
1321 2032 1520 2080 amicam
1552 2033 1647 2082 Ph.

598 2114 648 2156 v,
671 2104 719 2147 8.
741 2104 804 2148 62
853 2100 1042 2147 Bonum
1077 2097 1316 2160 ingenium
1348 2111 1502 2143 narras
1532 2098 1648 2144 ado-

597 2162 817 2211 lescentis
861 2160 926 2211 A.
947 2154 1018 2219 iii,
1035 2169 1080 2211 1.
1103 2166 1135 2210 8
1201 2161 1365 2208 Istunc
1417 2161 1649 2208 servolum

604 2227 716 2275 dico
745 2226 1055 2275 adolescentis
1103 2226 1225 2273 Hea.
1257 2226 1327 2284 iii,
1350 2229 1399 2273 2.
1418 2229 1484 2272 20
1533 2224 1649 2271 Fero

601 2290 782 2352 flagitia
829 2291 890 2337 ad
934 2297 982 2336 te
1021 2290 1135 2336 boni
1174 2287 1300 2335 illius
1341 2288 1652 2335 adolescentis

599 2350 700 2401 Ad.
719 2353 784 2407 iv,
795 2357 842 2402 7.
863 2358 894 2401 4
918 2352 994 2399 Ita
1007 2359 1183 2415 patrem
1197 2351 1510 2398 adolescentis
1525 2352 1653 2398 facta

600 2417 706 2463 haec
746 2416 936 2463 tolerare
975 2416 1115 2463 audio
1151 2414 1376 2462 violenter
1422 2414 1510 2461 Ph.
1533 2430 1581 2471 v,
1606 2419 1653 2463 1.

601 2484 636 2530 4
686 2480 828 2529 Pater
847 2479 1156 2528 adolescentis
1174 2478 1303 2526 venit
1345 2477 1436 2526 Ph.
1459 2495 1504 2535 v,
1521 2482 1565 2529 1.
1587 2482 1649 2528 35

600 2542 790 2592 Veritus
811 2551 884 2592 est
903 2544 1092 2606 optimas
1101 2542 1390 2592 adolescenti
1405 2542 1557 2590 facere
1576 2543 1651 2590 in·

595 2607 768 2671 jurium
802 2606 867 2657 A.
888 2607 957 2663 iii,
976 2613 1025 2656 2.
1044 2612 1077 2656 8
1143 2606 1308 2663 Dolet,
1344 2607 1523 2654 dictum
1557 2605 1648 2653 im·

597 2672 824 2734 prudenti
855 2671 1142 2720 adolescenti
1161 2681 1212 2719 et
1231 2672 1375 2718 libero
1406 2670 1498 2719 Eu.
1513 2670 1583 2726 iii,
1599 2676 1647 2721 1.

603 2739 671 2785 40
704 2735 922 2798 Fingeret
940 2735 1164 2791 fallacias,
1189 2736 1314 2783 unde
1326 2742 1449 2783 esset
1463 2734 1647 2782 adoles-

601 2798 748 2856 centi,
765 2798 928 2847 amicae
949 2801 1076 2862 quod
1097 2800 1231 2847 daret
1260 2798 1384 2849 Hea.
1420 2797 1494 2853 iii,
1514 2803 1564 2847 2.
1583 2803 1648 2847 23

603 2862 913 2913 Adolescenti
928 2879 1098 2910 morem
1115 2871 1294 2925 gestum
1309 2863 1516 2926 oportuit
1548 2861 1650 2912 Ad.

604 2925 657 2983 ii,
681 2931 731 2976 2.
752 2932 786 2976 fl
828 2927 988 3002 Atque
1004 2926 1287 2976 adolescenti
1310 2942 1436 2974 esses
1455 2926 1651 2988 morige-

603 2996 732 3038 ratus
763 2989 863 3038 Ad.
887 2991 941 3048 ii,
963 2995 1008 3039 2.
1029 2995 1090 3039 10
1122 2990 1427 3039 Adolescenti
1447 2990 1541 3052 ipsi
1559 2989 1649 3037 eri·

605 3069 767 3116 perem
787 3054 948 3102 oculos
997 3053 1096 3103 Ad.
1117 3055 1188 3110 iii,
1210 3059 1260 3104 2.
1279 3059 1344 3103 20
1387 3053 1496 3102 Jarn
1533 3055 1651 3101 ado-

605 3117 804 3166 lescenti
821 3118 935 3166 nihil
954 3126 1042 3174 est,
1062 3120 1190 3182 quod
1211 3133 1510 3166 succenseam
1554 3117 1649 3167 Ph.

604 3179 663 3240 ii,
684 3186 731 3230 3.
755 3187 818 3231 14
865 3182 1082 3239 Numam
1110 3183 1332 3242 virginem
1354 3182 1523 3237 locavi,
1540 3182 1652 3229 huic

605 3245 898 3293 adolescenti
928 3245 1016 3290 Ph.
1039 3260 1086 3298 v,
1110 3249 1235 3293 1.25
1269 3245 1356 3291 Me
1378 3243 1481 3305 ejus
1514 3259 1651 3306 spero

602 3307 791 3355 fratrem
826 3307 1100 3369 repperisse,
1146 3306 1491 3354 adolescentem
1531 3308 1652 3354 adeo

604 3370 812 3416 nobilem
866 3369 957 3420 Eu.
988 3369 1025 3425 i,
1054 3374 1102 3418 2.
1142 3374 1233 3418 124
1289 3370 1410 3426 Quae
1459 3369 1653 3418 liberum

602 3433 718 3482 scire
753 3447 938 3495 aequum
977 3441 1049 3480 est
1089 3433 1431 3482 adolescentem
1464 3433 1554 3482 Eu.
1587 3435 1659 3496 iii,

604 3501 656 3546 2.
701 3501 763 3545 25
841 3496 944 3544 Etsi
986 3496 1329 3544 adolescentem
1387 3499 1477 3545 hoc
1526 3499 1654 3546 nolle

609 3560 822 3624 intelligo
854 3559 977 3608 Hea.
1000 3560 1069 3616 iii,
1093 3565 1138 3608 1.
1161 3565 1190 3609 8
1239 3562 1336 3611 Cur
1356 3561 1514 3624 perdis
1537 3564 1652 3610 ado-

605 3621 860 3672 lescentem
894 3624 1064 3671 nobis?
1118 3623 1216 3674 Ad.
1254 3626 1288 3681 i,
1325 3629 1368 3673 1.
1391 3629 1454 3675 36
1507 3625 1653 3674 Mitte

607 3689 971 3745 adolescentem,
1014 3689 1205 3736 obsecro
1276 3688 1371 3736 He.
1407 3689 1472 3750 iv,
1506 3694 1553 3739 1.
1586 3694 1649 3738 41

605 3752 869 3802 Conferant
920 3753 1117 3800 consilia
1157 3752 1477 3801 adolescentes
1529 3751 1652 3800 Hea.

606 3816 678 3872 iii,
706 3821 752 3866 1.
773 3821 836 3865 65
871 3815 968 3865 Cur
989 3823 1139 3880 partes
1158 3817 1260 3864 seni
1280 3815 1434 3865 Poeta
1453 3817 1653 3874 dederit,

641 3896 720 3928 uae
736 3887 848 3928 sunt
885 3880 1252 3928 adolescentium
1301 3880 1423 3928 Hea.
1453 3880 1580 3929 Ptol.
1618 3886 1651 3931 2

679 3959 742 3991 no
767 3959 885 4000 sum,
919 3944 1100 4003 fateor;
1132 3944 1360 4005 pernicies
1395 3946 1653 3993 communis

610 4008 979 4056 adolescentium
1000 4007 1096 4056 Ad.
1112 4007 1164 4062 ii,
1183 4011 1228 4056 1.
1241 4012 1303 4056 34
1355 4008 1653 4056 Mussitanda

608 4067 782 4132 injuria
813 4071 1180 4120 adolescentium
1201 4080 1272 4118 est
1314 4070 1406 4119 Ad.
1447 4071 1498 4128 ii,
1520 4076 1565 4120 1.
1586 4077 1651 4120 58

611 4131 767 4188 Quam
799 4135 950 4198 iniqui
967 4143 1075 4183 sunt
1090 4143 1242 4198 patres
1262 4135 1655 4184 in‘adolescentes

605 4194 792 4260 judices
824 4199 947 4258 Hea.
967 4199 1020 4257 ii,
1041 4205 1089 4249 1.
1112 4204 1140 4248 1

677 4258 1025 4312 Adolescentia.
1122 4263 1304 4312 Affines
1344 4278 1446 4312 esse
1487 4278 1655 4322 rerum,

615 4338 731 4388 quas
767 4323 856 4373 fert
897 4326 1211 4378 adolescentia
1273 4326 1396 4377 Hea.
1435 4327 1508 4394 ii,
1533 4333 1578 4380 1.
1622 4333 1655 4378 ⁸

1710 566 1831 623 Quae
1851 565 1941 613 fert
1962 564 2279 615 adolescentia
2300 564 2397 614 Ad.
2412 566 2446 624 i,
2472 571 2520 616 1.
2539 570 2603 617 28
2650 570 2763 618 Per·

1708 632 1854 679 suasit
1886 645 1999 686 nox,
2036 646 2180 687 amor,
2223 632 2400 688 vinum,
2449 632 2763 681 adolescentia

1710 693 1809 742 Ad.
1831 694 1901 751 iii,
1922 698 1969 741 4.
1991 699 2056 743 24
2090 695 2147 742 Id
2164 694 2325 742 vitium
2348 710 2589 758 nunquam
2610 698 2768 745 decre-

1713 758 2271 869 1255<3?.5{2;?g¹‡2‘23¹
2274 759 2621 870 ἶῗοιῖξὲὲέἑὲ.
2634 765 2767 872 ¹3?ss

1710 885 1765 941 ii,
1788 891 1836 935 1.
1860 889 1926 935 44
1972 887 2092 941 Quae
2112 900 2215 939 nos,
2252 892 2548 949 nostramque
2578 887 2765 935 adoles-

1712 948 1913 997 centiam
1948 950 2127 997 habent
2174 950 2461 1011 despicatam
2506 950 2595 997 Eu.
2625 950 2679 1006 ii,
2715 954 2765 1001 3.

1712 1018 1775 1063 91
1830 1014 2083 1075 Sperabam
2096 1012 2197 1075 jam
2219 1013 2471 1061 defervisse
2492 1014 2767 1063 adolescen-

1714 1077 1825 1124 tiam
1857 1076 1955 1123 Ad.
1991 1078 2024 1131 i,
2060 1082 2110 1126 2.
2149 1080 2215 1125 72
2300 1076 2421 1133 Quae
2456 1086 2767 1141 vos-propter

1714 1140 2079 1188 adolescentiam
2110 1140 2267 1187 minus
2294 1140 2461 1188 videtis
2515 1139 2613 1187 Ad.
2645 1158 2691 1196 v,
2714 1146 2767 1190 9.
2812 1156 2819 1161 ·

1714 1208 1777 1253 35
1842 1203 2073 1251 Dissimili
2108 1204 2264 1250 studio
2296 1211 2384 1259 est,
2413 1204 2514 1267 jam
2558 1205 2669 1252 inde
2706 1207 2768 1253 ab

1718 1269 2035 1317 adolescentia
2066 1266 2163 1317 Ad.
2184 1268 2217 1330 i,
2240 1272 2285 1316 1.
2310 1273 2372 1316 16

1784 1330 2161 1381 Adolescentior.
2240 1330 2349 1387 Quo
2374 1328 2484 1393 jure
2518 1346 2621 1379 sum
2656 1348 2772 1380 usus

1719 1396 2059 1443 adolescentior
2090 1395 2181 1443 He.
2203 1393 2305 1442 Alt.
2325 1394 2449 1442 Prol.
2472 1398 2501 1443 3

1785 1458 2172 1507 Adolescentula.
2240 1459 2373 1509 Forte
2417 1474 2555 1505 unam
2588 1458 2769 1521 aspicio

1718 1523 2114 1571 adolescentulam
2147 1520 2212 1571 A.
2235 1522 2272 1578 i,
2309 1527 2355 1570 1.
2374 1527 2436 1572 91
2485 1522 2559 1569 Ea
2588 1530 2771 1570 mortua

1718 1593 1805 1633 est.
1836 1586 2022 1650 reliquit
2042 1587 2183 1634 filiam
2220 1586 2613 1634 adolescentulam
2647 1586 2769 1634 Hea.

1718 1650 1789 1706 iii,
1812 1654 1859 1699 3.
1882 1655 1942 1699 41
1995 1651 2151 1708 Quam
2174 1650 2374 1697 Bacchis
2392 1666 2550 1697 secum
2571 1652 2770 1699 adduxit

1718 1714 2115 1762 adolescentulam
2146 1714 2269 1762 Hea.
2288 1714 2353 1770 iv,
2377 1719 2423 1762 1.
2445 1717 2507 1762 41

1784 1775 2196 1826 Adolescentulus.
2284 1778 2395 1825 Una
2446 1778 2495 1825 in
2549 1777 2773 1827 convivio

1720 1849 1819 1888 erat
1840 1843 1914 1889 hic
1926 1842 2143 1889 Rhodius
2159 1840 2535 1891 adolescentulus
2584 1841 2674 1890 Eu.
2696 1844 2767 1900 iii,

1723 1908 1775 1952 1.
1808 1909 1870 1953 33
1939 1904 2019 1952 Ad
2041 1920 2127 1952 nos
2148 1906 2377 1953 deductus
2400 1905 2541 1952 hodie
2561 1913 2633 1952 est
2652 1908 2768 1953 ado·

1720 1966 2000 2017 lescentulus
2021 1969 2113 2017 Eu.
2131 1969 2195 2030 iv,
2212 1973 2260 2017 4.
2284 1973 2346 2018 19
2384 1968 2635 2025 Quomodo
2656 1971 2769 2017 ado-

1720 2031 2011 2088 lescentulus,
2044 2033 2329 2080 meretricum
2370 2032 2563 2097 ingenia
2611 2042 2773 2095 posset

1721 2111 1915 2145 noscere
1968 2095 2061 2144 Eu.
2102 2112 2151 2152 v,
2184 2102 2233 2145 4.
2275 2100 2308 2145 9
2375 2096 2769 2145 Adolescentulus

1722 2175 1847 2222 saepe
1867 2160 2050 2216 eadem,
2066 2167 2116 2207 et
2131 2160 2329 2222 graviter
2342 2160 2598 2217 audiendo,
2620 2162 2775 2209 victus

1722 2230 1797 2271 est
1840 2224 1962 2271 Hea.
2000 2225 2036 2280 i,
2067 2230 2114 2273 1.
2134 2228 2195 2273 61
2264 2223 2335 2272 Ut
2366 2224 2571 2271 animum
2608 2225 2771 2273 decuit

1723 2295 1945 2349 aegrotum
1966 2287 2319 2344 adolescentuli,
2352 2294 2545 2335 tractare
2588 2287 2711 2337 Hea.
2732 2288 2772 2345 i,

1725 2355 1773 2399 1.
1793 2355 1861 2400 48
1892 2351 1973 2398 Ad
1995 2359 2042 2398 te
2062 2350 2274 2412 adjutare
2295 2359 2479 2415 oportet
2498 2352 2769 2401 adolescen-

1724 2414 1814 2461 tuli
1830 2430 1973 2462 causa
1993 2415 2117 2463 Hea.
2140 2416 2212 2471 iii,
2235 2420 2284 2463 2.
2302 2420 2364 2465 35
2412 2414 2619 2464 Functus
2652 2418 2773 2464 ado·

1727 2478 1972 2527 lescentuli
2006 2486 2077 2527 est
2110 2479 2312 2528 officium
2352 2480 2552 2528 liberalis
2609 2481 2696 2529 Ph.
2717 2480 2771 2539 ii,

1733 2547 1777 2592 1.
1800 2548 1859 2592 sl
1916 2543 2113 2591 Homini
2148 2544 2496 2592 adolescentulo
2530 2546 2672 2592 filiam
2716 2553 2773 2593 ut

1724 2607 1881 2654 darem
1905 2606 1969 2656 A.
1996 2624 2043 2662 v,
2091 2611 2135 2656 1.
2178 2612 2211 2656 9
2264 2608 2517 2665 Quomodo
2576 2609 2769 2657 minimo

1724 2670 1900 2732 periclo
1942 2671 1993 2719 id
2038 2671 2201 2719 demus
2252 2671 2599 2720 adolescentulo
2647 2673 2774 2720 Hea.

1722 2735 1793 2788 iii,
1816 2739 1864 2784 1.
1888 2739 1954 2784 08
2002 2734 2048 2783 0
2069 2734 2305 2783 infelicem
2338 2736 2771 2785 adolescentulum!

1722 2797 1815 2848 Eu.
1836 2814 1884 2855 v,
1905 2804 1954 2847 5.
1977 2803 2004 2848 1
2054 2799 2309 2848 Perdidisti
2326 2800 2484 2856 istum,
2523 2815 2661 2862 quern
2682 2801 2772 2848 ad-

1723 2863 1856 2910 duxti
1878 2878 1961 2925 pro
1994 2864 2211 2910 eunucho
2244 2863 2640 2911 adolescentulum
2676 2863 2767 2914 Eu.

1724 2942 1771 2982 v,
1794 2933 1840 2975 6.
1859 2931 1888 2976 7
1924 2926 2021 2983 Qui
2042 2927 2235 2974 stultum
2255 2927 2653 2976 adolescentulum
2684 2944 2771 2975 no-

1724 2988 1881 3038 bilitas
1920 2989 2107 3054 flagitiis
2172 2991 2264 3040 Eu.
2300 3007 2345 3048 v,
2384 2996 2436 3041 7.
2473 2996 2537 3040 20
2599 2990 2770 3039 Filium

1724 3055 1915 3102 unicum
1953 3055 2351 3102 adolescentulum
2390 3056 2540 3102 habeo
2590 3055 2712 3103 Hea.
2734 3055 2773 3112 i,

1728 3123 1774 3166 1.
1797 3121 1860 3167 41
1910 3117 2065 3165 Nimis
2086 3119 2282 3181 graviter
2300 3118 2477 3166 cruciat
2496 3119 2774 3166 adolescen-

1723 3181 1872 3228 tulum
1905 3181 2026 3230 Hea.
2056 3199 2104 3239 v,
2129 3188 2177 3230 5.
2204 3187 2228 3230 1
2294 3180 2406 3228 Non
2441 3191 2512 3228 est
2542 3182 2773 3244 flagitium

1725 3245 2127 3308 adolescentulum
2158 3244 2345 3293 scortari
2385 3243 2485 3293 Ad.
2520 3245 2558 3300 i,
2599 3251 2649 3294 2.
2702 3251 2767 3294 21

1725 3307 1839 3354 Non
1860 3316 1931 3355 est
1950 3308 2192 3371 flagitium,
2212 3309 2365 3358 facere
2384 3310 2485 3357 haec
2501 3310 2774 3358 adolescen-

1726 3371 1904 3418 tulum!
1939 3370 2039 3420 Ad.
2057 3372 2093 3430 i,
2114 3377 2163 3422 2.
2183 3378 2247 3423 32
2300 3373 2428 3430 Quia
2447 3388 2675 3437 nusquam
2696 3374 2773 3421 in-

1728 3450 1890 3484 sanum
1946 3435 2133 3499 scripsit
2194 3437 2593 3486 adolescentulum
2676 3437 2768 3488 Ph.

1727 3499 1853 3546 Prol.
1891 3505 1925 3550 6
1966 3500 2107 3557 Quod
2145 3500 2355 3565 plerique
2391 3516 2551 3548 omnes
2590 3501 2773 3549 faciunt

1726 3563 2065 3612 adolescentuli
2097 3563 2161 3613 A.
2185 3566 2223 3622 i,
2246 3569 2291 3614 1.
2326 3569 2392 3613 28
2436 3563 2556 3612 Heri
2588 3564 2771 3628 aliquot

1726 3627 2066 3676 adolescentuli
2087 3628 2265 3676 coimus
2282 3628 2332 3675 in
2354 3629 2535 3676 Piraeo
2581 3628 2673 3676 Eu.
2694 3629 2769 3686 iii,

1724 3694 1774 3739 4.
1794 3695 1820 3738 1
1869 3690 1938 3738 Ut
1955 3691 2291 3739 adolescentuli
2313 3693 2444 3740 vobis
2468 3693 2650 3755 placere
2671 3700 2772 3741 stu-

1725 3754 1871 3802 deant
1890 3755 2047 3816 potius
2080 3755 2201 3803 Hea.
2223 3755 2350 3802 Prol-
2370 3761 2430 3806 51
2484 3754 2639 3804 Nesse
2668 3772 2768 3804 om-

1725 3818 1802 3864 nia
1833 3821 1951 3871 haec.
1972 3817 2097 3865 salus
2114 3826 2186 3866 est
2202 3819 2563 3868 adolescentulis
2607 3819 2699 3868 Eu.
2722 3837 2770 3876 v,

1723 3885 1775 3930 4.
1798 3885 1859 3932 18
1909 3880 2088 3929 Odiosa
2110 3883 2210 3930 haec
2225 3890 2298 3930 est
2319 3892 2430 3931 aetas
2448 3884 2771 3932 adolescentu-

1724 3945 1781 3992 lis
1834 3945 1927 3994 He.
1949 3945 2016 4000 iv,
2050 3950 2097 3994 3.
2134 3951 2193 3994 13
2268 3947 2403 3995 Tune
2440 3947 2518 3995 hic
2558 3949 2769 3995 homines

1724 4008 2092 4059 adolescentulus
2114 4010 2165 4057 in·
2183 4009 2393 4060 fraudem
2426 4011 2594 4060 illicis?
2637 4010 2700 4058 A.
2722 4029 2773 4068 v,

1789 4135 2002 4200 Adopto.
2056 4137 2158 4200 Ego
2186 4139 2313 4187 hunc
2330 4137 2551 4200 majorem
2570 4139 2771 4202 (filiurn)

1724 4201 1946 4264 adoptavi
1968 4202 2082 4248 mihi
2114 4201 2212 4251 Ad.
2234 4203 2328 4258 i.1.
2352 4207 2417 4251 22
2448 4203 2599 4250 Tuum
2622 4202 2770 4249 filium

1725 4265 1896 4312 dedisti
1930 4266 2253 4328 adoptandum
2274 4266 2386 4313 mihi
2429 4265 2529 4317 Ad.
2562 4265 2597 4320 i.
2617 4271 2665 4319 2.
2703 4270 2771 4316 34

1727 4328 1888 4392 Major
1906 4329 2027 4379 filius
2048 4329 2469 4394 AEschinus,quem
2480 4329 2607 4380 fratri
2619 4329 2769 4394 adop-
