3192 4975
592 417 745 483 cciv

588 580 698 629 Nisi
721 580 800 643 pol
823 579 968 627 filium
993 578 1150 627 multis
1171 580 1322 628 modis
1351 579 1452 643 jam
1472 597 1643 643 expec—

589 653 656 703 to,
681 653 734 693 ut
752 645 912 693 redeat
929 645 1122 691 domum
1155 644 1250 693 He.
1269 645 1323 701 ii,
1341 651 1388 694 3.
1406 651 1436 695 7
1469 646 1642 695 Multae

588 718 698 759 sunt
711 726 878 762 causa-³.
893 710 1191 771 quamobrem
1207 711 1392 772 cupiam
1409 711 1644 759 abducere

587 774 679 823 Eu.
704 774 736 834 1,
753 781 802 823 2.
827 778 888 823 65
933 773 1228 821 Concurrunt
1263 776 1422 821 multae
1457 776 1641 837 opimo·

586 856 687 893 nes,
709 854 814 901 quae
849 837 970 887 Hea.
994 838 1046 899 ii,
1067 844 1116 886 2.
1140 841 1168 886 3
1211 838 1390 887 Multas
1413 840 1641 888 contami-

585 919 720 951 nasse
755 902 962 957 Graecas,
986 902 1096 947 dum
1119 902 1233 949 facit
1255 920 1426 969 paucas
1450 904 1643 951 Latinas

586 968 706 1015 Hea.
731 966 858 1016 Prol.
881 971 942 1016 17
993 967 1151 1013 Multa
1189 979 1470 1016 concurrunt
1503 970 1643 1017 simul

587 1032 646 1081 A.
667 1032 739 1093 iii,
760 1034 806 1079 2.
831 1036 890 1079 31
929 1030 1082 1087 Quam
1107 1031 1252 1079 multa
1267 1030 1440 1095 injusta
1457 1050 1512 1081 ac
1535 1050 1641 1097 pra·

584 1112 642 1143 va
665 1096 784 1143 fiunt
809 1096 1035 1143 moribus!
1073 1096 1192 1143 Hea.
1229 1096 1292 1153 iv,
1314 1102 1362 1146 7.
1389 1104 1444 1147 11
1485 1098 1643 1145 Multa

583 1161 635 1207 in
659 1160 864 1217 homine,
888 1160 1086 1215 Demea,
1109 1161 1238 1223 signa
1262 1162 1438 1216 insunt.
1457 1180 1515 1209 ex
1538 1164 1643 1225 qui-

585 1225 671 1273 bus
725 1224 820 1271 Ad.
867 1242 913 1287 v,
936 1230 980 1273 3.
1005 1230 1068 1273 35
1123 1224 1337 1272 Sumtum
1380 1228 1601 1275 admittet
1625 1244 1640 1287 3

583 1290 730 1340 multa
764 1288 861 1337 Ad.
903 1306 948 1346 v,
971 1292 1018 1337 7.
1043 1294 1100 1338 15
1161 1290 1320 1337 Multa
1341 1307 1397 1339 ex
1421 1308 1514 1355 quo
1537 1294 1640 1339 fue-

583 1354 677 1401 rint
696 1356 944 1401 commoda
975 1352 1068 1403 He.
1104 1371 1148 1409 v,
1175 1358 1221 1403 3.
1244 1360 1308 1403 -12
1359 1354 1516 1403 Multa
1556 1358 1640 1403 ad—

583 1418 813 1479 venienti,
859 1429 910 1466 ut
953 1419 1026 1479 fit,
1069 1435 1190 1465 nova
1234 1420 1331 1478 hic,
1381 1420 1643 1484 compluria

583 1482 878 1546 (narrantur)
925 1483 1015 1534 Ph.
1051 1483 1116 1539 iv,
1137 1488 1183 1532 3.
1207 1488 1239 1532 6
1293 1482 1378 1531 Ait
1399 1486 1484 1532 tibi
1525 1502 1639 1531 uxo-

583 1562 676 1595 rem
701 1550 812 1596 dare
835 1564 884 1595 se
906 1547 1076 1596 hodie:
1117 1548 1228 1595 item
1267 1549 1359 1595 alia
1397 1550 1543 1598 multa
1576 1548 1641 1597 A.

580 1610 633 1667 ii,
655 1616 703 1660 2.
729 1617 788 1662 17
824 1612 1037 1675 Ingeram
1062 1612 1180 1659 nrala
1199 1612 1378 1660 multa?
1416 1614 1480 1663 A.
1502 1615 1565 1670 iv,
1596 1620 1640 1664 1.

583 1680 646 1724 16
680 1676 848 1724 Habeo
870 1678 962 1725 alia
985 1677 1151 1734 multa,
1175 1693 1280 1740 quae
1303 1694 1429 1726 nunc
1461 1680 1641 1727 condo·

582 1740 771 1787 nabitur
824 1740 915 1791 Eu.
961 1740 1087 1791 Prol.
1135 1747 1195 1790 17
1254 1742 1382 1799 Quid
1422 1744 1505 1790 tibi
1549 1760 1639 1807 ego

582 1804 732 1851 multa
752 1806 905 1853 dicam
929 1806 946 1853 ?
982 1806 1072 1853 Eu.
1093 1806 1162 1861 iii,
1180 1810 1228 1855 2.
1247 1812 1310 1855 43
1347 1806 1475 1863 Quid
1496 1810 1641 1856 multa

583 1870 722 1915 verba
740 1870 757 1916 ?
781 1885 933 1917 amare
955 1871 1076 1933 coepi
1127 1870 1217 1917 Eu.
1254 1871 1324 1933 iii,
1346 1878 1392 1920 5.
1414 1878 1477 1921 20
1525 1873 1641 1921 Haec

582 1940 724 1996 atquc
747 1933 1016 1996 hujusmodi
1049 1950 1150 1981 sum
1182 1935 1330 1983 multa
1369 1952 1501 1998 passa
1553 1938 1641 1985 Eu.

582 1997 647 2053 iv,
671 2003 720 2047 6.
745 2002 776 2047 8
812 1998 968 2058 Multa
991 1999 1246 2047 fertlibido
1278 2000 1400 2047 Hea.
1427 2002 1552 2062 iii‚3.
1577 2008 1640 2051 12

582 2060 719 2109 Male
741 2065 884 2111 docet
907 2072 953 2110 te
975 2080 1080 2112 mea
1101 2064 1302 2111 facilitas
1325 2065 1469 2112 multa
1519 2066 1641 2115 Hea.

579 2126 644 2181 iv,
673 2131 716 2175 1.
737 2132 798 2176 35
836 2128 1095 2185 Coe'misse,
1119 2128 1230 2177 hinc
1248 2145 1352 2192 quae
1370 2130 1482 2179 illuc
1501 2132 1642 2180 vehe-

582 2205 670 2245 res,
695 2193 840 2239 multa
887 2192 982 2241 Ad.
1027 2194 1076 2249 ii,
1099 2199 1147 2241 2.
1175 2198 1234 2242 1⁷
1285 2194 1540 2250 Quodnam
1579 2197 1641 2244 ob

579 2254 794 2303 factum?
830 2256 924 2305 De.
961 2258 1120 2305 Multa
1153 2258 1248 2306 Ad.
1287 2274 1333 2316 V,
1357 2264 1404 2307 9.
1427 2264 1460 2309 4
1507 2260 1639 2316 Quid

581 2319 742 2366 multis
762 2337 914 2368 moror
933 2322 950 2367 ?
983 2322 1049 2367 A.
1072 2322 1102 2376 i,
1126 2326 1170 2369 1.
1188 2322 1250 2370 87

647 2382 881 2441 Mundus,
904 2400 948 2441 a,
973 2401 1067 2431 um.
1105 2386 1226 2441 Quae
1248 2388 1358 2433 dum
1377 2388 1486 2435 soris
1509 2396 1639 2450 sunt,

581 2446 700 2494 nihil
724 2448 907 2497 videtur
939 2450 1176 2506 mundius,
1209 2466 1296 2498 nec
1335 2453 1480 2516 magis
1511 2469 1638 2502 com-

583 2514 785 2576 positum
810 2514 1062 2576 quicquam
1104 2515 1194 2560 Eu.
1221 2532 1264 2571 v,
1286 2520 1335 2565 4.
1361 2523 1424 2566 12

651 2577 893 2625 Muneror.
943 2577 1209 2641 Disciplina
1229 2588 1300 2628 est
1322 2581 1514 2637 eisdem,
1536 2599 1641 2629 mu-

583 2641 785 2692 nerarier
805 2643 996 2691 ancillas
1019 2645 1216 2706 primum
1251 2646 1372 2694 Hea.
1395 2647 1448 2702 ii,
1472 2651 1518 2694 3.
1543 2653 1608 2695 59

649 2709 842 2755 Munus.
883 2731 886 2736 ·
908 2707 984 2768 Ei,
1009 2710 1167 2765 credo,
1194 2723 1360 2756 munus
1379 2711 1467 2757 hoc
1487 2727 1640 2758 corra-

581 2771 707 2820 ditur
739 2772 829 2820 Ph.
851 2772 887 2829 i,
911 2777 959 2821 l.
981 2777 1013 2821 6
1049 2773 1228 2820 Munus
1251 2782 1455 2820 nostrum
1475 2783 1639 2823 ornato

582 2837 732 2884 verbis
779 2836 869 2887 Eu.
909 2837 964 2895 ii,
990 2842 1034 2885 l.
1063 2841 1092 2885 8
1148 2840 1302 2894 Quam
1346 2839 1435 2886 hoc
1472 2855 1640 2888 munus

580 2903 762 2966 gratum
781 2901 948 2956 Thaidi
973 2901 1190 2950 arbitrare
1212 2903 1346 2950 esse?
1392 2903 1480 2950 Eu.
1516 2903 1566 2960 ii,
1589 2910 1641 2954 2.

581 2971 646 3016 44
696 2967 937 3028 Lauteque
967 2981 1136 3012 munus
1153 2966 1483 3014 administrasti
1507 2976 1639 3016 tuum

581 3031 678 3079 Ad.
703 3048 750 3086 v,
778 3035 820 3078 1.
843 3036 873 3078 2
910 3030 1030 3078 Hice
1050 3031 1141 3078 ho'c
1160 3048 1348 3079 munere
1361 3033 1643 3080 arbitrantur

583 3110 711 3142 suam
735 3095 960 3142 Thaidem
985 3111 1084 3142 csse
1120 3095 1206 3143 Eu.
1254 3095 1304 3152 ii,
1329 3102 1374 3146 2.
1399 3102 1462 3146 38
1518 3099 1641 3154 Quis

581 3167 655 3206 est
677 3171 770 3206 tam
795 3169 962 3222 potens
983 3175 1090 3206 cum
1121 3169 1251 3208 tanto
1287 3177 1474 3210 munere
1511 3165 1638 3211 hoc?

583 3223 675 3272 Eu.
716 3225 765 3280 ii,
788 3229 834 3271 3.
856 3229 916 3272 61
967 3223 1062 3270 Hic
1100 3241 1184 3286 pro
1222 3225 1302 3271 illo
1336 3242 1526 3274 munere
1552 3228 1638 3275 tibi

581 3289 732 3334 honos
775 3295 846 3333 est
886 3287 1070 3334 habitus
1105 3287 1195 3336 Eu.
1235 3307 1278 3343 v,
1303 3293 1350 3336 7.
1373 3297 1435 3339 22
1479 3292 1639 3338 Sinam

581 3351 682 3397 sine
705 3367 894 3398 munere
918 3367 946 3396 a
969 3367 1041 3398 mc
1061 3353 1188 3400 abire
1212 3355 1229 3400 ?
1279 3355 1372 3404 He.
1410 3374 1456 3412 v,
1483 3360 1534 3405 4.
1576 3362 1637 3406 13

583 3414 916 3478 Geta‘ferietur
937 3415 1028 3462 alio
1055 3433 1240 3465 munere
1275 3419 1365 3466 Ph.
1388 3421 1420 3476 i,
1442 3425 1486 3468 1.
1509 3424 1570 3468 13

647 3479 882 3536 Musicus,
905 3496 949 3535 a,
969 3497 1064 3528 um.
1099 3482 1260 3530 Nolite
1283 3485 1431 3531 sinere
1456 3501 1539 3547 per
1556 3502 1639 3533 vos

584 3553 726 3591 artem
769 3546 988 3592 musicam
1020 3547 1222 3595 recidere
1241 3548 1301 3595 ad
1320 3565 1496 3613 paucos
1545 3550 1637 3599 He.

583 3609 682 3656 Ait.
697 3609 824 3656 Prol.
848 3614 910 3658 38
936 3609 1186 3666 QuIartem
1203 3620 1400 3660 tractant
1413 3615 1636 3662 musicam

587 3673 678 3721 Ph.
700 3674 826 3722 Prol.
853 3679 912 3723 18
947 3675 1102 3738 Prope
1117 3675 1218 3738 jam
1243 3687 1466 3725 remotum
1489 3681 1546 3726 ab
1572 3681 1640 3726 la-

581 3739 712 3793 bore,
732 3747 874 3801 atque
899 3747 995 3786 arte
1017 3743 1194 3788 musica
1242 3742 1335 3791 He.
1373 3743 1471 3789 Alt.
1512 3744 1637 3793 Prol.

584 3808 643 3852 15
681 3803 903 3865 Repente
925 3806 983 3850 ad
1003 3806 1209 3852 studium
1235 3807 1360 3854 hunc
1395 3824 1444 3854 se
1485 3809 1638 3870 appli-

581 3883 710 3915 casse
731 3868 953 3914 musicum
991 3869 1111 3916 Hea.
1135 3871 1260 3918 Ptol.
1281 3875 1343 3920 23
1401 3871 1494 3918 Fac
1517 3875 1639 3934 peri-

587 3932 744 3980 culum
766 3933 813 3979 in
838 3933 1002 3992 literis,
1023 3935 1072 3981 iu
1089 3936 1280 3992 musicis
1312 3935 1401 3982 Eu.
1426 3936 1493 3991 iii,
1511 3943 1558 3984 2.
1574 3943 1641 3988 24

652 3997 872 4046 Mussito.
937 3997 1255 4060 Accipiunda,
1285 4008 1334 4046 et
1355 4001 1643 4048 mussitanda

585 4061 757 4123 injuria
779 4062 1146 4109 adolescentium
1169 4072 1241 4110 est
1273 4063 1372 4112 Ad.
1398 4065 1446 4125 ii,
1473 4071 1516 4113 1.
1543 4071 1606 4114 53

648 4126 971 4174 Mustellinum
1040 4128 1134 4175 Hic
1177 4136 1248 4174 est
1281 4137 1431 4183 vetus,
1470 4130 1637 4186 vietus,

583 4197 869 4246 veternosus,
893 4207 1053 4248 senex,
1073 4192 1226 4240 colore
1244 4193 1510 4240 mustellino
1547 4195 1639 4244 Eu.

583 4252 650 4311 iv,
672 4257 720 4299 4.
742 4259 806 4301 22

651 4315 881 4364 Mutatio.
947 4319 1077 4376 Quid
1101 4322 1192 4370 huc
1211 4322 1378 4372 reditio
1395 4323 1499 4370 est?
1522 4325 1637 4387 quid

1581 430 1821 482 mnssx

1718 580 1859 629 vestis
1900 579 2134 627 mutatio?
2190 580 2283 629 Eu.
2326 580 2389 638 iv,
2412 584 2463 631 4.
2482 583 2515 630 4
2564 580 2775 633 Mutatio

1718 646 1773 693 fit
1806 644 1903 694 He.
1923 645 1989 706 iv,
2012 650 2061 694 4.
2086 650 2143 694 11

1783 710 2003 757 Mutilo..
2045 710 2175 765 Quin
2196 710 2386 773 spolies,
2408 710 2612 767 mutiles,
2646 712 2771 763 lace-

1716 790 1807 833 res,
1828 790 2093 837 quenquem
2115 782 2256 825 nacta
2276 776 2339 822 sis
2372 775 2465 822 He.
2488 774 2521 830 i,
2550 781 2591 825 1.
2616 782 2649 825 8

1784 840 1959 887 Mutio.
2027 838 2161 887 Nihil
2177 838 2277 902 jam
2302 840 2465 887 mutire
2503 840 2657 888 audeo
2706 841 2773 891 Α.

1716 903 1788 963 iii,
1810 909 1857 952 2.
1878 910 1939 953 25
1976 902 2147 967 Neque
2170 919 2289 966 opus
2309 912 2381 952 est
2400 904 2555 967 (dicto
2574 902 2617 968 z)
2650 907 2773 954 adeo

1718 969 1885 1015 nrutito
1919 968 2013 1015 He.
2040 984 2085 1028 ν,
2102 972 2152 1017 4.
2174 974 2241 1017 26

1785 1034 1943 1079 Muto.
2012 1031 2155 1080 Haud
2178 1041 2308 1081 muto
2328 1032 2501 1081 factum
2552 1032 2613 1081 A.
2649 1034 2684 1095 i,
2724 1040 2771 1086 1.

1719 1101 1780 1146 13
1818 1096 1896 1144 De
1921 1114 2079 1155 uxore,
2100 1098 2169 1145 ita
2188 1106 2243 1145 ut
2264 1099 2466 1161 possedi,
2488 1098 2603 1145 nihil
2626 1107 2779 1148 mutat

1718 1160 1941 1209 Chremes
1987 1161 2052 1211 A.
2092 1179 2139 1219 v,
2160 1166 2208 1211 4.
2231 1168 2297 1211 46
2344 1162 2403 1209 Id
2428 1164 2638 1217 mutavit,
2661 1164 2775 1226 quia

1717 1240 1791 1273 me
1816 1226 2109 1273 immutatum
2132 1227 2261 1273 videt
2280 1228 2297 1273 ἓ
2346 1228 2411 1273 A.
2442 1227 2480 1281 i.
2500 1234 2549 1276 5.
2570 1232 2599 1276 7
2652 1228 2775 1283 Quae

1717 1305 1787 1337 res
1807 1298 1897 1338 tam
1919 1298 2111 1351 repente
2130 1304 2279 1337 mores
2290 1291 2489 1338 mutavit
2503 1293 2644 1339 tuos?
2672 1292 2773 1343 Ad.

1716 1370 1767 1415 ν,
1788 1360 1837 1403 9.
1863 1360 1924 1405 27
1963 1356 2101 1403 Muta
2122 1363 2295 1402 vestem
2332 1354 2421 1401 Eu.
2443 1355 2517 1411 iii,
2536 1361 2585 1403 5.
2606 1362 2667 1405 61
2708 1356 2777 1405 Ut

1716 1427 1892 1467 vestem
1936 1436 2043 1467 cum
2088 1436 2145 1467 eo
2184 1428 2359 1467 mutem
2394 1419 2487 1469 Eu.
2519 1418 2591 1475 iii,
2627 1428 2674 1469 5.
2708 1425 2774 1471 24

1718 1482 1811 1531 Ubi
1834 1484 2057 1549 (vestem)
2077 1491 2250 1531 mutem
2270 1484 2287 1531 ?
2311 1483 2425 1545 perii
2452 1484 2463 1529 1
2500 1484 2594 1531 Eu.
2628 1484 2701 1541 iii,
2724 1492 2779 1535 5.

1716 1552 1781 1597 62
1816 1548 1889 1595 Ibi
1913 1549 2167 1611 proximum
2189 1556 2277 1605 est,
2302 1549 2381 1595 ubi
2401 1555 2551 1595 mutes
2584 1548 2679 1599 Eu.
2705 1549 2775 1605 iii,

1715 1618 1766 1660 5.
1788 1618 1852 1661 64
1904 1613 1979 1661 Ne
2000 1613 2041 1661 is
2062 1620 2211 1660 mutet
2229 1628 2360 1661 suam
2382 1612 2665 1661 sententiam
2712 1615 2775 1663 A.

1718 1676 1771 1733 ii,
1796 1682 1929 1726 3.19
1982 1678 2185 1741 Nequeo
2220 1692 2425 1733 exorare,
2460 1693 2565 1725 curn
2602 1677 2683 1725 illo
2721 1686 2777 1726 ut

1716 1750 1867 1789 mutet
1900 1742 2042 1789 fidem
2086 1742 2179 1789 Ph.
2218 1742 2291 1795 iii.
2309 1747 2359 1791 2.
2380 1746 2441 1791 27
2494 1740 2641 1789 Haud
2674 1744 2773 1791 scio

1717 1807 1887 1861 hercle,
1913 1816 1963 1853 ut
1986 1808 2124 1855 homo
2146 1815 2237 1864 est,
2266 1822 2329 1853 an
2362 1815 2510 1853 mutet
2546 1806 2773 1857 animum.

1716 1869 1809 1917 De.
1834 1870 1983 1917 Hem!
2012 1880 2157 1917 mutet
2174 1878 2329 1918 autem
2349 1872 2367 1919 ?
2401 1872 2494 1919 Ph.
2521 1887 2563 1924 v,
2582 1875 2631 1921 2.
2643 1876 2690 1918 9.
2710 1876 2783 1921 19.

1716 1928 1848 1990 Non,
1890 1936 1930 1981 si
1968 1951 2137 1998 queam
2172 1944 2349 1983 mutare
2399 1934 2498 1983 Ad.
2540 1935 2605 1991 iv,
2638 1940 2687 1985 7.
2706 1940 2773 1985 20

1717 1998 1840 2053 Nec,
1863 2014 1957 2061 qua
1977 2000 2050 2046 via
2072 2001 2307 2048 sententia
2325 1999 2429 2063 ejus
2452 2000 2601 2063 possit
2620 2006 2782 2049 mutae.

1716 2064 1771 2127 ri,
1794 2064 1895 2111 scio
1928 2064 2023 2113 He.
2045 2064 2109 2121 ἰν,
2136 2070 2181 2114 1.
2202 2069 2266 2113 54

1783 2129 1966 2185 Mutus,
1984 2144 2029 2183 a,
2046 2145 2140 2179 um.
2208 2128 2338 2184 Quid
2350 2128 2463 2177 ille?
2496 2128 2585 2177 Th.
2606 2128 2783 2177 Mutus

1716 2192 1843 2241 illico
1891 2192 1983 2243 Eu.
2006 2192 2075 2249 iii,
2105 2199 2147 2244 1.
2167 2197 2231 2242 27
2278 2193 2350 2239 Tu
2374 2192 2527 2240 nescis
2546 2193 2618 2250 id,
2642 2196 2771 2255 quod

1717 2258 1822 2305 scis.
1876 2257 1965 2305 Dr.
1988 2259 2179 2305 Mutum
2222 2258 2352 2305 dices
2408 2258 2527 2305 Hea.
2548 2258 2613 2314 iv,
2634 2263 2683 2307 4.
2703 2262 2771 2308 26

1717 2322 1907 2369 Utinam
1931 2329 2015 2369 aut
2052 2322 2128 2369 hic
2167 2322 2349 2378 surdus,
2384 2330 2468 2369 aut
2502 2323 2603 2369 haec
2640 2330 2773 2371 muta

1716 2387 1840 2434 saeta
1862 2386 1924 2434 Sit
1955 2386 2019 2435 A·
2040 2386 2107 2443 iii,
2134 2392 2180 2435 1·
2202 2392 2232 2435 5

1782 2452 1999 2507 Mutuus.
2017 2467 2061 2508 a,
2082 2468 2176 2500 um.
2215 2451 2341 2500 Huic
2358 2450 2676 2500 drachmarum
2698 2467 2772 2500 ar-

1718 2517 1847 2578 genti
1862 2517 1961 2563 haec
1976 2514 2105 2564 mille
2120 2518 2313 2566 dederat
2326 2524 2537 2564 mutuum
2560 2517 2682 2566 Hea.
2700 2517 2776 2574 iii,

1717 2585 1843 2630 3.40
1865 2581 2074 2630 Tradunt
2090 2597 2253 2642 operas
2272 2589 2453 2628 mutuas
2469 2582 2557 2629 Ph.
2570 2581 2624 2639 ii,
2647 2587 2690 2630 1.
2706 2585 2771 2631 37

1781 2645 2059 2709 Myconius.
2128 2645 2221 2694 Dic
2260 2647 2391 2702 dum,
2412 2661 2593 2708 quaeso,
2630 2661 2681 2695 es
2716 2652 2771 2694 tu

1714 2709 1974 2773 Myconius
1995 2711 2011 2757 ἓ
2060 2710 2151 2758 He.
2189 2727 2237 2767 v,
2259 2715 2308 2758 3.
2328 2716 2357 2758 5
2414 2711 2773 2760 Callidemidem

1713 2775 1944 2837 hospitem
1968 2775 2251 2839 Myconium
2274 2776 2476 2822 conveni
2524 2775 2611 2822 He.
2634 2776 2706 2834 iii,
2722 2780 2773 2824 4.

1716 2844 1778 2888 19
1810 2840 2096 2904 Myconium
2118 2840 2349 2904 hospitem
2372 2841 2484 2887 dum
2506 2847 2705 2902 expecto
2719 2839 2773 2887 in

1713 2917 1819 2952 arce
1854 2905 1946 2953 He.
1971 2921 2016 2960 v,
2040 2909 2087 2953 3.
2109 2909 2139 2953 3
2205 2957 2211 2962 ,

1782 2969 2045 3033 Myrrhina.
2112 2969 2221 3026 Quo
2266 2975 2407 3030 pacto
2452 2970 2543 3018 hoc
2584 2968 2730 3016 celem
2756 2985 2772 3027 3

1712 3035 1841 3096 quod
1866 3051 1939 3083 me
1962 3035 2111 3081 oravit
2133 3033 2381 3097 Myrrhina
2434 3033 2528 3081 He.
2550 3033 2619 3093 iii,
2634 3037 2683 3082 4.
2704 3037 2765 3081 31

1715 3097 1957 3160 Cognosse
2007 3099 2231 3146 annulum
2284 3096 2417 3142 illum
2474 3097 2771 3159 Myrrhinam

1714 3173 1867 3223 gnatae
1891 3179 1985 3210 suae
2008 3163 2147 3209 fuisse
2178 3162 2272 3209 He.
2298 3177 2341 3214 v,
2363 3165 2409 3208 3.
2437 3165 2495 3208 13
2532 3161 2663 3217 Quid
2680 3162 2771 3222 ais,

1713 3227 1999 3289 Myrrhina?
2030 3227 2163 3284 heus,
2186 3227 2272 3274 tibi
2294 3225 2403 3272 dico
2456 3224 2549 3272 He.
2573 3225 2636 3282 iv,
2663 3228 2709 3273 1.
2731 3232 2765 3274 8

1712 3292 1820 3336 alibi
2498 3301 2512 3310 ⁸

1777 3354 1951 3418 Mysis.
2018 3355 2139 3412 Quis
2176 3355 2255 3403 hic
2299 3353 2540 3416 loquitur?
2596 3353 2785 3417 Mysis,-

1712 3419 1838 3468 salve
1881 3419 1943 3466 A.
1964 3419 1997 3476 1,
2022 3427 2070 3469 5.
2093 3425 2156 3469 32
2208 3421 2280 3467 Tu
2305 3420 2477 3484 Mysis,
2500 3420 2612 3469 dum
2634 3433 2775 3474 exeo,

1713 3500 1961 3546 parumper
1984 3486 2197 3547 opperire
2222 3502 2293 3532 me
2329 3485 2405 3531 hic
2460 3481 2525 3530 A.
2544 3485 2609 3536 iv,
2631 3487 2679 3532 2.
2702 3486 2767 3530 31

1712 3547 1833 3604 Eho,
1858 3549 2035 3612 Mysis,
2058 3565 2173 3612 puer
2200 3550 2275 3597 hic
2300 3550 2423 3594 unde
2462 3547 2567 3593 est?
2602 3546 2771 3610 quisve

1712 3614 1805 3661 huc
1827 3614 2019 3661 attulit?
2052 3614 2118 3660 A.
2139 3615 2204 3674 iv,
2222 3618 2269 3662 4.
2292 3616 2324 3660 9
2358 3609 2471 3658 alibi

2237 3806 2305 3856 N.

1778 3935 1883 3983 Nae.
1950 3935 2167 3991 Faciunt,
2211 3953 2304 3996 nae,
2341 3936 2671 3999 intelligendo,
2716 3941 2768 3982 ut

1713 4002 1828 4048 nihil
1870 3999 2133 4063 intelligant
2189 4000 2253 4048 A.
2282 4002 2407 4048 Prol.
2432 4007 2486 4048 17
2546 4001 2636 4046 Nae
2678 4000 2775 4052 iste.

1713 4067 1839 4113 haud
1865 4081 2043 4112 mecum
2065 4067 2209 4112 sentit
2240 4065 2303 4113 A.
2326 4067 2376 4121 ii,
2404 4071 2447 4113 l.
2473 4069 2536 4112 24
2592 4063 2683 4109 Nae
2704 4063 2767 4110 11-

1715 4131 1758 4178 la
1782 4131 1911 4178 illum
1934 4132 2057 4177 baud
2084 4132 2215 4178 novit
2244 4131 2307 4178 A.
2330 4133 2390 4186 iv,
2408 4133 2458 4176 4.
2482 4133 2543 4177 33
2598 4127 2689 4173 Nae
2714 4135 2767 4174 tu

1711 4195 1823 4242 istas
1845 4195 2038 4258 (fores),
2071 4195 2195 4250 faxo,
2219 4194 2423 4243 calcibus
2462 4207 2585 4253 saepe
2619 4191 2768 4239 insul-

1714 4261 1831 4307 tabis
1854 4261 2021 4308 frustra
2055 4259 2144 4307 Eu.
2170 4261 2221 4314 ii,
2244 4266 2291 4308 2.
2314 4263 2375 4306 54
2410 4257 2457 4302 N
2462 4273 2519 4311 aa,
2540 4255 2621 4303 ille
2639 4257 2769 4304 facili

1714 4340 1787 4373 me
1806 4334 1961 4372 utetur
1974 4332 2123 4388 patre.
2156 4323 2245 4370 Na:
2260 4322 2341 4370 ille
2357 4322 2483 4370 haud
2500 4319 2607 4378 scit,
2624 4337 2765 4385 quam
