3192 4975
619 390 788 458 1680

619 554 791 615 tollas,
825 548 1070 601 Phormio
1114 556 1344 601 mortuus
1384 534 1482 601 est.
1547 552 1673 608 Sed.

618 628 770 695 quod‘
797 629 1003 685 mirere,
1052 628 1146 677 sub
1189 624 1472 677 extremum
1518 628 1674 677 finem

621 704 878 755 Natarum
901 706 998 755 hoc
1021 705 1238 755 scribit:
1273 708 1376 757 Qui
1401 708 1466 755 de
1488 720 1673 755 censu·

619 796 678 830 ra
715 782 1030 831 haenostra
1072 782 1340 843 dubitarit,
1396 774 1673 846 postremis

621 858 908 923 quibusque
929 857 1166 907 Terentii
1199 857 1454 907 et·Plauti
1485 856 1671 906 fabulis

617 933 788 996 lec-tis,
807 948 838 981 a
857 948 959 995 me,
994 934 1036 981 si
1057 933 1262 999 quidem
1286 948 1437 981 sanus
1459 932 1671 995 poterit,

619 1008 914 1071 dissentiat,
949 1008 1147 1059 licebit.
1235 1008 1394 1069 Hem,
1445 1010 1676 1073 siquidem

617 1084 802 1135 sanas!
838 1084 1077 1133 Praesens
1099 1084 1276 1147 itaque
1297 1084 1420 1133 mihi
1444 1083 1508 1132 ab
1538 1084 1678 1134 insa<

619 1160 1012 1224 nia'periculum
1029 1167 1129 1221 est,
1144 1167 1199 1209 et
1217 1161 1394 1213 Doctis
1408 1159 1673 1219 omnibus3

621 1236 708 1300 qui
746 1250 1002 1301 nunquam
1021 1236 1246 1299 ‘Guyeto
1301 1236 1672 1296 assentientium

617 1312 734 1375 ipse
756 1318 919 1371 certe,
941 1311 1202 1367 dissentio.
1267 1312 1368 1361 Sed
1401 1312 1498 1362 hoc
1521 1313 1675 1375 plane

617 1388 832 1451 dignum
875 1394 976 1437 est·
1017 1387 1152 1452 quod
1197 1386 1673 1445 animadvertatur3

621 1464 880 1528 Guyetus,
913 1464 1001 1528 qui
1033 1464 1178 1513 nobis
1197 1464 1497 1513 Terentium
1523 1477 1675 1527 poene

619 1543 788 1605 totum
863 1540 1138 1603 subvertit,
1190 1542 1360 1591 nescit
1414 1541 1673 1591 interdum

619 1616 745 1681 quid
765 1618 929 1680 legat.
993 1618 1039 1666 E
1061 1618 1234 1666 multis
1253 1618 1500 1682 exemplis
1520 1632 1676 1667 unum

622 1691 904 1743 suffecerit.
973 1695 1053 1743 En
1078 1694 1203 1757 tibi;
1229 1696 1402 1758 etjam
1425 1696 1562 1744 aliud
1592 1710 1677 1743 su-

623 1770 798 1833 perius
838 1770 997 1821 habes
1039 1771 1106 1820 ad
1148 1778 1252 1820 act.
1275 1786 1331 1821 v.
1372 1787 1444 1821 sc.
1475 1776 1526 1821 2.
1592 1770 1675 1819 Ad

623 1846 946 1896 versus‘istos
968 1847 1057 1911 qui
1079 1846 1130 1895 in
1156 1847 1464 1897 Phormione
1502 1847 1677 1909 legun-

623 1929 709 1970 tur
737 1929 838 1971 act.
861 1936 915 1971 v.
951 1938 1025 1973 sc.
1049 1927 1099 1973 2.
1131 1924 1147 1951 ‘
1173 1924 1250 1972 Ut
1283 1924 1352 1972 sit
1385 1922 1472 1987 qui
1513 1923 1674 1985 vivat,
1717 1932 1721 1936 ·

623 1998 744 2047 dum
789 1997 928 2046 alind
971 1998 1170 2063 aliquid·
1197 1995 1380 2060 flagitii
1416 1996 1675 2047 conficiat.

625 2074 695 2123 G.
729 2073 1052 2123 Planissime.
1141 2074 1208 2122 D.
1262 2072 1326 2122 iis
1369 2088 1516 2122 nunc.
1542 2087 1677 2133 prae-

621 2150 776 2198 mium
801 2154 908 2210 est,
937 2150 1024 2215 qui
1068 2156 1212 2198 recta
1254 2164 1416 2213 prava
1453 2148 1675 2198 faciunt.

625 2225 695 2275 G.
729 2226 1028 2289 Verissime.
1097 2226 1167 2273 D.
1199 2233 1260 2274 ut
1281 2225 1580 2274 stultissime
1601 2224 1676 2272 illi

624 2314 732 2351 rem
749 2302 1090 2365 gesserimus?
1134 2303 1414 2367 Postquam
1435 2300 1568 2350 dixit
1583 2302 1677 2349 hos

625 2390 806 2425 versus
841 2391 956 2426 esse
995 2376 1213 2440 spurios,
1243 2377 1341 2425 hoc
1363 2390 1566 2441 quoque
1587 2376 1678 2425 ad-

627 2452 738 2504 dit:
773 2468 873 2503 rem
894 2454 1038 2504 alicui
1055 2468 1238 2516 gerere,
1270 2459 1415 2503 recte
1437 2453 1541 2502 'dici
1562 2467 1683 2516 pos-

625 2544 682 2578 se
713 2531 1049 2594 ‘nequaquam
1091 2530 1313 2580 videtur.
1395 2530 1494 2579 Sed
1539 2530 1678 2579 unde

625 2620 769 2654 error
807 2606 896 2655 ille
938 2605 1171 2669 Guyeti?
1246 2607 1328 2655 Ex
1371 2619 1433 2654 eo
1473 2606 1683 2656 scilicet

628 2681 766 2750 quod
795 2695 896 2730 non
921 2682 1165 2745 cogitarit
1185 2681 1244 2730 τὸ
1263 2683 1472 2732 illiesse
1495 2683 1679 2734 adver-

625 2755 786 2818 bium,
809 2770 909 2806 non
935 2762 1106 2824 antem
1123 2771 1424 2820 pronomen.
1469 2756 1544 2806 At
1559 2759 1683 2822 qnia

627 2846 728 2882 non
773 2832 1039 2897 intelligit,
1097 2833 1150 2882 id
1195 2840 1298 2897 est,
1339 2835 1681 2884 somniculose

625 2909 773 2972 legit,
787 2910 954 2960 locum
977 2909 1135 2959 delet.
1198 2910 1420 2960 Miseros
1444 2909 1681 2973 profecto

627 2985 859 3047 quiante
883 2991 976 3034 nos
1013 2985 1359 3048 scripserunt,
1381 2985 1444 3048 si,
1473 2985 1678 3050 quoties

627 3058 818 3122 aliquid
835 3059 897 3119 in
921 3073 1094 3108 eorum
1116 3060 1262 3109 libris
1281 3062 1381 3110 non
1403 3060 1682 3124 intelligas,

625 3133 754 3190 iliud
785 3135 1048 3198 extemplo
1083 3135 1358 3184 delendum
1403 3149 1517 3186 esse
1561 3149 1679 3198 pro-

626 3210 852 3262 nunties.
887 3211 1078 3258 Faber.·
1342 3232 1349 3239 ·

644 3321 654 3327 ,
693 3289 720 3334 1
756 3285 974 3346 Agedum
995 3290 1049 3332 ut
1066 3286 1204 3347 soles,
1229 3285 1560 3348 Nausistrata]
1583 3284 1679 3334 Di-

628 3359 743 3407 vitis
763 3359 928 3408 uxoris
947 3361 1006 3408 de
1033 3361 1206 3408 marito
1237 3361 1456 3424 licentias
1486 3375 1679 3424 conque·-

627 3433 778 3482 reatis
795 3434 894 3482 laceo
913 3435 1135 3484 allocutio
1155 3441 1242 3496 est,
1257 3451 1362 3494 cam
1382 3435 1683 3499 dispositione

615 3509 896 3570 saturarum
921 3511 1180 3560 turbarum.
1215 3512 1468 3562 Donatus.

665 3586 797 3636 -Fao
832 3591 883 3634 at
919 3587 1004 3636 illa
1041 3589 1252 3650 placetur
1293 3587 1448 3650 nobis]
1481 3589 1550 3638 Ο.
1574 3589 1611 3639 Ι.
1636 3604 1681 3638 s.

615 3660 808 3721 saceilla
829 3666 884 3711 at
909 3677 960 3725 p.
985 3677 1035 3711 π.
1073 3663 1210 3726 quod
1233 3664 1496 3714 meliorem
1520 3663 1681 3770 efficit

606 3751 914 3788 ·numerum.
948 3738 1178 3788 Faernus.

697 3817 727 3862 3
761 3813 960 3862 Pariter
979 3829 1101 3863 nanc
1120 3831 1261 3879 opera
1288 3831 1362 3864 mo
1382 3817 1592 3879 adiuves,
1624 3820 1681 3866 (ιο

628 3906 680 3940 re
700 3893 876 3941 dadam
895 3893 1124 3956 opitulata
1159 3893 1232 3955 es]
1263 3895 1408 3942 Bene
1445 3895 1678 3944 Donatus

628 3965 952 4017 hic-annotat
971 3969 1140 4034 locum
1175 3976 1278 4017 act.
1303 3983 1382 4020 ιν.
1417 3985 1490 4020 sc.
1512 3975 1560 4020 8.
1602 3987 1677 4021 vs.

629 4044 711 4090 76.
767 4042 871 4091 ‘Id
912 4056 1137 4092 sumam:
1189 4046 1361 4107 uxori,
1415 4045 1508 4094 tibi
1549 4060 1691 4110 opus⁵

629 4129 760 4177 esse,
790 4116 1007 4172 dixero.'
1041 4119 1296 4170 Boeclerus.

695 4191 772 4241 Ac
814 4195 988 4242 dudam
1021 4210 1076 4244 re
1114 4197 1342 4258 opitulata
1383 4197 1456 4260 es]
1509 4189 1681 4261 Supra

631 4267 768 4316 enim
790 4268 994 4320 dixerat
1018 4271 1282 4334 Chremes,
1313 4273 1329 4300 ‘
1347 4272 1422 4321 *Id
1447 4288 1681 4324 sumam.

632 4345 797 4410 uxori,
839 4345 939 4397 tibi
977 4361 1108 4412 opus
1147 4365 1282 4413 esse,
1320 4349 1538 4402 dixero!
1572 4351 1679 4402 Do·

1145 4511 1154 4542 1

1721 540 1727 547 ⁸
1752 558 1909 601 natas.

1317 404 1532 455 NOTAE
1582 358 1993 455 vAmoRUM
2036 400 2119 451 ΙΝ.

1818 628 1891 677 Ac
1908 628 2083 675 dadam
2096 638 2147 672 re
2158 623 2388 686 opitulata
2404 619 2479 683 es]
2498 620 2639 674 Libri
2658 620 2809 671 Bem
2866 679 2873 695 ι

1754 704 1925 765 binus,
1970 709 2027 751 et
2058 700 2411 761 Victorianus,
2445 714 2501 746 ac
2532 713 2585 745 re
2616 699 2809 793 dadam.

1754 776 2000 828 Fa‘e'rnns.
2627 808 2632 816 ,

1820 854 1915 916 Re]
1951 852 2183 903 Pecunia
2212 855 2406 906 mutua.
2430 857 2533 900 act.
2552 862 2639 899 ιιι.
2664 863 2737 899 sc.
2758 854 2808 901 8.

1753 933 1831 982 M.
1857 930 2177 979 casaubonus.

1818 1013 1850 1057 4
1883 1008 2083 1057 Furtum
2100 1005 2227 1069 volo]
2258 1001 2504 1051 Libenter
2528 999 2595 1051 de
2631 1006 2686 1049 te
2706 1000 2808 1049 be-

1756 1100 1819 1135 ne
1842 1098 2059 1144 merear,
2082 1081 2179 1130 tibi
2202 1076 2483 1143 gratificer.
2520 1078 2691 1125 Idem.
2828 1132 2831 1134 Α

1768 1190 1775 1199 ·
1818 1161 2019 1211 Factum
2046 1156 2171 1219 volo]
2216 1156 2335 1206 Non
2376 1160 2460 1203 est
2504 1152 2639 1217 quod
2686 1152 2813 1203 Gal-

1753 1238 1830 1287 lus
1872 1236 2057 1299 aliquis
2098 1234 2299 1283 credat.
2348 1227 2514 1279 -Idem
2554 1229 2811 1279 enim·est

1756 1308 1963 1372 Latine,
1984 1310 2142 1375 atque
2165 1308 2219 1357 id
2243 1306 2383 1371 quod
2410 1305 2533 1355 alibi
2556 1304 2810 1354 dixitTe-

1756 1389 1953 1438 tentius
1972 1402 1987 1435 ι
2010 1400 2102 1435 aaa
2116 1389 2242 1433 mato
2251 1377 2441 1443 factum
2456 1394 2477 1440 ,⁶
2490 1378 2651 1430 ‘aliter
2670 1379 2811 1431 dice-

1721 1484 1729 1493 ·
1755 1480 1859 1528 res,
1881 1466 1935 1514 id
1958 1456 2041 1513 me
2064 1461 2251 1511 fecisse
2274 1459 2493 1523 gaudem
2526 1457 2702 1507 Faber.

1770 1540 1891 1591 At
1918 1541 1999 1603 pol
2036 1538 2193 1587 minas
2217 1535 2354 1599 queo]
2384 1533 2601 1583 Scilicet
2640 1532 2814 1597 opitu·

1754 1570 1871 1668 lari.
1898 1616 2097 1665 utinam
2127 1615 2241 1677 plus
2271 1611 2551 1677 potuissem
2582 1608 2681 1658 tibi
2720 1608 2813 1656 da-

1757 1708 1846 1745 re:
1884 1692 2020 1758 quod
2042 1689 2237 1741 factum
2258 1692 2419 1750 esset,
2438 1685 2480 1735 si
2502 1700 2569 1734 ex
2603 1682 2813 1747 praediis

1755 1770 1897 1819 meis
1920 1769 1963 1817 is
1997 1766 2197 1816 fructus
2242 1763 2482 1825 redisset,
2513 1760 2601 1827 'qui
2638 1759 2811 1809 redire

1756 1844 2001 1895 debebat.
2034 1844 2296 1891 Boeclerus.

1818 1926 1851 1970 7
1883 1920 2064 1969 Statim
2111 1915 2346 1981 capiebat]
2380 1914 2579 1977 Statim,
2623 1928 2819 1977 perpe-·

1755 2006 1865 2060 tuo,
1906 1996 2195 2061 aequaliter,
2233 2001 2291 2043 et
2325 1992 2470 2057 qnasi
2509 2006 2613 2041 uno
2652 1998 2814 2041 statu.

1755 2075 1986 2135 Plautus,
2014 2072 2030 2101 ‘
2060 2072 2148 2121 Ita
2170 2069 2345 2121 statim
2384 2074 2527 2117 stant
2561 2066 2740 2131 signa.'
2762 2072 2817 2117 et

1753 2150 1913 2199 habet
1927 2148 2141 2211 primam
2154 2146 2357 2209 longam
2375 2159 2389 2193 ι
2408 2142 2613 2207 quando
2639 2150 2811 2192 autem

1758 2223 2019 2288 significat
2052 2221 2211 2284 aliud,
2230 2220 2445 2286 primam
2484 2218 2695 2269 brevem
2702 2218 2813 2277 Ιιιι-

1757 2301 1869 2349 bet.
1904 2301 2143 2349 Donatus.

1822 2376 2001 2425 Statim
2016 2374 2251 2438 capiebat]
2290 2374 2529 2423 Donatus
2546 2372 2627 2422 hic
2638 2330 2707 2421 τὸ.
2716 2378 2815 2421 sta-

1727 2454 1849 2502 'tim
1890 2451 2141 2515 explicat,
2179 2455 2426 2515 perpetuo,
2452 2448 2726 2514 oeqaalitoe,
2767 2452 2817 2498 et

1757 2529 1891 2592 quasi
1908 2545 2001 2578 ano
2021 2531 2167 2577 stata.
2234 2525 2387 2592 Apud
2422 2525 2663 2574 Plautum
2688 2525 2815 2588 legi·

1758 2619 1871 2654 mus
1896 2607 1911 2634 ⁴
1930 2605 2118 2654 Statim
2136 2618 2245 2652 rem
2260 2602 2480 2666 gerere.'
2497 2602 2642 2662 item,
2664 2609 2679 2629 ‘
2696 2602 2813 2652 Sta-

1761 2681 1854 2730 tim
1878 2688 2021 2730 stant
2038 2678 2217 2743 signa?
2249 2677 2519 2738 ἱσταμένως.
2553 2675 2812 2740 Amphitr.

1733 2781 1737 2785 ·
1760 2770 1799 2806 1.
1820 2761 1863 2806 1.
1884 2759 1967 2804 84.
1992 2759 2103 2804 12⁰.
2136 2755 2395 2810 Boecleras.
2416 2789 2425 2796 .

1825 2829 2033 2892 Statim]
2086 2831 2437 2890 Constanter;
2472 2827 2680 2892 singulis
2722 2842 2822 2878 an·-

1760 2908 1857 2958 uis.
1891 2909 2017 2956 Mer.
2044 2907 2369 2955 Casaubonus.
2460 2943 2465 2948 .

1832 2985 1917 3036 Vir
1937 2985 2042 3035 viro
2076 2985 2192 3047 qaid
2216 2981 2439 3046 proestat]
2470 2982 2605 3032 Eun.
2625 2985 2730 3030 act.
2750 2994 2816 3030 ιι.

1758 3077 1835 3112 sc.
1859 3067 1909 3110 2.
1949 3062 1965 3089 ‘
1989 3059 2199 3110 Homini
2220 3059 2537 3122 homo'quid·
2564 3057 2813 3122 praestat?

1759 3137 1922 3186 stulto
1944 3135 2240 3200 intelligens
2256 3135 2399 3187 Quid
2422 3135 2686 3183 interest?
2718 3134 2797 3182 Id.

1794 3216 1855 3260 ·9
1889 3211 2108 3274 Scilicet]
2144 3211 2383 3260 Obscura
2404 3215 2459 3258 et
2468 3210 2827 3296 negligenter.

1760 3286 2055 3348 annuentis,
2098 3292 2159 3335 ut
2198 3285 2286 3351 qui
2323 3284 2665 3335 Nausistratae
2709 3295 2817 3332 ser·

1758 3377 1911 3412 mone
1944 3377 2047 3412 non
2077 3362 2449 3413 delectaretur.
2482 3361 2612 3411 Mer.
2635 3361 2825 3410 cmm.

1730 3488 1737 3492 ,
1760 3437 1919 3488 bonas.

1771 3521 1778 3528 ‘
1827 3519 1887 3564 10
1925 3513 2064 3564 Certe
2082 3512 2203 3575 scio]
2237 3513 2283 3562 1.
2306 3528 2354 3564 e.
2386 3513 2593 3562 minime
2614 3511 2826 3562 dubito.

1760 3597 1816 3640 et
1837 3591 1933 3640 hoc
1957 3589 2161 3655 placide
2190 3589 2494 3652 interponit,
2516 3596 2577 3638 ut
2598 3588 2815 3638 Nausis-

1758 3674 1897 3717 trata
1918 3670 2220 3728 sermonem,
2239 3666 2382 3731 (quae
2408 3665 2515 3728 jam
2542 3673 2724 3713 vocent
2744 3665 2815 3714 al·
2892 3685 2901 3692 ·

1761 3744 1863 3792 tius
1904 3743 2109 3803 tollere,
2142 3748 2196 3791 et
2234 3742 2360 3791 iram
2383 3741 2647 3798 ‚suscitare
2686 3741 2813 3790 iuci-

1762 3818 1965 3884 piebat)
1999 3820 2106 3878 Ego
2138 3821 2427 3868 ostenderem
2446 3833 2537 3881 quo
2560 3822 2720 3880 pacto,
2736 3817 2827 3868 in·.

1760 3895 1959 3960 quiens,
1982 3894 2341 3957 interciperet,
2358 3910 2418 3944 ac
2434 3895 2658 3943 sisteret.
2693 3893 2813 3944 Quo

1760 3971 1918 4020 etiam
1966 3975 2205 4033 spectant
2240 3976 2297 4018 et
2331 3969 2616 4034 sequentia,
2657 3967 2829 4016 Parce.

1756 4048 1907 4103 sodes,
1928 4049 2006 4108 &a
2031 4044 2066 4093 i.
2088 4059 2137 4095 e.
2179 4059 2339 4108 parce
2360 4045 2551 4107 t1b1,ut
2574 4057 2667 4127 par
2699 4056 2814 4092 esse

1760 4122 1927 4191 possis
1956 4121 2032 4170 illi
2057 4120 2274 4186 juniori,
2296 4123 2341 4170 si
2380 4120 2518 4173 forte
2542 4119 2689 4185 opus,
2710 4123 2813 4220 Are·
2819 4130 2829 4172 ὲ

1824 4278 1885 4323 14
1918 4274 2069 4324 Poene
2084 4275 2191 4337 pias
2224 4288 2361 4338 qaam
2392 4279 2467 4322 sat
2489 4273 2615 4336 erat]
2652 4225 2814 4321 Locu-
2820 4311 2827 4316 .

1758 4357 1843 4402 tus
1866 4365 1997 4416 sum,
2020 4351 2241 4402 scilicet.
2266 4351 2331 4400 ad
2354 4356 2675 4414 spectatores
2698 4362 2809 4398 ver-
