3192 4975
1167 454 1250 506 m
1297 452 1780 505 TERENTIUM.

375 606 452 657 dis
467 604 622 654 odisse
641 604 784 669 coepit
801 600 1054 653 Sostratam
1085 600 1183 653 He.
1202 603 1239 660 i.
1258 607 1308 656 3.
1331 608 1426 655 103

436 671 656 719 interior.
721 670 779 719 In
821 668 1038 718 interiore
1077 676 1210 731 parte
1248 676 1304 716 nt
1328 684 1426 718 ms·

378 752 516 785 neam
539 736 663 783 solus
683 750 790 782 cum
811 734 912 781 sois
941 732 1032 783 Eu.
1052 733 1126 789 iii,
1147 739 1196 782 5.
1216 738 1278 783 31

443 799 751 873 Inter-loquor.
805 798 994 847 Siccine
1011 798 1127 846 mihi
1147 798 1432 863 interloque-

379 866 466 915 re?
501 863 622 911 Hes.
641 878 708 919 ur,
727 868 862 913 3.13

444 928 741 976 Interminor.
827 925 1019 975 Edixin’
1059 925 1178 974 tibi?
1223 926 1433 975 intermi-

381 1000 518 1041 natus
541 1008 664 1053 sum,
687 1008 748 1040 ne
769 992 979 1039 faceres?
1017 992 1075 1041 A.
1098 990 1167 1044 iii.
1191 994 1242 1040 2.
1267 996 1330 1040 16
1361 989 1435 1039 Is-

381 1058 572 1106 tuccine
603 1056 903 1104 interminata
954 1071 1076 1119 sum,
1123 1055 1234 1103 hinc
1273 1055 1436 1104 abiens

380 1123 502 1171 nbi?
539 1121 632 1170 Eu.
655 1138 702 1178 v,
725 1126 770 1171 1.
795 1125 856 1170 14

447 1185 734 1234 Inter-mitto.
817 1184 1074 1247 Nunquam
1109 1198 1255 1231 unum
1291 1182 1436 1231 inter-

384 1251 532 1299 mittit
549 1251 696 1307 diem,
717 1248 833 1314 quin
853 1264 1036 1313 semper
1052 1247 1214 1296 veniat
1244 1249 1344 1297 Ad.
1365 1248 1439 1306 iii,

451 1378 788 1427 Internuntius.
840 1375 1058 1425 Relictus
1075 1384 1252 1434 custos,
1269 1375 1439 1439 nequis

387 1444 508 1491 forte
524 1442 838 1491 internuntius
859 1442 980 1490 clam
999 1456 1030 1489 a
1049 1440 1199 1490 milite
1219 1442 1282 1489 ad
1301 1440 1440 1488 istam

387 1508 616 1557 cursitet?
665 1506 756 1555 Eu.
779 1507 831 1563 ii,
853 1511 902 1556 2.
927 1510 994 1555 56
1057 1505 1180 1554 Cum
1209 1504 1316 1568 ejus
1344 1512 1440 1553 tam

388 1571 518 1635 negli
581 1579 690 1619 ntur
708 1570 986 1619 internuntii
1018 1570 1142 1620 Hea.
1165 1571 1216 1627 ii,
1238 1573 1289 1619 3.
1313 1573 1378 1619 58

454 1636 514 1687 In
563 1652 630 1683 ro.
693 1636 818 1683 Tute
840 1638 930 1683 hoc
953 1635 1157 1683 intristiz
1191 1634 1281 1683 tibi
1303 1648 1444 1682 omne

391 1708 466 1749 est
483 1700 778 1749 exedendum
811 1700 903 1747 Ph.
921 1700 978 1756 ii,
1000 1704 1048 1749 2.
1070 1704 1104 1747 4

393 1830 438 1879 E
455 1764 719 1827 Interrogo.
801 1763 956 1813 Recte
1007 1778 1119 1811 sane
1153 1760 1448 1826 interrogasti

441 1846 487 1880 u.
505 1847 536 1876 v
571 1834 620 1880 6.
643 1834 702 1879 11

451 1866 872 1945 intertrimentum.
969 1890 1020 1939 N
1021 1907 1116 1941 unc
1185 1906 1293 1941 cum
1345 1890 1448 1938 sine

393 1956 926 2072 ffgn‘3··i”{⁰¹;2m⁶¹²t⁰
957 1972 1056 2005 non
1093 1963 1250 2020 potest
1286 1955 1449 2003 heberi

445 2038 520 2071 ea.
543 2038 614 2078 m,
669 2054 684 2070 .

437 2087 748 2135 ¹Inter-venio.
812 2085 1008 2147 Sponsa
1029 2091 1164 2149 pater
1199 2082 1453 2132 intervenit

395 2150 463 2199 A.
483 2151 550 2208 iv,
573 2155 620 2200 3.
645 2154 704 2199 17
737 2150 1002 2198 Intervenit
1031 2152 1173 2197 horno
1195 2150 1255 2197 de
1275 2149 1452 2212 impro-

393 2218 497 2264 viso
546 2214 648 2263 Ad.
680 2214 751 2277 iii,
777 2219 828 2264 3.
862 2219 928 2264 52
975 2213 1234 2261 Intervenit
1269 2212 1454 2260 adoles-

397 2295 512 2331 cens
549 2278 742 2343 quidam
781 2278 1042 2327 lacrumans
1107 2278 1198 2327 Ph.
1234 2278 1270 2333 i,
1310 2281 1358 2326 2.
1389 2280 1451 2326 41

397 2345 590 2393 Novum
629 2343 880 2393 intervenit
914 2343 1098 2399 vitium,
1133 2350 1182 2390 et
1216 2338 1457 2389 calamitas

401 2409 494 2459 He.
512 2408 639 2459 Ptol.
661 2412 693 2457 2
726 2408 929 2455 Omnem
963 2422 1060 2455 rem
1093 2407 1315 2464 narrabit,
1337 2405 1455 2465 scio,

401 2490 506 2540 quoe
526 2474 652 2524 inter
669 2489 754 2521 vos
772 2472 1026 2522 intervenit
1074 2470 1170 2521 He.
1201 2470 1274 2529 iii,
1306 2474 1355 2521 2.
1396 2474 1458 2520 16

401 2541 497 2588 Sed
540 2539 838 2586 neminemne
891 2537 1122 2586 curiosum
1177 2536 1458 2584 intervenire

401 2619 530 2653 nunc
549 2603 667 2650 mihi
709 2602 801 2651 Eu.
821 2601 895 2663 iii,
916 2608 966 2652 5.
989 2608 1020 2651 5
1071 2600 1220 2648 Nulla
1251 2600 1367 2649 mihi
1388 2615 1476 2648 res,

403 2669 600 2732 posthac
641 2674 800 2730 potest
842 2665 944 2727 jam
1003 2663 1282 2712 intervenire
1327 2671 1462 2711 tanta

403 2733 528 2781 Heu.
560 2732 625 2788 iv,
647 2735 698 2781 3.
720 2736 749 2780 1
801 2729 899 2778 Ubi
929 2730 991 2777 de
1028 2728 1280 2804 improviso
1313 2727 1458 2775 inter-

404 2803 599 2846 ventum
619 2802 692 2843 est
709 2793 890 2842 mulieri
923 2792 1048 2843 Heu.
1071 2793 1125 2850 in,
1151 2797 1200 2841 3.
1219 2796 1286 2841 40

469 2860 690 2908 Intimus.
754 2857 918 2905 Davus
957 2857 1150 2904 intimus
1191 2864 1264 2904 est
1302 2870 1464 2903 eorum

405 2925 618 2976 consiliis
664 2922 732 2972 A.
757 2923 826 2979 iii,
849 2926 896 2970 3.
933 2925 998 2970 44
1028 2920 1174 2968 ‘Tute
1214 2920 1321 2976 scis,
1355 2925 1468 2996 post

405 2990 490 3038 illa
509 3003 652 3053 quam
671 2988 904 3034 intumum
923 2985 1120 3032 habeam
1144 2990 1192 3032 te
1239 2983 1335 3032 Eu.
1355 2999 1394 3042 ι,
1415 2987 1467 3034 2.

473 3117 624 3166 Intro.
688 3113 791 3163 Vos
811 3113 975 3162 isthaec
991 3110 1114 3160 intro
1135 3110 1314 3160 auferte
1348 3109 1409 3162 A.
1431 3111 1470 3168 i,

410 3187 459 3233 1.
483 3187 511 3232 1
531 3179 754 3229 Accessi:
771 3180 895 3226 intro
915 3176 1078 3241 aspexi
1107 3175 1173 3226 A.
1194 3176 1248 3233 ii.
1271 3181 1320 3226 2.
1342 3180 1412 3226 28
1441 3175 1470 3224 Ι

409 3263 538 3296 nunc
565 3245 667 3309 jam
689 3245 812 3292 intro
855 3243 920 3291 A.
939 3242 996 3300 ii,
1016 3248 1065 3291 5.
1089 3245 1168 3290 ts.
1215 3241 1309 3291 Eu.
1331 3239 1397 3299 iv,
1416 3243 1470 3288 4.

409 3316 494 3361 48.
543 3311 642 3359 Ad.
665 3309 721 3366 ii,
744 3314 792 3358 1.
815 3313 880 3357 14
909 3306 1116 3370 Sequere
1135 3321 1212 3354 me
1233 3306 1356 3354 intro
1404 3303 1471 3352 A.

411 3376 483 3434 iii,
500 3380 547 3424 1.
561 3380 612 3424 9.
634 3373 840 3433 Hemiv,
856 3377 900 3420 1.
917 3377 998 3420 51.
1032 3369 1128 3419 He.
1144 3387 1193 3427 v,
1209 3374 1260 3421 4.
1277 3374 1342 3419 39
1374 3368 1472 3417 Abi

411 3441 536 3487 intro
587 3438 647 3488 A.
669 3437 740 3494 iii,
757 3442 809 3488 2.
830 3440 914 3487 43.
947 3435 1070 3484 Hea.
1089 3435 1159 3491 iv,
1181 3439 1230 3484 8.
1252 3439 1333 3484 31.
1379 3432 1473 3481 He.

411 3504 484 3562 iii,
502 3508 553 3554 1.
574 3507 657 3553 34.
690 3502 782 3552 Ph.
803 3517 853 3562 ν,
871 3504 920 3549 3.
941 3503 1008 3550 36
1075 3498 1330 3546 Sublimem
1345 3499 1473 3546 hunc

415 3569 536 3616 intro
573 3583 704 3631 rape,
740 3571 968 3630 quantum
1002 3571 1138 3628 potes
1182 3562 1247 3611 A.
1267 3579 1314 3620 v,
1336 3567 1387 3611 2.
1407 3566 1474 3612 20

417 3632 688 3681 Concedam
709 3632 820 3680 hinc
841 3629 965 3679 intro
1018 3628 1114 3680 Eu.
1136 3627 1172 3684 i,
1193 3632 1244 3677 2.
1270 3631 1366 3676 126
1397 3625 1476 3674 Ite

415 3697 540 3744 intro
561 3695 656 3746 Eu.
669 3710 720 3755 v,
733 3700 783 3744 3.
799 3699 848 3744 8.
882 3693 1008 3742 Hes.
1024 3692 1077 3750 ii,
1099 3697 1149 3743 4.
1169 3696 1253 3742 20.
1286 3690 1380 3740 He.
1402 3690 1478 3752 iii,

417 3765 468 3811 4.
489 3765 550 3809 15
586 3759 675 3806 Ibo
695 3760 820 3806 intro
853 3757 946 3808 Eu.
960 3775 1006 3814 v,
1029 3762 1080 3807 3.
1103 3762 1184 3806 12.
1216 3756 1313 3806 He.
1335 3755 1402 3812 iv,
1426 3759 1476 3805 1.

420 3830 485 3875 50
520 3824 620 3874 Οιιι·
637 3839 732 3870 non
751 3828 940 3884 egomet
956 3822 1080 3870 intro
1111 3822 1206 3870 eo?
1245 3820 1338 3871 Eu.
1362 3835 1409 3882 v,
1429 3825 1478 3869 5.

421 3893 487 3940 22
511 3889 666 3937 Modo
689 3901 830 3934 senex
846 3884 966 3933 intro
985 3887 1046 3933 ad
1063 3901 1150 3933 nos
1171 3886 1303 3934 venit
1322 3899 1480 3933 errans

421 3953 517 4002 Eu.
533 3970 580 4009 v,
590 3957 638 4001 7.
653 3955 685 4000 2
718 3949 938 3998 Iboadeo
953 3949 1064 4000 hinc
1085 3950 1207 3997 intro
1230 3949 1354 3999 Hea.
1375 3950 1412 4006 i,
1432 3953 1482 4000 1.

423 4023 518 4068 121
555 4015 797 4066 Continuo
815 4013 892 4061 hic
910 4029 960 4061 se
981 4013 1189 4075 conjecit
1203 4015 1327 4062 intro
1358 4013 1482 4063 Hea-

423 4082 477 4141 ii,
499 4087 546 4132 3.
569 4086 636 4132 36
668 4079 779 4129 Huc
799 4085 873 4126 est
886 4078 1012 4126 intro
1035 4078 1157 4126 latus
1175 4078 1328 4126 lectus
1359 4076 1484 4127 Hea.

426 4163 476 4204 v.
497 4153 544 4196 1.
565 4151 630 4196 30
675 4144 786 4194 Jam
809 4143 930 4191 intro
956 4142 1184 4206 abripiere
1231 4141 1332 4193 Ad.
1352 4142 1408 4197 ii,
1435 4147 1482 4194 1.

427 4215 490 4260 27
524 4210 640 4259 Duc
655 4225 734 4258 me
752 4209 876 4256 intro
899 4207 962 4256 ad
993 4207 1248 4255 Sostratam
1297 4206 1392 4256 Ad.
1413 4207 1486 4265 iii,

428 4278 480 4324 4.
504 4279 566 4324 61
620 4273 752 4338 Fuge
783 4273 926 4320 modo
965 4271 1090 4320 intro
1145 4269 1242 4322 Ad.
1262 4271 1326 4328 iv,
1349 4275 1398 4320 1.
1421 4275 1486 4321 22

427 4337 632 4401 Sequere
647 4353 722 4386 me
741 4354 854 4401 ergo
873 4338 967 4386 hac
987 4337 1112 4386 intro
1143 4333 1242 4387 Ad.
1264 4335 1331 4394 iv,
1351 4339 1402 4386 3.
1423 4339 1488 4385 18

502 4418 672 4482 Delph-
690 4423 738 4469 ει
765 4417 882 4470 Ver.
905 4418 1037 4468 Clas.

2370 438 2563 517 clxix

1502 603 1650 656 Cesso
1665 603 1736 653 ire
1754 604 1900 662 intro,
1920 616 1984 653 ne
2016 598 2113 653 Ad.
2138 601 2204 660 lv,
2226 606 2275 653 5.
2293 606 2361 655 78
2406 602 2567 655 Nemo

1502 670 1656 717 voluit
1674 669 1902 717 visentem
1924 668 1983 715 ad
2008 682 2112 715 eam
2134 674 2181 716 te
2199 667 2565 720 intro'sdmitte-

1503 750 1554 782 re
1587 733 1679 783 He.
1700 733 1751 789 ii,
1776 738 1821 783 1.
1842 736 1908 782 40
1956 730 2074 780 Heri
2106 748 2245 781 nemo
2269 733 2421 781 voluit
2454 734 2567 786 Sos—

1505 806 1671 846 tratam
1728 798 1851 845 intro
1895 795 2139 845 admittere
2208 797 2302 845 He.
2325 798 2394 856 iii,
2428 804 2471 848 1.
2503 804 2571 851 49

1507 863 1665 911 Modo
1699 878 1777 909 me
1814 861 1939 909 intro
1976 860 2182 925 corripui
2242 861 2338 912 He.
2375 861 2450 927 iii,
2470 868 2515 913 3.
2538 870 2569 914 5

1507 926 1603 975 Eas
1624 928 1684 975 ad
1706 926 1921 974 mulieres
1940 926 2035 973 huc
2067 925 2190 973 intro
2238 926 2334 974 He.
2365 942 2413 983 v,
2440 932 2487 977 1.
2509 932 2574 979 27

1507 991 1769 1056 Sequimini
1788 1007 1861 1039 me
1884 992 1975 1038 huc
1994 990 2119 1037 intro
2137 992 2287 1039 ambae
2333 990 2429 1041 He.
2453 1008 2501 1051 v,
2523 996 2574 1043 2.

1509 1060 1573 1105 27
1626 1056 1729 1119 Ait,
1750 1070 1851 1104 esse
1871 1055 2068 1103 vetitum
2090 1056 2212 1102 intro
2233 1056 2293 1103 ad
2316 1056 2471 1103 heram
2496 1072 2577 1105 ac-

1510 1120 1679 1169 cedere
1712 1120 1803 1168 Ph.
1828 1125 1937 1177 r,6.
1952 1124 2014 1169 25
2046 1119 2183 1167 Idem
2199 1119 2367 1182 recipit
2382 1136 2433 1169 se
2452 1121 2574 1171 intro

1511 1186 1671 1233 denuo
1718 1185 1808 1233 Ph.
1828 1201 1877 1242 v,
1895 1188 1945 1233 6.
1970 1187 2035 1234 30
2099 1184 2273 1233 Eamus
2306 1184 2430 1234 intro
2462 1186 2573 1235 hinc

1513 1250 1605 1299 Ph.
1626 1266 1674 1308 v,
1696 1254 1747 1299 8.
1766 1254 1829 1299 65
1865 1250 2037 1313 passim
2060 1248 2175 1296 alibi

1579 1314 1856 1363 Introduco.
1920 1314 2165 1377 Sophrona
2203 1312 2345 1360 modo
2383 1310 2572 1362 fratrem

1514 1378 1609 1427 hue
1631 1378 1755 1426 senis
1776 1377 2034 1425 introduxit
2054 1378 2300 1427 Chremem
2351 1375 2441 1425 Ph.
2464 1394 2510 1435 v,
2526 1384 2579 1428 6.

1517 1446 1580 1491 25
1629 1443 1737 1491 Hos
1780 1442 1908 1506 prius
1949 1443 2244 1491 introducam
2265 1459 2277 1489 ε
2310 1448 2423 1506 post
2458 1449 2576 1491 exeo

1518 1506 1610 1554 Eu.
1632 1506 1706 1565 iii,
1726 1511 1777 1557 2.
1798 1511 1866 1556 39
1904 1505 1977 1554 Tu
2014 1506 2119 1555 istic
2154 1521 2311 1564 mane,
2339 1514 2395 1554 ut
2430 1506 2577 1556 Chre-

1518 1587 1642 1619 mem
1664 1571 1937 1619 introducas
1972 1570 2064 1621 Eu.
2084 1586 2131 1628 r,
2149 1576 2198 1621 2.
2222 1575 2288 1620 70

1585 1636 1793 1684 Introeo.
1858 1635 1955 1685 Cur
2000 1651 2096 1683 non
2141 1642 2269 1683 recta
2320 1634 2579 1684 introiban?

1519 1699 1613 1751 Eu.
1629 1700 1664 1757 i,
1680 1704 1774 1750 2.7
1808 1699 1963 1747 Modo
1976 1699 2134 1748 introii
2165 1699 2293 1755 Aa,
2312 1703 2412 1749 2.9
2444 1700 2584 1748 Post-

1521 1780 1662 1829 quam
1680 1764 1836 1813 introii
1870 1763 1966 1811 He.
1983 1764 2052 1822 iii,
2073 1769 2123 1813 3.
2148 1768 2207 1813 13
2242 1762 2389 1811 Filius
2404 1764 2587 1813 introiit

1521 1831 1681 1878 videre
1747 1829 1843 1877 He.
1860 1828 1933 1884 iii,
1956 1833 2004 1878 2.
2024 1833 2087 1878 10
2146 1827 2335 1877 Introiit
2370 1830 2421 1875 in
2457 1830 2585 1879 oedes

1523 1900 1623 1942 ater
1645 1893 1827 1941 alienus
1844 1892 1975 1941 canis
2007 1893 2099 1942 Ph.
2128 1893 2197 1956 iv,
2215 1896 2265 1941 4.
2286 1896 2354 1943 26
2385 1892 2585 1942 Introire

1522 1957 1757 2007 neminem
1776 1956 1933 2013 video,
1956 1957 2080 2006 exire
2104 1957 2340 2005 neminem
2372 1955 2435 2005 A.
2457 1958 2509 2015 ii,
2530 1962 2580 2007 2.

1522 2026 1590 2071 26
1622 2022 1770 2071 Domi
1790 2030 1940 2079 erant,
1973 2031 2029 2069 ut
2049 2022 2180 2069 nullo
2219 2021 2363 2069 modo
2396 2020 2587 2070 introire

1589 2102 1711 2135 ssem
1726 2086 1819 2135 Eu.
1836 2102 1883 2143 v,
1898 2091 1947 2135 2.
1958 2090 1989 2135 3
2008 2086 2152 2134 Nunc
2166 2087 2259 2133 hnc
2268 2086 2459 2133 introire
2474 2086 2586 2133 nolo

1577 2166 1622 2198 e.
1644 2150 1712 2206 iii,
1734 2154 1782 2199 2.
1806 2154 1867 2199 13
1906 2151 2097 2198 Servom
2118 2149 2245 2197 illico
2261 2150 2494 2198 introiisse
2513 2152 2587 2197 di-

1527 2223 1641 2264 ccnt
1655 2214 1873 2261 Sostratus
1895 2213 1989 2263 He.
2011 2214 2079 2270 iii,
2105 2220 2151 2264 1.
2172 2218 2238 2262 52
2288 2212 2387 2269 Qui
2418 2214 2591 2263 vidisse

1528 2294 1636 2327 cum
1658 2278 1837 2326 diceret
1868 2286 2134 2333 exeuntem,
2169 2284 2253 2325 aut
2273 2277 2589 2328 introeuntem

1529 2344 1591 2391 ad
1612 2343 1812 2391 amicam
1845 2341 1942 2393 He.
1963 2342 2029 2400 ir,
2054 2346 2103 2391 1.
2124 2345 2190 2392 36

1593 2407 1881 2456 Intromitto.
1945 2406 2208 2454 Phaedriam
2231 2404 2591 2457 intromittamus

1532 2473 1880 2522 commissatum
1930 2470 2023 2520 Eu.
2045 2470 2118 2528 iii,
2143 2474 2187 2520 1.
2209 2474 2274 2520 52
2325 2471 2469 2530 Quod
2491 2472 2593 2522 heri

1531 2537 1823 2586 intromissus
1846 2553 1946 2585 non
1968 2543 2042 2585 est
2073 2536 2167 2586 Eu.
2189 2536 2224 2592 i,
2245 2539 2297 2586 2.
2316 2541 2347 2586 3

1599 2602 1918 2664 Introrumpo.
1981 2601 2128 2650 Cesso
2166 2601 2259 2648 huc
2281 2601 2594 2667 introrumpe-

1535 2681 1584 2714 re
1605 2666 1623 2712 ?
1660 2665 1755 2713 Eu.
1775 2683 1823 2729 v,
1838 2670 1890 2715 6.
1910 2669 1977 2714 26

1602 2729 1815 2778 Intueor.
1913 2728 2146 2785 Quisnam
2184 2729 2267 2776 hio
2320 2729 2596 2779 adolescens

1538 2799 1628 2850 est,
1650 2795 1734 2857 qui
1754 2793 1953 2841 intuitur
1970 2794 2091 2840 nos?
2126 2792 2249 2842 Heu.
2263 2793 2315 2850 ii,
2331 2796 2381 2841 4.
2400 2798 2464 2842 23
2498 2794 2597 2842 An-

1538 2872 1655 2914 nno,
1678 2865 1842 2906 terram
1863 2855 2052 2905 intuens
2072 2858 2284 2906 modeste
2338 2855 2429 2904 Eu.
2452 2857 2522 2916 iii,
2548 2865 2602 2908 5.

1606 2984 1761 3033 Intus.
1823 2984 1925 3032 Illis
1957 3000 2064 3050 qnae
2103 2993 2214 3034 sunt
2244 2985 2389 3044 intus,
2427 2985 2602 3034 clamat

1543 3049 1606 3098 de
1624 3051 1705 3098 via
1737 3046 1801 3097 A.
1820 3049 1891 3107 iii,
1913 3054 1961 3099 2.
1984 3053 2045 3099 11
2082 3049 2171 3098 Est
2189 3050 2316 3098 Simo
2337 3051 2463 3099 intus
2482 3050 2499 3097 ?
2532 3050 2600 3099 A.

1542 3114 1610 3171 iv,
1630 3120 1681 3165 4.
1704 3118 1768 3163 50
1822 3113 1998 3162 Omnia
2019 3122 2246 3178 apparata
2274 3113 2375 3178 jam
2396 3121 2505 3162 sunt
2524 3114 2600 3162 in·

1544 3186 1622 3226 tus
1652 3178 1718 3229 A.
1739 3194 1788 3236 r,
1810 3182 1858 3228 2.
1878 3183 1911 3228 6
1956 3179 2098 3228 Anne
2120 3188 2192 3228 est
2228 3179 2355 3226 intus
2377 3179 2603 3241 Pamphi-

1546 3244 1619 3291 lus
1638 3243 1655 3290 ?
1704 3241 1771 3290 A.
1788 3259 1835 3300 v,
1854 3246 1904 3292 2.
1921 3247 1985 3292 10
2031 3243 2235 3308 Sequere
2257 3244 2345 3291 hnc
2369 3259 2443 3292 me
2475 3243 2605 3291 intus

1546 3309 1609 3355 ad
1646 3307 1924 3372 Glycerium
1964 3322 2094 3356 nunc
2134 3307 2203 3357 A.
2226 3324 2277 3369 v,
2294 3313 2344 3358 6.
2369 3312 2431 3357 14
2465 3307 2602 3356 Intus

1547 3371 1946 3435 despondebitur:
1980 3372 2109 3421 intus
2141 3371 2421 3437 transigetur
2470 3373 2535 3421 A.
2558 3389 2607 3430 v,

1545 3441 1594 3486 6.
1622 3441 1699 3486 16.
1724 3441 1786 3487 17
1838 3437 2009 3485 Metuo
2038 3437 2243 3494 fratrem,
2282 3453 2345 3485 ne
2378 3437 2507 3486 intus
2548 3437 2611 3486 sit

1549 3499 1643 3548 Eu.
1665 3500 1733 3557 iii,
1756 3507 1806 3550 5.
1826 3504 1890 3550 63
1940 3501 2036 3549 Abi
2076 3509 2146 3560 tu,
2169 3512 2311 3566 atque
2346 3503 2510 3549 obsera
2531 3518 2606 3549 os·

1549 3564 1667 3611 tium
1690 3565 1815 3612 intus
1846 3564 1939 3613 Eu.
1962 3565 2028 3624 ir,
2050 3570 2099 3614 6.
2121 3571 2183 3616 25
2220 3566 2365 3614 Hunc
2386 3581 2471 3628 pro
2494 3581 2609 3613 moe-

1550 3630 1641 3677 cho
1657 3638 1825 3693 postea
1844 3631 2243 3694 comprehendere
2266 3631 2393 3678 intus
2444 3629 2537 3678 Eu.
2559 3645 2609 3687 v,

1549 3698 1601 3743 6.
1622 3698 1685 3743 23
1720 3693 1855 3751 Quos
1886 3694 2025 3742 ludos
2058 3696 2309 3758 praebueris
2343 3693 2471 3742 intus
2516 3693 2610 3743 Eu.

1550 3773 1601 3816 v,
1621 3762 1672 3806 7.
1690 3762 1723 3807 9
1765 3758 1913 3806 Estne
1945 3770 2016 3805 ea·
2038 3759 2199 3806 intus?
2234 3759 2357 3806 Heu.
2380 3757 2449 3814 iii,
2471 3762 2521 3806 1.
2543 3762 2607 3807 45

1553 3821 1708 3870 Ellam
1730 3822 1857 3870 intus
1905 3821 2005 3870 Ad.
2025 3824 2094 3880 iii,
2119 3827 2168 3872 3.
2190 3827 2255 3872 35
2306 3822 2381 3870 Τιι
2402 3837 2508 3869 cum
2530 3821 2615 3870 illa

1553 3892 1603 3934 te
1643 3887 1774 3934 intus
1817 3885 2003 3934 oblecta
2035 3887 2221 3935 interim
2275 3886 2373 3934 Ad.
2391 3886 2448 3944 ii,
2469 3889 2519 3934 4.
2543 3891 2609 3936 20

1555 3949 1703 3999 Estne
1723 3951 1866 4000 frater
1882 3950 2047 3998 intus?
2081 3951 2180 3999 Ad.
2202 3952 2267 4008 iv,
2288 3955 2337 4000 2.
2362 3955 2426 4000 30
2474 3949 2613 3998 Intus

1556 4015 1760 4064 Psaltria
1780 4023 1853 4064 est
1882 4015 1982 4064 Ad.
2006 4015 2072 4074 iv,
2091 4021 2141 4066 7.
2164 4020 2224 4066 41
2262 4016 2357 4063 Pos
2410 4030 2521 4062 uam
2540 4015 2615 4062 in-

1557 4086 1635 4128 tus
1656 4095 1757 4128 sum
1780 4080 1991 4128 omnium
2029 4096 2179 4128 rerum
2204 4087 2329 4128 satur
2422 4080 2472 4128 d.
2494 4097 2545 4139 v,
2566 4084 2617 4129 1.

1559 4148 1590 4194 3
1627 4144 1713 4193 Est
1731 4144 1963 4210 Ctesipho
1982 4144 2139 4192 intus?
2175 4144 2271 4193 Ad.
2292 4160 2344 4206 v,
2364 4147 2414 4193 2.
2438 4148 2469 4193 3
2505 4145 2618 4193 Mo·

1559 4209 1625 4256 do
1644 4224 1751 4272 qum
1770 4210 1979 4258 namvit
1998 4210 2113 4258 mihi
2124 4209 2203 4257 hic
2240 4209 2369 4257 intus
2384 4209 2584 4258 Bacchis
2598 4209 2621 4256 ἰ

1560 4271 1659 4323 He.
1675 4273 1715 4336 i,
1733 4279 1785 4324 2.
1804 4279 1869 4324 23
1925 4273 2053 4322 Mihi
2072 4274 2199 4322 intus
2223 4281 2331 4322 tuus
2352 4280 2484 4338 pster
2511 4289 2617 4322 nar-

1560 4337 1685 4386 ravit
1732 4338 1829 4388 He.
1847 4339 1917 4404 iv,
1936 4343 1988 4390 2.
2007 4343 2042 4390 6
2091 4338 2230 4388 Intus
2266 4346 2423 4389 cetera
2456 4337 2621 4387 audies

1429 4417 1542 4469 Ind.
1565 4418 1757 4472 Terent.
2444 4419 2494 4469 Υ
