3192 4975
1211 443 1293 491 m
1339 430 1827 508 Tnnun‘rwm·

410 589 503 646 E'u.
541 593 594 654 ii,
617 597 665 642 3.
688 597 752 642 25
805 591 943 639 Nova
977 597 1129 654 nupta
1163 591 1329 639 eedem
1359 593 1460 641 hoee

407 659 594 706 discet?
627 657 721 706 Ad.
741 659 806 713 iv,
822 661 872 704 7.
890 660 954 706 33
989 655 1106 704 1-1ωο
1123 654 1334 718 (fabula)
1351 666 1476 704 cum'

409 723 520 770 data
541 729 612 769 est
631 737 765 769 nova.
800 721 920 769 Hec.
945 720 1072 769 Prol.
1095 725 1126 769 2
1159 719 1312 768 Hem!
1339 737 1459 769 nova

405 797 600 835 1000110
619 792 690 832 est
721 787 815 834 He.
855 785 924 842 iii,
950 790 995 833 1.
1023 789 1082 834 18
1131 785 1290 841 Quom
1327 787 1463 834 stetit

406 851 519 898 olim
561 866 700 905 nova,
731 851 902 898 actoris
934 864 1078 912 opera
1111 851 1255 911 magis
1276 851 1458 899 stetisse

406 915 496 962 Ph.
519 914 644 962 Prol.
665 919 698 964 9
731 914 920 962 Novam
940 930 1040 961 esse
1063 913 1265 968 ostendi,
1285 923 1334 962 et
1350 931 1456 977 quae

403 987 525 1026 esset
559 979 682 1027 Hea-
718 979 846 1028 Prol.
869 984 899 1028 7
948 979 1064 1026 Eam
1101 994 1187 1025 nos
1207 980 1458 1026 00101110-

402 1059 504 1090 mus
523 1059 694 1090 novam
734 1042 828 1092 Ad.
849 1042 976 1090 Pron.
1005 1048 1060 1092 12
1112 1041 1332 1106 Apporto
1368 1059 1454 1092 no·

399 1123 505 1156 vam
551 1107 843 1156 Comoediam
898 1107 988 1153 Ph.
1023 1105 1150 1154 Prol.
1193 1113 1256 1156 25
1311 1108 1454 1157 Nunc

399 1173 506 1220 haec
524 1173 666 1235 plane
687 1178 760 1219 est
774 1187 860 1234 pro
882 1187 1004 1218 nova
1037 1170 1129 1218 He.
1154 1172 1280 1219 Prol.
1300 1179 1329 1221 5
1354 1173 1452 1222 Ve-

399 1243 496 1284 tere
519 1239 564 1283 in
589 1251 713 1282 nova
733 1251 803 1284 coe
837 1235 856 1282 i
878 1237 948 1282 uti
971 1237 1310 1284 consuetud-ine
1357 1237 1451 1286 He.

398 1299 500 1348 Alt.
523 1301 650 1348 Ptol.
681 1305 748 1349 29
851 1315 1038 1347 ovatum
1081 1301 1163 1362 qui
1205 1317 1226 1347 e
1263 1304 1452 1350 ectandi

399 1365 581 1413 faciunt
597 1363 781 1428 copiam
817 1363 942 1411 Hea.
964 1365 1091 1412 Prol.
1113 1369 1179 1413 29
1259 1381 1333 1412 um
1365 1368 1450 1414 da·

399 1429 468 1475 bit
488 1429 601 1477 alias
624 1444 785 1478 novas.
851 1427 996 1477 Nunc
1037 1444 1182 1476 novas
1217 1431 1300 1492 qui
1339 1433 1451 1478 scri·

397 1493 530 1548 bunt,
554 1493 668 1541 nihil
691 1501 891 1556 parcunt
911 1493 1011 1540 seni
1051 1493 1171 1540 Heu.
1207 1495 1338 1542 Prol.
1369 1501 1450 1546 34.

394 1560 458 1606 43
496 1557 658 1606 Novas
679 1558 762 1621 qui
783 1565 968 1606 exactas
989 1558 1103 1618 feci,
1142 1565 1197 1605 01
1215 1559 1449 1608 invetera-

393 1631 590 1682 sceren't.
625 1623 685 1668 In
706 1622 794 1678 his,
817 1638 932 1686 quas
955 1623 1152 1684 primurn
1173 1623 1351 1671 Caecilii
1375 1626 1449 1672 di·

393 1685 488 1734 dici
512 1702 675 1734 novas.
731 1685 800 1734 Ut
821 1687 881 1734 ab
901 1687 1068 1734 eodem
1090 1687 1206 1734 alias
1219 1689 1448 1736 discerem

393 1763 556 1798 novas.
623 1750 841 1814 Mihique
862 1759 916 1798 ut
937 1751 1115 1798 discere
1138 1767 1282 1800 novae
1304 1769 1446 1816 expe-

319 1869 342 1882 *
391 1815 494 1862 diat
547 1815 640 1862 He.
662 1815 762 1862 Ait.
787 1815 915 1864 Prol.
935 1819 986 1864 4.
1021 1819 1071 1864 0.
1107 1820 1188 1865 11.
1222 1821 1288 1865 49
1338 1817 1446 1867 Hoc

391 1892 566 1926 novum
587 1887 660 1928 est
681 1879 933 1942 aucupium
971 1877 1064 1928 Eu.
1087 1879 1212 1941 ii,·2<.
1237 1886 1300 1930 16
1340 1882 1390 1930 N
1393 1899 1446 1930 0-

391 1959 500 1990 vum
522 1944 774 1992 intervenit
793 1944 976 2000 vitium,
999 1951 1048 1991 et
1068 1945 1308 1992 calamitas
1347 1947 1443 1996 He.

391 2005 518 2054 Prol.
541 2013 572 2056 2
627 2005 697 2056 Ut
727 2024 788 2056 ne
820 2007 936 2072 quid
969 2008 1126 2055 animo
1159 2010 1220 2057 sit
1251 2026 1442 2062 novum.

390 2070 572 2118 Horum
615 2073 730 2119 nihil
771 2073 1020 2136 quicquam
1061 2073 1248 2121 accidet
1289 2076 1444 2124 animo

387 2151 562 2183 novum
617 2136 708 2185 Ph.
749 2136 804 2193 ii,
825 2142 869 2186 1.
896 2142 972 2185 15.
995 2141 1062 2186 20
1109 2135 1238 2185 Num
1260 2139 1444 2202 mirum,

386 2207 470 2246 1101
491 2215 662 2248 novum
683 2208 756 2248 est
777 2201 794 2247 ?
850 2200 941 2249 Ph.
985 2217 1032 2262 v,
1052 2205 1100 2250 6.
1120 2207 1154 2250 8
1201 2201 1330 2259 Quin
1353 2221 1444 2262 res,

389 2267 519 2326 zetas,
539 2281 666 2320 usus,
690 2281 875 2328 semper
893 2264 1073 2330 aliquid
1093 2276 1312 2330 apportet
1331 2270 1444 2318 novi

385 2327 482 2378 Ad.
521 2346 568 2384 v,
592 2334 640 2379 4.
661 2335 694 2379 2
743 2329 878 2377 Nihil
899 2330 1014 2377 fecit
1030 2331 1142 2377 novi
1176 2331 1266 2380 Ph.
1300 2332 1370 2389 iii,
1397 2339 1441 2382 1.

331 2448 339 2461 ἱ
383 2395 442 2440 n
489 2393 718 2449 Mirabar,
753 2394 865 2441 situ
893 2395 1004 2440 mihi
1059 2395 1278 2458 uicquam
1301 2397 1439 2445 affer-

383 2471 454 2525 res
497 2457 607 2506 novi
655 2457 746 2506 Pb.
771 2457 840 2516 iii,
863 2463 910 2508 2.
935 2465 964 2508 6
1046 2503 1048 2505 ,
1071 2474 1266 2523 aruspex
1289 2463 1440 2512 vetuit

383 2522 558 2585 aliquid
581 2524 693 2570 novi
714 2524 876 2587 negoti
909 2523 1119 2587 incipere
1165 2524 1258 2574 Ph.
1301 2526 1366 2584 iv,
1387 2533 1437 2576 4.

383 2590 450 2635 29
485 2587 646 2635 Multa
677 2588 963 2643 advenienti,
996 2595 1051 2635 01
1082 2588 1154 2644 fit,
1187 2604 1309 2636 nova
1342 2592 1436 2649 hic,

380 2650 642 2714 compluria
673 2652 763 2699 Ph.
783 2652 848 2707 iv,
870 2656 918 2700 3.
939 2656 970 2699 θ
1011 2651 1128 2699 Fero
1149 2651 1241 2699 alia
1259 2654 1438 2717 flagitia

379 2716 440 2761 ad
466 2722 530 2773 te,
550 2715 778 2778 ingentia,
797 2730 919 2762 nova
950 2714 1048 2763 Ad.
1071 2716 1135 2772 iv,
1161 2722 1211 2765 7.
1233 2720 1264 2765 4

396 2804 404 2811 ·
447 2779 572 2827 Nox.
606 2779 767 2841 Atque
789 2780 890 2826 haec
913 2794 1008 2827 una
1027 2794 1118 2826 nox
1153 2780 1276 2828 Heu.
1295 2780 1366 2844 iii,
1387 2784 1433 2833 1.

379 2847 444 2892 52
498 2844 736 2892 Persuasit
755 2859 866 2899 uox,
889 2858 1035 2902 amor,
1065 2845 1240 2901 vinum,
1271 2845 1432 2894 adole-

379 2908 560 2955 scentia
577 2906 672 2957 Ad.
695 2907 769 2962 iii.
788 2913 837 2956 4.
859 2910 923 2955 24
967 2906 1102 2954 Prius
1123 2924 1216 2956 nox
1235 2924 1431 2972 oppres-

377 2970 515 3019 sisset
531 2972 648 3029 illic,
670 2986 810 3035 quam
833 2970 927 3019 Ad.
949 2971 1016 3027 ἰν,
1042 2976 1086 3020 1.
1109 2974 1144 3021 9
1175 2972 1296 3030 Quae
1317 2988 1432 3021 con·-

378 3044 542 3084 secuta
561 3044 634 3085 est
654 3052 768 3097 nox,
790 3051 894 3083 eam
917 3034 1066 3095 nihilo
1088 3037 1233 3100 magis
1276 3037 1369 3086 He.
1393 3036 1429 3095 i,

378 3104 430 3149 2.
445 3106 512 3149 62
556 3101 734 3149 Misere
755 3100 934 3148 offendi
957 3100 1168 3159 militem,
1189 3101 1294 3165 ejus
1315 3118 1429 3150 noc-

377 3172 471 3212 tem
494 3173 702 3214 orantem
742 3164 864 3214 Hea.
907 3166 959 3222 ii,
983 3169 1030 3213 3.
1055 3169 1148 3214 125
1203 3166 1429 3215 Somnum

373 3227 530 3277 hercle
550 3247 640 3294 ego
663 3232 750 3279 hnc
771 3237 911 3279 nocte
931 3230 1081 3277 oculis
1101 3245 1196 3277 1100
1215 3231 1315 3279 vidi
1337 3248 1431 3281 me·

375 3293 416 3343 in
447 3294 569 3343 Hea.
612 3295 680 3351 iii,
707 3300 748 3343 1.
773 3300 836 3345 82
889 3294 1001 3342 Non
1023 3294 1162 3342 rediit
1180 3296 1270 3343 hec
1290 3305 1430 3345 nocte

373 3372 404 3403 a
446 3374 580 3406 coena
618 3359 908 3408 AEschinus?
963 3359 1058 3406 Ad.
1103 3360 1139 3419 i,
1161 3362 1206 3407 1.
1231 3366 1258 3409 1
1307 3362 1428 3410 Cum

374 3422 525 3484 primo
549 3424 658 3471 lucu
681 3425 758 3471 ibo
781 3423 906 3471 hinc.
929 3423 1024 3481 Mi.
1045 3422 1196 3471 Immo
1212 3426 1274 3473 de
1288 3434 1430 3474 nocte

372 3500 543 3535 censeo
596 3488 693 3536 Ad.
734 3506 782 3550 v,
803 3492 850 3537 3.
873 3493 938 3537 55
991 3486 1146 3536 Nocte
1177 3488 1261 3535 illa
1281 3490 1430 3553 prima

374 3549 598 3612 virginem
617 3569 714 3600 non
736 3552 894 3617 attigit
935 3552 1027 3599 He.
1069 3552 1107 3609 i,
1128 3556 1175 3603 2.
1197 3557 1259 3602 61
1317 3554 1428 3603 Me-

373 3612 506 3672 mini,
527 3618 588 3663 ud
613 3633 686 3664 me
708 3625 847 3665 nocte
867 3617 1019 3680 prima
1039 3617 1290 3679 confugere
1333 3617 1428 3667 He.

371 3693 420 3733 ν,
447 3682 496 3726 3.
519 3682 584 3727 24
627 3681 797 3728 Conari
819 3682 1048 3738 manibus,
1071 3682 1288 3744 pedibus,
1312 3698 1424 3731 nnc·

369 3748 538 3805 resque
555 3750 606 3790 et
625 3744 726 3803 dies
760 3745 822 3792 A.
842 3746 908 3803 iv,
933 3751 978 3796 1.
1002 3751 1064 3795 53
1101 3746 1219 3794 Dies
1239 3754 1426 3795 noctes·

371 3822 465 3869 que
487 3824 562 3855 me
585 3822 710 3854 ames
741 3808 833 3858 Eu.
855 3809 892 3867 i,
915 3815 964 3858 2.
991 3815 1084 3859 113
1119 3811 1286 3859 Stertit
1305 3826 1424 3861 noc-

371 3877 420 3919 te
479 3887 538 3920 ue
559 3877 608 3919 et
627 3871 731 3919 dies
763 3872 854 3919 Eu.
880 3889 925 3927 ν,
945 3879 993 3922 9.
1015 3879 1082 3923 49
1233 3886 1240 3891 ’

385 3946 396 3965 ’
487 3952 593 3987 oxa.
659 3936 752 3985 Hic
774 3937 822 3983 in
840 3952 960 3984 noxa
983 3945 1084 3985 est:
1122 3938 1202 3986 ille
1239 3941 1301 3986 ad
1337 3941 1423 3988 de-

370 4000 652 4049 fendendam
671 4015 858 4049 causam
879 4003 1014 4049 adest
1043 4001 1133 4049 Ph.
1153 4003 1204 4058 11,
1233 4008 1276 4051 1.
1293 4008 1360 4053 36

435 4064 608 4114 Noxia.
643 4065 798 4115 Unam
822 4067 943 4113 hauc
966 4066 1152 4113 noxium
1171 4066 1304 4115 mitte
1327 4068 1420 4115 Eu.

369 4142 416 4183 v.
437 4134 485 4177 2.
509 4135 569 4181 13
621 4131 814 4193 Signum
835 4138 926 4187 est,
959 4130 1194 4177 dominam
1219 4146 1320 4179 esse
1341 4148 1428 4179 ex-

373 4196 649 4257 tra-noxiam
684 4196 806 4244 Hea.
832 4195 886 4249 ii,
910 4198 958 4243 3.
981 4199 1044 4244 67
1080 4194 1222 4250 Quod
1247 4212 1323 4243 me
1345 4210 1426 4244 ac·-

371 4264 506 4303 eusnt
526 4276 650 4308 nunc
667 4262 752 4320 vir,
769 4277 868 4309 sum
887 4268 1014 4307 extra
1033 4260 1219 4307 noxiam
1254 4259 1348 4307 He.
1371 4260 1421 4319 ii,

371 4323 418 4368 3.
444 4324 474 4369 3
521 4322 580 4372 In
602 4341 650 4373 re
673 4324 951 4391 incipiunda
977 4326 1039 4373 nd
1073 4324 1420 4375 defendendam

2388 429 2597 494 ccxix:

1532 591 1739 640 noxiam'
1762 593 1864 639 -P-h.
1908 589 1945 651 f,
1966 595 2015 642 4.
2034 589 2101 641 48
2150 587 2293 642 Pueri
2322 591 2449 642 luter
2484 604 2591 642 nese

1531 671 1671 719 quam
1696 671 1779 720 pro
1798 653 2142 704 levibus'noxiis
2158 656 2251 703 iras
2264 658 2461 720 gerunt!
2496 658 2592 708 He.

1530 721 1584 768 iii
1622 725 1671 770 1.
1688 726 1755 770 30

1587 755 1757 834 ’Nuba
1826 785 1915 835 Cui
1933 787 1951 833 ἓ
1972 785 2167 850 quando
2185 784 2379 846 nupsit?
2402 783 2501 858 Δρ.
2518 786 2589 844 iv,

1529 855 1576 898 ὅ.
1600 855 1663 899 37
1716 851 1963 912 Antiphila
2000 865 2103 897 mea
2134 849 2285 895 nubet
2316 849 2431 896 mihi
2462 849 2589 898 Heu.

1527 915 1677 1028 {52:222
1690 914 2093 1027 ss{„„}3⁵‘}122⁰;
2116 913 2397 1027 ‘¹1⁰⁰‹3‘2‘'i’,';';
2418 914 2589 1026 2²:3¹3:

1867 1015 1878 1025 .
2028 1014 2042 1029 .
2097 1013 2111 1036 ‚
2169 1011 2183 1024 .
2492 1011 2511 1039 ‚

1526 1045 1773 1108 orbae,qui
1792 1051 1901 1091 sunt
1922 1059 2091 1108 genere
2128 1043 2357 1106 proxumi,
2388 1043 2457 1090 eie
2494 1059 2583 1090 nu·

1528 1109 1643 1155 bant
1696 1109 1787 1156 Ph.
1833 1109 1866 1165 i,
1889 1113 1941 1158 2.
1964 1113 2031 1157 76
2077 1107 2175 1163 Qui
2197 1105 2405 1162 aiebant,
2437 1108 2588 1156 hodie

1525 1173 1669 1220 filiam
1696 1189 1844 1221 meam
1867 1173 2041 1221 nubere
2062 1179 2145 1219 100
2168 1177 2313 1234 gnato
2344 1171 2409 1221 A.
2436 1172 2507 1228 iii,
2528 1176 2583 1222 8.

1525 1241 1558 1286 3
1589 1236 1719 1285 Huic
1740 1238 1867 1300 leges
1888 1244 2069 1300 cogunt
2100 1236 2279 1284 nubere
2312 1237 2435 1283 hanc
2480 1235 2585 1288 Ad.

1523 1299 1588 1358 iv,
1612 1309 1660 1351 5.
1687 1307 1747 1351 18
1797 1301 2011 1350 Datur-ne
2036 1301 2119 1348 ina
2149 1299 2403 1362 Pamphilo
2440 1301 2583 1350 bodie

1523 1367 1763 1429 nuptum?
1798 1365 1862 1415 A.
1902 1367 1959 1423 ii,
1984 1372 2029 1415 1.
2053 1370 2078 1415 1
2135 1364 2227 1412 Pro
2264 1364 2445 1426 virgine
2478 1366 2583 1415 dari

1523 1439 1723 1492 nuptum
1764 1445 1859 1478 non
1895 1436 2054 1494 potest
2102 1428 2202 1478 Ad.
2242 1429 2313 1484 iii,
2336 1433 2385 1479 2.
2410 1434 2475 1478 48
2508 1429 2581 1478 Ex

1521 1509 1617 1556 quo
1639 1509 1819 1552 censes,
1837 1495 1929 1543 nisi
1950 1511 2009 1542 ex
2028 1494 2129 1550 illo,
2146 1493 2227 1542 cui
2240 1494 2353 1541 data
2366 1502 2439 1542 est
2456 1509 2581 1558 nup-

1523 1566 1619 1606 tum
1640 1559 1661 1606 ?
1692 1559 1786 1606 He.
1805 1559 1869 1616 iv,
1895 1565 1941 1608 1.
1965 1563 2025 1607 13
2060 1558 2222 1616 Dicat,
2244 1573 2331 1606 nos
2346 1559 2461 1606 dure
2472 1574 2577 1607 enm

1523 1623 1794 1670 Phormioni
1814 1630 2013 1686 nuptum
2044 1623 2136 1672 Ph.
2160 1622 2229 1678 iv,
2252 1627 2301 1670 5.
2322 1627 2357 1670 Β
2404 1622 2471 1670 Ut
2490 1639 2579 1686 po-

1521 1689 1608 1744 tui,
1628 1696 1829 1798 ”usstum
1855 1689 2079 1752 virginem
2104 1687 2257 1734 locavi
2280 1687 2389 1735 huic
2410 1687 2578 1736 adole-⁴

1517 1753 1667 1800 acenti
1726 1754 1772 1801 h.
1794 1769 1842 1806 v,
1866 1757 1914 1801 1.
1930 1757 1993 1802 25
2031 1752 2095 1799 Ε1
2112 1767 2235 1800 nova
2250 1761 2399 1814 nupta
2410 1753 2579 1802 eadem

1517 1818 1623 1864 haec
1638 1816 1823 1864 discet?
1854 1816 1953 1866 Ad.
1974 1817 2040 1880 iv,
2060 1821 2107 1866 7.
2130 1820 2193 1864 33
2230 1816 2411 1872 Potius,
2432 1824 2591 1878 quarti·

1516 1888 1641 1929 esset
1656 1897 1764 1929 cum
1785 1881 1865 1929 illo
1884 1888 2036 1945 nupta
2067 1880 2160 1931 He.
2182 1881 2248 1937 iv,
2272 1886 2319 1930 1.
2340 1885 2405 1930 19
2434 1881 2577 1944 Nup-

1517 1954 1566 1992 ta
1585 1947 1814 1994 meretrici
1839 1949 1984 1993 hostis
2004 1953 2078 1994 est
2126 1945 2221 1992 He.
2255 1962 2303 1999 v,
2322 1949 2373 1994 2.
2396 1949 2459 1994 23
2506 1945 2575 1993 Ut

1516 2011 1577 2057 de
1593 2011 1677 2057 tali
1697 2025 1837 2058 causa
1857 2018 2018 2074 nuptae
2042 2011 2221 2058 mulieri
2240 2025 2291 2057 ee
2306 2010 2579 2058 ostenderet

1516 2074 1611 2122 He.
1654 2090 1706 2134 v,
1729 2081 1775 2125 1.
1802 2080 1867 2123 80
1921 2075 2145 2137 Negabaz
2184 2082 2381 2134 nuptum
2436 2087 2579 2135 poene

1515 2138 1661 2186 filiam
1683 2146 1815 2185 tuam
1830 2146 1879 2186 te
1900 2139 1999 2202 peti
2020 2154 2127 2186 cum
2152 2153 2213 2186 eo
2243 2137 2337 2186 He.
2360 2139 2427 2193 iv,
2444 2144 2489 2188 1.
2506 2143 2573 2187 23

1516 2202 1617 2250 Aut
1643 2218 1693 2250 se
1713 2218 1813 2250 esse
1834 2218 2018 2252 mecum
2042 2210 2237 2266 nuptum
2286 2201 2379 2249 He.
2414 2203 2483 2256 iv,
2518 2206 2575 2253 4.

1513 2266 1764 2330 34-Εὲ011’
1785 2267 1912 2314 illam
1934 2281 2041 2314 cum
2064 2266 2151 2314 illo
2184 2273 2234 2313 01
2268 2267 2421 2330 patiar
2448 2281 2575 2329 nup-

1513 2338 1609 2378 tam
1631 2347 1776 2379 unum
1799 2333 1958 2379 diem?
1993 2332 2081 2381 Ph.
2118 2331 2173 2381 ii.
2199 2335 2245 2379 1.
2266 2335 2330 2380 74
2364 2331 2571 2378 Gnatam
2623 2383 2634 2404 ι

1513 2395 1672 2443 inveni
1692 2404 1889 2458 nuptam
1910 2410 2018 2443 cum
2042 2405 2123 2442 tuo
2162 2395 2259 2442 filio
2306 2395 2399 2442 Ph.
2436 2411 2488 2452 v,
2523 2399 2573 2448 3.

1575 2523 1765 2573 Nudus.
1828 2524 2043 2588 Capillus
2063 2540 2243 2588 passus,
2278 2524 2437 2573 nudus
2465 2540 2569 2589 pes,

1509 2588 1615 2653 ipsa
1634 2590 1819 2637 horrida.
1851 2590 1941 2637 Ph.
1960 2590 1999 2645 i,
2020 2594 2069 2637 2.
2092 2594 2159 2637 66

1572 2648 1745 2715 Nugae.
1810 2652 1859 2700 N
1863 2669 1903 2699 ae
1946 2653 2035 2699 ista
2069 2652 2224 2700 hercle
2258 2667 2429 2715 magno
2464 2652 2567 2715 jem

1508 2724 1680 2763 conatu
1704 2731 1897 2779 magnae
1914 2731 2063 2779 nugas
2096 2716 2296 2763 dixerit!
2345 2716 2469 2765 uea.
2498 2717 2569 2781 iv,

1510 2784 1930 2904 ι.Ιῗῖ01101,11,0111.
1994 2843 2241 2891 Liberatus
2279 2860 2381 2891 sum
2402 2845 2564 2902 hodie,-

1503 2906 1659 2964 Dnve,
1683 2914 1765 2955 tua
1784 2922 1943 2969 opera.
1975 2908 2071 2957 Da.
2096 2907 2173 2957 Ac
2188 2908 2351 2955 nullus
2376 2908 2567 2971 quidem

1501 2970 1565 3020 A.
1581 2972 1633 3029 11,
1644 2978 1693 3021 2.
1706 2977 1769 3021 33
1791 2971 1966 3021 Nullus
1987 2988 2087 3020 sum
2108 2973 2119 3019 !
2146 2972 2204 3021 A.
2224 2972 2358 3028 111,4.
2378 2976 2461 3021 20.
2476 2972 2571 3021 Eu.

1500 3040 1611 3091 ν,7.
1629 3040 1710 3086 22.
1734 3037 1830 3086 He.
1848 3035 1921 3097 iii,
1936 3042 1981 3086 1.
2000 3041 2083 3087 39.
2106 3036 2172 3093 iv,
2192 3040 2241 3085 4.
2257 3040 2319 3085 31
2343 3037 2566 3095 Memini,

1503 3102 1689 3150 tametsi
1709 3102 1869 3148 nullus
1886 3116 2081 3148 monens
2128 3100 2221 3148 Eu.
2250 3101 2303 3157 ii,
2328 3106 2372 3149 1.
2395 3106 2459 3150 111
2506 3103 2561 3151 si

1503 3177 1601 3212 non
1625 3174 1818 3228 quaeret,
1855 3166 2013 3213 nullus
2046 3165 2219 3213 dixeris
2265 3166 2361 3213 He.
2398 3166 2432 3223 i,
2454 3170 2505 3215 2.
2526 3171 2563 3215 4

1502 3229 1678 3277 Nullus
1720 3246 1789 3287 es,
1832 3230 1978 3286 Geta,
2016 3230 2107 3277 nisi
2154 3229 2249 3279 Ph.
2286 3230 2321 3290 i,
2339 3234 2388 3280 4.
2416 3235 2439 3279 1
2494 3230 2568 3279 Ut

1501 3294 1659 3341 nullus
1682 3294 1815 3342 locus
1835 3294 2121 3357 relinquntur
2142 3295 2269 3357 preci
2303 3296 2393 3343 Ph.
2415 3294 2489 3351 iii,
2510 3300 2558 3344 3.

1504 3364 1566 3408 14
1601 3358 1777 3406 Nullus
1788 3360 1920 3407 sum!
1946 3360 2155 3423 sepultus
2167 3361 2297 3407 sum!
2333 3360 2423 3407 Ph.
2447 3375 2495 3416 v,
2514 3365 2561 3409 7.

1502 3427 1568 3473 49
1616 3422 1707 3471 cui
1742 3438 1878 3488 aeque
1904 3423 2079 3472 audisti
2112 3424 2402 3471 commodius
2422 3425 2557 3488 quic·

1502 3503 1643 3599 3²33?
1658 3489 1913 3601 332322?
1930 3488 2359 3601 32132'32332
2369 3489 2554 3599 ³143?

1501 3620 1549 3665 4.
1579 3621 1639 3666 1⁰
1689 3616 1888 3665 Nullum
1908 3618 2119 3672 invenire
2141 3618 2393 3681 Prologum
2416 3624 2555 3678 potu-

1498 3679 1613 3727 isset
1630 3696 1781 3729 novus
1816 3682 1903 3729 Ph.
1926 3682 2053 3729 Prol.
2077 3686 2137 3732 1⁵
2172 3682 2243 3730 Ut
2260 3681 2393 3729 nullo
2412 3681 2557 3729 modo

1499 3744 1689 3793 introire
1712 3762 1910 3809 possem,
1934 3746 2047 3810 quin
2081 3744 2173 3795 Eu.
2194 3762 2242 3808 v,
2262 3750 2309 3794 2.
2328 3750 2361 3793 2
2413 3744 2485 3792 Α1
2510 3752 2559 3793 te

1497 3808 1550 3856 id
1573 3810 1703 3857 nullo
1724 3812 1865 3857 modo
1886 3811 2058 3874 puduit
2076 3810 2227 3858 facere
2273 3808 2397 3857 Heu.
2437 3824 2483 3865 v,
2506 3813 2555 3856 4.

1499 3878 1564 3922 19
1614 3875 1693 3923 Sic
1735 3876 1875 3922 homo
1913 3884 2001 3937 est,
2038 3890 2377 3937 perpaucorum
2406 3873 2557 3920 homi·

1497 3954 1629 3986 num.
1686 3939 1785 3987 Gn.
1809 3940 1959 3986 Immo
1980 3938 2213 3987 nullorum
2234 3938 2429 3986 1111111101
2458 3936 2551 3984 Ειι.
2610 3993 2619 4002 ,

1495 4002 1568 4058 111,
1594 4008 1641 4052 1.
1664 4008 1727 4052 19
1759 4004 1808 4051 N
1812 4020 1903 4053 unc
1930 4018 2014 4067 per
2034 4006 2159 4051 hunc
2182 4004 2311 4051 nulla
2332 4010 2405 4051 est
2424 4016 2553 4049 mora

1498 4066 1561 4117 A.
1583 4066 1657 4125 iii,
1678 4072 1728 4120 4.
1754 4074 1813 4117 14
1848 4069 1899 4117 Si
1920 4067 2053 4115 nulla
2066 4069 2293 4131 aegritudo
2305 4066 2417 4115 huic
2435 4080 2551 4129 gau-

1497 4132 1577 4179 dio
1593 4132 1905 4181 intercesserit
1933 4133 1997 4180 A.
2013 4150 2059 4188 v,
2078 4138 2127 4181 5.
2148 4138 2177 4181 5
2212 4132 2283 4179 Ut
2298 4146 2405 4194 spes
2418 4132 2552 4178 nulla

1497 4196 1673 4260 reliqua
1693 4198 1747 4244 111
1769 4206 1815 4245 te
1838 4198 2032 4245 31011101
2054 4198 2065 4244 !
2100 4196 2193 4244 Eu.
2224 4196 2277 4257 ii,
2296 4200 2349 4245 2.
2370 4201 2403 4245 9
2435 4196 2549 4245 Huc

1495 4277 1605 4307 cum
1642 4263 1861 4319 advenio,
1900 4262 2029 4309 nulla
2062 4270 2161 4309 erat
2196 4262 2293 4310 Eu.
2326 4262 2379 4315 ii,
2410 4266 2464 4309 3.
2482 4264 2546 4309 53

1495 4325 1643 4375 Nulla
1662 4329 1777 4377 mihi
1793 4344 1869 4377 res
1888 4328 2085 4394 posthac
2106 4334 2261 4393 potest
2275 4326 2379 4392 jam
2404 4326 2550 4375 inter·
