<?xml version="1.0" encoding="UTF-8"?>
<!DOCTYPE html PUBLIC "-//W3C//DTD XHTML 1.0 Transitional//EN"
    "http://www.w3.org/TR/xhtml1/DTD/xhtml1-transitional.dtd">
<html xmlns="http://www.w3.org/1999/xhtml" xml:lang="en" lang="en">
 <head>
  <title>
</title>
<meta http-equiv="Content-Type" content="text/html;charset=utf-8" />
  <meta name='ocr-system' content='tesseract 3.04.00' />
  <meta name='ocr-capabilities' content='ocr_page ocr_carea ocr_par ocr_line ocrx_word'/>
</head>
<body>
  <div class='ocr_page' id='page_1' title='image "./comoedisex09westgoog_0191.png"; bbox 0 0 3192 4975; ppageno 0'>
   <div class='ocr_carea' id='block_1_1' title="bbox 1229 407 1832 462">
    <p class='ocr_par' dir='ltr' id='par_1_1' title="bbox 1229 407 1832 462">
     <span class='ocr_line' id='line_1_1' title="bbox 1229 407 1832 462; baseline -0.002 -2"><span class='ocrx_word' id='word_1_1' title='bbox 1229 410 1311 460; x_wconf 73' lang='lat' dir='ltr'><strong>m</strong></span> <span class='ocrx_word' id='word_1_2' title='bbox 1354 407 1746 462; x_wconf 72' lang='lat' dir='ltr'><strong>&#39;PBRBN&#39;HU</strong></span> <span class='ocrx_word' id='word_1_3' title='bbox 1759 411 1832 460; x_wconf 78' lang='lat' dir='ltr'><strong>M.</strong></span> 
     </span>
    </p>
   </div>
   <div class='ocr_carea' id='block_1_2' title="bbox 382 557 1490 2536">
    <p class='ocr_par' dir='ltr' id='par_1_2' title="bbox 382 557 1490 2536">
     <span class='ocr_line' id='line_1_2' title="bbox 441 557 1489 625; baseline 0.004 -19"><span class='ocrx_word' id='word_1_4' title='bbox 441 557 623 614; x_wconf 81' lang='lat' dir='ltr'><strong>Timeo,</strong></span> <span class='ocrx_word' id='word_1_5' title='bbox 639 575 697 608; x_wconf 85' lang='lat' dir='ltr'><strong>nc</strong></span> <span class='ocrx_word' id='word_1_6' title='bbox 714 560 839 609; x_wconf 85' lang='lat' dir='ltr'><strong>aliud</strong></span> <span class='ocrx_word' id='word_1_7' title='bbox 854 559 1209 625; x_wconf 82' lang='lat' dir='ltr'><strong>credam,atque</strong></span> <span class='ocrx_word' id='word_1_8' title='bbox 1222 561 1351 609; x_wconf 86' lang='lat' dir='ltr'><strong>aliud</strong></span> <span class='ocrx_word' id='word_1_9' title='bbox 1365 575 1489 610; x_wconf 86' lang='lat' dir='ltr'><strong>nun·</strong></span> 
     </span>
     <span class='ocr_line' id='line_1_3' title="bbox 443 622 1490 681; baseline 0.003 -14"><span class='ocrx_word' id='word_1_10' title='bbox 443 623 529 669; x_wconf 88' lang='lat' dir='ltr'><strong>ties</strong></span> <span class='ocrx_word' id='word_1_11' title='bbox 549 622 636 674; x_wconf 84' lang='lat' dir='ltr'><strong>He.</strong></span> <span class='ocrx_word' id='word_1_12' title='bbox 653 641 698 681; x_wconf 82' lang='lat' dir='ltr'><strong>v,</strong></span> <span class='ocrx_word' id='word_1_13' title='bbox 712 629 759 673; x_wconf 85' lang='grc'><strong>4.</strong></span> <span class='ocrx_word' id='word_1_14' title='bbox 778 631 808 674; x_wconf 88' lang='grc'><strong>4</strong></span> <span class='ocrx_word' id='word_1_15' title='bbox 830 625 907 674; x_wconf 90' lang='lat' dir='ltr'><strong>Ne</strong></span> <span class='ocrx_word' id='word_1_16' title='bbox 927 625 1065 674; x_wconf 87' lang='lat' dir='ltr'><strong>simili</strong></span> <span class='ocrx_word' id='word_1_17' title='bbox 1086 633 1269 672; x_wconf 87' lang='lat' dir='ltr'><strong>utamur</strong></span> <span class='ocrx_word' id='word_1_18' title='bbox 1286 627 1490 680; x_wconf 78' lang='lat' dir='ltr'><strong>fortuna,</strong></span> 
     </span>
     <span class='ocr_line' id='line_1_4' title="bbox 440 688 1490 752; baseline 0.005 -21"><span class='ocrx_word' id='word_1_19' title='bbox 440 693 583 748; x_wconf 81' lang='lat' dir='ltr'><strong>atque</strong></span> <span class='ocrx_word' id='word_1_20' title='bbox 615 688 683 734; x_wconf 87' lang='lat' dir='ltr'><strong>usi</strong></span> <span class='ocrx_word' id='word_1_21' title='bbox 724 705 881 737; x_wconf 88' lang='lat' dir='ltr'><strong>sumus</strong></span> <span class='ocrx_word' id='word_1_22' title='bbox 910 690 1001 737; x_wconf 86' lang='lat' dir='ltr'><strong>Ph.</strong></span> <span class='ocrx_word' id='word_1_23' title='bbox 1043 689 1171 740; x_wconf 91' lang='lat' dir='ltr'><strong>Prol.</strong></span> <span class='ocrx_word' id='word_1_24' title='bbox 1211 694 1275 738; x_wconf 83' lang='grc'><strong>32</strong></span> <span class='ocrx_word' id='word_1_25' title='bbox 1330 690 1490 752; x_wconf 81' lang='lat' dir='ltr'><strong>Atque</strong></span> 
     </span>
     <span class='ocr_line' id='line_1_5' title="bbox 438 750 1490 814; baseline 0.006 -20"><span class='ocrx_word' id='word_1_26' title='bbox 438 750 557 796; x_wconf 87' lang='lat' dir='ltr'><strong>adeo</strong></span> <span class='ocrx_word' id='word_1_27' title='bbox 595 753 705 814; x_wconf 88' lang='lat' dir='ltr'><strong>quid</strong></span> <span class='ocrx_word' id='word_1_28' title='bbox 748 754 887 801; x_wconf 86' lang='lat' dir='ltr'><strong>mea?</strong></span> <span class='ocrx_word' id='word_1_29' title='bbox 920 753 1006 802; x_wconf 80' lang='lat' dir='ltr'><strong>Ph.</strong></span> <span class='ocrx_word' id='word_1_30' title='bbox 1028 753 1081 808; x_wconf 86' lang='lat' dir='ltr'><strong>ii,</strong></span> <span class='ocrx_word' id='word_1_31' title='bbox 1107 757 1154 802; x_wconf 86' lang='grc'><strong>3.</strong></span> <span class='ocrx_word' id='word_1_32' title='bbox 1174 756 1241 802; x_wconf 88' lang='grc'><strong>42</strong></span> <span class='ocrx_word' id='word_1_33' title='bbox 1286 752 1355 800; x_wconf 87' lang='lat' dir='ltr'><strong>Te</strong></span> <span class='ocrx_word' id='word_1_34' title='bbox 1378 754 1490 800; x_wconf 83' lang='lat' dir='ltr'><strong>mihi</strong></span> 
     </span>
     <span class='ocr_line' id='line_1_6' title="bbox 435 812 1486 881; baseline 0.006 -24"><span class='ocrx_word' id='word_1_35' title='bbox 435 812 619 860; x_wconf 81' lang='lat' dir='ltr'><strong>fidelem</strong></span> <span class='ocrx_word' id='word_1_36' title='bbox 664 832 764 864; x_wconf 82' lang='lat' dir='ltr'><strong>esse</strong></span> <span class='ocrx_word' id='word_1_37' title='bbox 804 832 957 881; x_wconf 85' lang='lat' dir='ltr'><strong>aeque,</strong></span> <span class='ocrx_word' id='word_1_38' title='bbox 990 826 1131 879; x_wconf 82' lang='lat' dir='ltr'><strong>atque</strong></span> <span class='ocrx_word' id='word_1_39' title='bbox 1170 824 1358 880; x_wconf 77' lang='lat' dir='ltr'><strong>egomet</strong></span> <span class='ocrx_word' id='word_1_40' title='bbox 1388 831 1486 863; x_wconf 89' lang='lat' dir='ltr'><strong>sum</strong></span> 
     </span>
     <span class='ocr_line' id='line_1_7' title="bbox 434 877 1487 936; baseline 0.007 -14"><span class='ocrx_word' id='word_1_41' title='bbox 434 877 565 931; x_wconf 74' lang='lat' dir='ltr'><strong>milui,</strong></span> <span class='ocrx_word' id='word_1_42' title='bbox 588 877 762 927; x_wconf 83' lang='lat' dir='ltr'><strong>scibam</strong></span> <span class='ocrx_word' id='word_1_43' title='bbox 778 881 869 928; x_wconf 87' lang='lat' dir='ltr'><strong>Ph.</strong></span> <span class='ocrx_word' id='word_1_44' title='bbox 890 883 956 936; x_wconf 76' lang='lat' dir='ltr'><strong>iv,</strong></span> <span class='ocrx_word' id='word_1_45' title='bbox 981 885 1026 930; x_wconf 91' lang='grc'><strong>1.</strong></span> <span class='ocrx_word' id='word_1_46' title='bbox 1050 885 1111 930; x_wconf 77' lang='lat'><strong>15</strong></span> <span class='ocrx_word' id='word_1_47' title='bbox 1134 880 1261 928; x_wconf 80' lang='lat' dir='ltr'><strong>Faxo</strong></span> <span class='ocrx_word' id='word_1_48' title='bbox 1279 880 1358 927; x_wconf 83' lang='lat' dir='ltr'><strong>tali</strong></span> <span class='ocrx_word' id='word_1_49' title='bbox 1380 897 1487 928; x_wconf 90' lang='lat' dir='ltr'><strong>eum</strong></span> 
     </span>
     <span class='ocr_line' id='line_1_8' title="bbox 432 944 1484 1008; baseline 0.01 -24"><span class='ocrx_word' id='word_1_50' title='bbox 432 948 702 998; x_wconf 83' lang='lat' dir='ltr'><strong>mactatum,</strong></span> <span class='ocrx_word' id='word_1_51' title='bbox 720 953 863 1008; x_wconf 87' lang='lat' dir='ltr'><strong>atque</strong></span> <span class='ocrx_word' id='word_1_52' title='bbox 901 946 976 992; x_wconf 88' lang='lat' dir='ltr'><strong>hic</strong></span> <span class='ocrx_word' id='word_1_53' title='bbox 994 951 1081 1001; x_wconf 87' lang='lat' dir='ltr'><strong>est,</strong></span> <span class='ocrx_word' id='word_1_54' title='bbox 1107 944 1359 992; x_wconf 82' lang='lat' dir='ltr'><strong>infortunio</strong></span> <span class='ocrx_word' id='word_1_55' title='bbox 1392 945 1484 994; x_wconf 80' lang='lat' dir='ltr'><strong>Ph.</strong></span> 
     </span>
     <span class='ocr_line' id='line_1_9' title="bbox 431 1007 1013 1070; baseline 0.015 -22"><span class='ocrx_word' id='word_1_56' title='bbox 431 1020 477 1059; x_wconf 81' lang='lat' dir='ltr'><strong>v,</strong></span> <span class='ocrx_word' id='word_1_57' title='bbox 498 1009 547 1052; x_wconf 82' lang='grc' dir='ltr'><strong>Β.</strong></span> <span class='ocrx_word' id='word_1_58' title='bbox 569 1009 652 1055; x_wconf 80' lang='grc'><strong>39.</strong></span> <span class='ocrx_word' id='word_1_59' title='bbox 687 1009 861 1070; x_wconf 87' lang='lat' dir='ltr'><strong>passim</strong></span> <span class='ocrx_word' id='word_1_60' title='bbox 884 1007 1013 1057; x_wconf 87' lang='lat' dir='ltr'><strong>alibi.</strong></span> 
     </span>
     <span class='ocr_line' id='line_1_10' title="bbox 384 1067 1481 1136; baseline 0.007 -23"><span class='ocrx_word' id='word_1_61' title='bbox 384 1125 391 1130; x_wconf 17' lang='grc' dir='ltr'><strong>ι</strong></span> <span class='ocrx_word' id='word_1_62' title='bbox 497 1067 668 1131; x_wconf 82' lang='lat' dir='ltr'><strong>Atqui.</strong></span> <span class='ocrx_word' id='word_1_63' title='bbox 707 1072 858 1134; x_wconf 80' lang='lat' dir='ltr'><strong>Atqui</strong></span> <span class='ocrx_word' id='word_1_64' title='bbox 879 1072 1181 1136; x_wconf 73' lang='lat' dir='ltr'>expectabam</span> <span class='ocrx_word' id='word_1_65' title='bbox 1204 1072 1393 1136; x_wconf 86' lang='lat' dir='ltr'><strong>quidem</strong></span> <span class='ocrx_word' id='word_1_66' title='bbox 1418 1070 1481 1121; x_wconf 90' lang='lat' dir='ltr'><strong>A.</strong></span> 
     </span>
     <span class='ocr_line' id='line_1_11' title="bbox 428 1130 1483 1198; baseline 0.007 -21"><span class='ocrx_word' id='word_1_67' title='bbox 428 1130 543 1186; x_wconf 80' lang='lat' dir='ltr'><strong>ii‚6.</strong></span> <span class='ocrx_word' id='word_1_68' title='bbox 562 1137 594 1182; x_wconf 84' lang='grc'><strong>4</strong></span> <span class='ocrx_word' id='word_1_69' title='bbox 628 1133 741 1181; x_wconf 86' lang='lat' dir='ltr'><strong>sine</strong></span> <span class='ocrx_word' id='word_1_70' title='bbox 757 1135 947 1183; x_wconf 81' lang='lat' dir='ltr'><strong>veniat!</strong></span> <span class='ocrx_word' id='word_1_71' title='bbox 972 1136 1103 1198; x_wconf 84' lang='lat' dir='ltr'><strong>atqui</strong></span> <span class='ocrx_word' id='word_1_72' title='bbox 1124 1137 1163 1183; x_wconf 86' lang='lat' dir='ltr'><strong>si</strong></span> <span class='ocrx_word' id='word_1_73' title='bbox 1185 1135 1310 1183; x_wconf 83' lang='lat' dir='ltr'><strong>illam</strong></span> <span class='ocrx_word' id='word_1_74' title='bbox 1331 1136 1483 1198; x_wconf 84' lang='lat' dir='ltr'><strong>digito</strong></span> 
     </span>
     <span class='ocr_line' id='line_1_12' title="bbox 382 1195 1481 1326; baseline 0.007 -23"><span class='ocrx_word' id='word_1_75' title='bbox 382 1258 401 1266; x_wconf 85' lang='lat'><em>-</em></span> <span class='ocrx_word' id='word_1_76' title='bbox 424 1195 866 1326; x_wconf 48' lang='grc' dir='ltr'><strong>ἓὶἶῗῗὲγωλξῖὶ</strong></span> <span class='ocrx_word' id='word_1_77' title='bbox 885 1200 1397 1326; x_wconf 57' lang='lat' dir='ltr'><strong>⁵{zria².‘31¹1¹.i.{¹.⁸.&#39;1·³⁸’ss&#39;5</strong></span> <span class='ocrx_word' id='word_1_78' title='bbox 1400 1215 1481 1311; x_wconf 68' lang='lat'><strong>¹¹3·</strong></span> 
     </span>
     <span class='ocr_line' id='line_1_13' title="bbox 537 1296 1480 1320; baseline 0.006 -14"><span class='ocrx_word' id='word_1_79' title='bbox 537 1297 547 1306; x_wconf 85' lang='grc'><strong>.</strong></span> <span class='ocrx_word' id='word_1_80' title='bbox 671 1296 683 1307; x_wconf 78' lang='grc' dir='ltr'><strong>ο</strong></span> <span class='ocrx_word' id='word_1_81' title='bbox 1388 1296 1401 1311; x_wconf 78' lang='grc' dir='ltr'><strong>ο</strong></span> <span class='ocrx_word' id='word_1_82' title='bbox 1465 1298 1480 1320; x_wconf 64' lang='lat'><em>3</em></span> 
     </span>
     <span class='ocr_line' id='line_1_14' title="bbox 434 1321 1478 1387; baseline 0.009 -17"><span class='ocrx_word' id='word_1_83' title='bbox 434 1325 485 1370; x_wconf 88' lang='lat'><strong>1.</strong></span> <span class='ocrx_word' id='word_1_84' title='bbox 506 1327 540 1372; x_wconf 84' lang='lat'>9</span> <span class='ocrx_word' id='word_1_85' title='bbox 587 1321 740 1387; x_wconf 82' lang='lat' dir='ltr'><strong>Atqui</strong></span> <span class='ocrx_word' id='word_1_86' title='bbox 761 1328 828 1375; x_wconf 88' lang='lat' dir='ltr'><strong>sic</strong></span> <span class='ocrx_word' id='word_1_87' title='bbox 849 1327 1037 1374; x_wconf 81' lang='lat' dir='ltr'><strong>inventa</strong></span> <span class='ocrx_word' id='word_1_88' title='bbox 1058 1335 1131 1376; x_wconf 87' lang='lat' dir='ltr'><strong>est</strong></span> <span class='ocrx_word' id='word_1_89' title='bbox 1160 1327 1251 1376; x_wconf 85' lang='lat' dir='ltr'><strong>Eu.</strong></span> <span class='ocrx_word' id='word_1_90' title='bbox 1273 1345 1323 1384; x_wconf 82' lang='lat' dir='ltr'><strong>v,</strong></span> <span class='ocrx_word' id='word_1_91' title='bbox 1343 1334 1392 1378; x_wconf 83' lang='lat'><strong>6.</strong></span> <span class='ocrx_word' id='word_1_92' title='bbox 1420 1333 1478 1378; x_wconf 86' lang='lat'><strong>11</strong></span> 
     </span>
     <span class='ocr_line' id='line_1_15' title="bbox 429 1385 1481 1447; baseline 0.009 -16"><span class='ocrx_word' id='word_1_93' title='bbox 429 1385 478 1431; x_wconf 79' lang='lat' dir='ltr'><strong>A</strong></span> <span class='ocrx_word' id='word_1_94' title='bbox 535 1387 583 1434; x_wconf 91' lang='lat' dir='ltr'><strong>ui</strong></span> <span class='ocrx_word' id='word_1_95' title='bbox 616 1401 760 1446; x_wconf 88' lang='lat' dir='ltr'><strong>nunc,</strong></span> <span class='ocrx_word' id='word_1_96' title='bbox 780 1392 908 1447; x_wconf 85' lang='lat' dir='ltr'><strong>here,</strong></span> <span class='ocrx_word' id='word_1_97' title='bbox 943 1391 1019 1439; x_wconf 89' lang='lat' dir='ltr'><strong>hic</strong></span> <span class='ocrx_word' id='word_1_98' title='bbox 1056 1391 1145 1439; x_wconf 87' lang='lat' dir='ltr'><strong>tibi</strong></span> <span class='ocrx_word' id='word_1_99' title='bbox 1175 1393 1481 1440; x_wconf 71' lang='lat' dir='ltr'>asservandus</span> 
     </span>
     <span class='ocr_line' id='line_1_16' title="bbox 425 1452 1479 1530; baseline 0.009 -36"><span class='ocrx_word' id='word_1_100' title='bbox 425 1456 499 1495; x_wconf 89' lang='lat' dir='ltr'><strong>est</strong></span> <span class='ocrx_word' id='word_1_101' title='bbox 566 1466 640 1498; x_wconf 87' lang='lat' dir='ltr'><strong>ea.</strong></span> <span class='ocrx_word' id='word_1_102' title='bbox 662 1452 733 1509; x_wconf 81' lang='lat' dir='ltr'><strong>iii,</strong></span> <span class='ocrx_word' id='word_1_103' title='bbox 757 1458 805 1502; x_wconf 88' lang='grc'><strong>3.</strong></span> <span class='ocrx_word' id='word_1_104' title='bbox 828 1460 893 1505; x_wconf 85' lang='grc'><strong>32</strong></span> <span class='ocrx_word' id='word_1_105' title='bbox 948 1455 1118 1530; x_wconf 85' lang='lat' dir='ltr'><strong>Atqui,</strong></span> <span class='ocrx_word' id='word_1_106' title='bbox 1140 1471 1237 1502; x_wconf 87' lang='lat' dir='ltr'><strong>non</strong></span> <span class='ocrx_word' id='word_1_107' title='bbox 1261 1463 1336 1503; x_wconf 88' lang='lat' dir='ltr'><strong>est</strong></span> <span class='ocrx_word' id='word_1_108' title='bbox 1357 1471 1479 1519; x_wconf 88' lang='lat' dir='ltr'><strong>opus</strong></span> 
     </span>
     <span class='ocr_line' id='line_1_17' title="bbox 425 1511 1479 1583; baseline 0.008 -23"><span class='ocrx_word' id='word_1_109' title='bbox 425 1511 547 1562; x_wconf 85' lang='lat' dir='ltr'><strong>Hea.</strong></span> <span class='ocrx_word' id='word_1_110' title='bbox 582 1514 651 1576; x_wconf 88' lang='lat' dir='ltr'><strong>iii,</strong></span> <span class='ocrx_word' id='word_1_111' title='bbox 680 1522 728 1566; x_wconf 86' lang='grc'><strong>3.</strong></span> <span class='ocrx_word' id='word_1_112' title='bbox 772 1523 835 1567; x_wconf 78' lang='lat'><strong>60</strong></span> <span class='ocrx_word' id='word_1_113' title='bbox 897 1518 1048 1583; x_wconf 76' lang='lat' dir='ltr'><strong>Atqui</strong></span> <span class='ocrx_word' id='word_1_114' title='bbox 1086 1527 1139 1566; x_wconf 82' lang='lat' dir='ltr'><strong>tu</strong></span> <span class='ocrx_word' id='word_1_115' title='bbox 1177 1521 1301 1567; x_wconf 86' lang='lat' dir='ltr'><strong>hanc</strong></span> <span class='ocrx_word' id='word_1_116' title='bbox 1328 1518 1479 1582; x_wconf 85' lang='lat' dir='ltr'><strong>jocari</strong></span> 
     </span>
     <span class='ocr_line' id='line_1_18' title="bbox 423 1577 1480 1647; baseline 0.009 -25"><span class='ocrx_word' id='word_1_117' title='bbox 423 1577 609 1625; x_wconf 87' lang='lat' dir='ltr'><strong>credis?</strong></span> <span class='ocrx_word' id='word_1_118' title='bbox 642 1580 762 1628; x_wconf 87' lang='lat' dir='ltr'><strong>Hea.</strong></span> <span class='ocrx_word' id='word_1_119' title='bbox 785 1583 851 1637; x_wconf 86' lang='lat' dir='ltr'><strong>iv,</strong></span> <span class='ocrx_word' id='word_1_120' title='bbox 874 1588 922 1632; x_wconf 87' lang='grc'><strong>4.</strong></span> <span class='ocrx_word' id='word_1_121' title='bbox 944 1588 975 1632; x_wconf 99' lang='grc'><strong>7</strong></span> <span class='ocrx_word' id='word_1_122' title='bbox 1008 1583 1160 1647; x_wconf 88' lang='lat' dir='ltr'><strong>Atqui</strong></span> <span class='ocrx_word' id='word_1_123' title='bbox 1168 1598 1270 1645; x_wconf 79' lang='lat' dir='ltr'><strong>Jam</strong></span> <span class='ocrx_word' id='word_1_124' title='bbox 1292 1584 1480 1632; x_wconf 88' lang='lat' dir='ltr'><strong>dabitur</strong></span> 
     </span>
     <span class='ocr_line' id='line_1_19' title="bbox 422 1640 1477 1710; baseline 0.009 -23"><span class='ocrx_word' id='word_1_125' title='bbox 422 1640 546 1690; x_wconf 78' lang='lat' dir='ltr'><strong>Heu.</strong></span> <span class='ocrx_word' id='word_1_126' title='bbox 568 1642 639 1706; x_wconf 83' lang='lat' dir='ltr'><strong>iv,</strong></span> <span class='ocrx_word' id='word_1_127' title='bbox 659 1649 709 1694; x_wconf 95' lang='grc'><strong>4.</strong></span> <span class='ocrx_word' id='word_1_128' title='bbox 736 1649 797 1694; x_wconf 87' lang='grc'><strong>16</strong></span> <span class='ocrx_word' id='word_1_129' title='bbox 827 1645 980 1710; x_wconf 84' lang='lat' dir='ltr'><strong>Atqui</strong></span> <span class='ocrx_word' id='word_1_130' title='bbox 1001 1663 1109 1695; x_wconf 88' lang='lat' dir='ltr'><strong>cnm</strong></span> <span class='ocrx_word' id='word_1_131' title='bbox 1132 1662 1347 1694; x_wconf 80' lang='lat' dir='ltr'><strong>maxume</strong></span> <span class='ocrx_word' id='word_1_132' title='bbox 1369 1647 1477 1696; x_wconf 81' lang='lat' dir='ltr'><strong>volo</strong></span> 
     </span>
     <span class='ocr_line' id='line_1_20' title="bbox 423 1706 1477 1772; baseline 0.009 -20"><span class='ocrx_word' id='word_1_133' title='bbox 423 1711 471 1752; x_wconf 84' lang='lat' dir='ltr'><strong>te</strong></span> <span class='ocrx_word' id='word_1_134' title='bbox 492 1706 605 1755; x_wconf 86' lang='lat' dir='ltr'><strong>dare</strong></span> <span class='ocrx_word' id='word_1_135' title='bbox 646 1725 853 1772; x_wconf 87' lang='lat' dir='ltr'><strong>operam,</strong></span> <span class='ocrx_word' id='word_1_136' title='bbox 888 1719 941 1759; x_wconf 90' lang='lat' dir='ltr'><strong>ut</strong></span> <span class='ocrx_word' id='word_1_137' title='bbox 976 1711 1060 1757; x_wconf 81' lang='lat' dir='ltr'><strong>fiat</strong></span> <span class='ocrx_word' id='word_1_138' title='bbox 1092 1712 1215 1759; x_wconf 83' lang='lat' dir='ltr'><strong>Hea.</strong></span> <span class='ocrx_word' id='word_1_139' title='bbox 1255 1713 1320 1768; x_wconf 81' lang='lat' dir='ltr'><strong>iv,</strong></span> <span class='ocrx_word' id='word_1_140' title='bbox 1344 1717 1391 1760; x_wconf 74' lang='grc'><strong>5.</strong></span> <span class='ocrx_word' id='word_1_141' title='bbox 1412 1716 1477 1761; x_wconf 83' lang='grc'><strong>40</strong></span> 
     </span>
     <span class='ocr_line' id='line_1_21' title="bbox 420 1769 1475 1833; baseline 0.01 -18"><span class='ocrx_word' id='word_1_142' title='bbox 420 1769 570 1832; x_wconf 88' lang='lat' dir='ltr'><strong>Atqui</strong></span> <span class='ocrx_word' id='word_1_143' title='bbox 592 1785 649 1819; x_wconf 83' lang='lat' dir='ltr'><strong>ex</strong></span> <span class='ocrx_word' id='word_1_144' title='bbox 666 1788 741 1820; x_wconf 89' lang='lat' dir='ltr'><strong>me</strong></span> <span class='ocrx_word' id='word_1_145' title='bbox 764 1773 841 1822; x_wconf 84' lang='lat' dir='ltr'><strong>hie</strong></span> <span class='ocrx_word' id='word_1_146' title='bbox 863 1790 959 1822; x_wconf 89' lang='lat' dir='ltr'><strong>non</strong></span> <span class='ocrx_word' id='word_1_147' title='bbox 980 1781 1116 1823; x_wconf 82' lang='lat' dir='ltr'><strong>natus</strong></span> <span class='ocrx_word' id='word_1_148' title='bbox 1139 1782 1212 1824; x_wconf 87' lang='lat' dir='ltr'><strong>est</strong></span> <span class='ocrx_word' id='word_1_149' title='bbox 1246 1774 1341 1822; x_wconf 87' lang='lat' dir='ltr'><strong>Ad.</strong></span> <span class='ocrx_word' id='word_1_150' title='bbox 1364 1775 1402 1833; x_wconf 83' lang='lat' dir='ltr'><strong>i,</strong></span> <span class='ocrx_word' id='word_1_151' title='bbox 1426 1779 1475 1826; x_wconf 89' lang='lat'><strong>1.</strong></span> 
     </span>
     <span class='ocr_line' id='line_1_22' title="bbox 424 1832 1473 1902; baseline 0.004 -22"><span class='ocrx_word' id='word_1_152' title='bbox 424 1837 483 1880; x_wconf 82' lang='grc'><strong>15</strong></span> <span class='ocrx_word' id='word_1_153' title='bbox 534 1832 703 1898; x_wconf 83' lang='lat' dir='ltr'><strong>Atqui,</strong></span> <span class='ocrx_word' id='word_1_154' title='bbox 732 1837 869 1902; x_wconf 76' lang='lat' dir='ltr'><strong>Syre,</strong></span> <span class='ocrx_word' id='word_1_155' title='bbox 906 1840 998 1886; x_wconf 86' lang='lat' dir='ltr'><strong>hoc</strong></span> <span class='ocrx_word' id='word_1_156' title='bbox 1021 1854 1177 1886; x_wconf 83' lang='lat' dir='ltr'><strong>verum</strong></span> <span class='ocrx_word' id='word_1_157' title='bbox 1200 1847 1273 1886; x_wconf 89' lang='lat' dir='ltr'><strong>est</strong></span> <span class='ocrx_word' id='word_1_158' title='bbox 1304 1837 1403 1886; x_wconf 91' lang='lat' dir='ltr'><strong>Ad.</strong></span> <span class='ocrx_word' id='word_1_159' title='bbox 1428 1855 1473 1896; x_wconf 83' lang='lat' dir='ltr'><strong>v,</strong></span> 
     </span>
     <span class='ocr_line' id='line_1_23' title="bbox 420 1897 1482 1965; baseline 0.008 -22"><span class='ocrx_word' id='word_1_160' title='bbox 420 1900 469 1943; x_wconf 77' lang='grc'><strong>5.</strong></span> <span class='ocrx_word' id='word_1_161' title='bbox 490 1901 522 1945; x_wconf 82' lang='grc'><strong>6</strong></span> <span class='ocrx_word' id='word_1_162' title='bbox 569 1897 718 1962; x_wconf 84' lang='lat' dir='ltr'><strong>Atqui</strong></span> <span class='ocrx_word' id='word_1_163' title='bbox 740 1917 796 1949; x_wconf 86' lang='lat' dir='ltr'><strong>ea</strong></span> <span class='ocrx_word' id='word_1_164' title='bbox 819 1917 891 1950; x_wconf 91' lang='lat' dir='ltr'><strong>res</strong></span> <span class='ocrx_word' id='word_1_165' title='bbox 910 1903 1138 1965; x_wconf 82' lang='lat' dir='ltr'><strong>disjunxit</strong></span> <span class='ocrx_word' id='word_1_166' title='bbox 1158 1902 1289 1950; x_wconf 87' lang='lat' dir='ltr'><strong>illum</strong></span> <span class='ocrx_word' id='word_1_167' title='bbox 1310 1903 1371 1950; x_wconf 87' lang='lat' dir='ltr'><strong>ab</strong></span> <span class='ocrx_word' id='word_1_168' title='bbox 1390 1903 1482 1952; x_wconf 77' lang='lat' dir='ltr'><strong>illa</strong></span> 
     </span>
     <span class='ocr_line' id='line_1_24' title="bbox 418 1957 1473 2029; baseline 0.008 -23"><span class='ocrx_word' id='word_1_169' title='bbox 418 1957 515 2010; x_wconf 88' lang='lat' dir='ltr'><strong>He.</strong></span> <span class='ocrx_word' id='word_1_170' title='bbox 538 1961 576 2016; x_wconf 85' lang='lat' dir='ltr'><strong>i,</strong></span> <span class='ocrx_word' id='word_1_171' title='bbox 597 1967 647 2012; x_wconf 92' lang='grc'><strong>2.</strong></span> <span class='ocrx_word' id='word_1_172' title='bbox 666 1968 729 2012; x_wconf 81' lang='lat'><strong>85</strong></span> <span class='ocrx_word' id='word_1_173' title='bbox 780 1965 928 2029; x_wconf 85' lang='lat' dir='ltr'><strong>Atqui</strong></span> <span class='ocrx_word' id='word_1_174' title='bbox 951 1982 1071 2029; x_wconf 86' lang='lat' dir='ltr'><strong>opus</strong></span> <span class='ocrx_word' id='word_1_175' title='bbox 1098 1974 1171 2014; x_wconf 87' lang='lat' dir='ltr'><strong>est</strong></span> <span class='ocrx_word' id='word_1_176' title='bbox 1202 1983 1329 2014; x_wconf 88' lang='lat' dir='ltr'><strong>nunc</strong></span> <span class='ocrx_word' id='word_1_177' title='bbox 1364 1982 1473 2014; x_wconf 81' lang='lat' dir='ltr'><strong>curn</strong></span> 
     </span>
     <span class='ocr_line' id='line_1_25' title="bbox 418 2029 1473 2094; baseline 0.007 -23"><span class='ocrx_word' id='word_1_178' title='bbox 418 2039 631 2074; x_wconf 80' lang='lat' dir='ltr'><strong>maxume</strong></span> <span class='ocrx_word' id='word_1_179' title='bbox 653 2036 707 2075; x_wconf 88' lang='lat' dir='ltr'><strong>ut</strong></span> <span class='ocrx_word' id='word_1_180' title='bbox 726 2029 790 2075; x_wconf 78' lang='lat' dir='ltr'><strong>sis</strong></span> <span class='ocrx_word' id='word_1_181' title='bbox 811 2029 901 2079; x_wconf 81' lang='lat' dir='ltr'><strong>Ph.</strong></span> <span class='ocrx_word' id='word_1_182' title='bbox 928 2032 964 2089; x_wconf 85' lang='lat' dir='ltr'><strong>i,</strong></span> <span class='ocrx_word' id='word_1_183' title='bbox 982 2036 1030 2079; x_wconf 89' lang='grc'><strong>4.</strong></span> <span class='ocrx_word' id='word_1_184' title='bbox 1052 2036 1117 2081; x_wconf 88' lang='grc'><strong>27</strong></span> <span class='ocrx_word' id='word_1_185' title='bbox 1151 2031 1300 2094; x_wconf 84' lang='lat' dir='ltr'><strong>Atqui</strong></span> <span class='ocrx_word' id='word_1_186' title='bbox 1322 2031 1473 2094; x_wconf 87' lang='lat' dir='ltr'><strong>reperi</strong></span> 
     </span>
     <span class='ocr_line' id='line_1_26' title="bbox 411 2087 1471 2156; baseline 0.002 -18"><span class='ocrx_word' id='word_1_187' title='bbox 411 2087 541 2148; x_wconf 75' lang='lat' dir='ltr'><strong>jam:</strong></span> <span class='ocrx_word' id='word_1_188' title='bbox 576 2091 703 2138; x_wconf 85' lang='lat' dir='ltr'><strong>aliud</strong></span> <span class='ocrx_word' id='word_1_189' title='bbox 727 2108 839 2140; x_wconf 83' lang='lat' dir='ltr'><strong>cura</strong></span> <span class='ocrx_word' id='word_1_190' title='bbox 876 2095 966 2142; x_wconf 83' lang='lat' dir='ltr'><strong>Ph.</strong></span> <span class='ocrx_word' id='word_1_191' title='bbox 988 2095 1041 2150; x_wconf 90' lang='lat' dir='ltr'><strong>ii,</strong></span> <span class='ocrx_word' id='word_1_192' title='bbox 1060 2099 1150 2142; x_wconf 82' lang='grc' dir='ltr'><strong>1.ὄ</strong></span> <span class='ocrx_word' id='word_1_193' title='bbox 1189 2095 1335 2156; x_wconf 84' lang='lat' dir='ltr'><strong>Atqui</strong></span> <span class='ocrx_word' id='word_1_194' title='bbox 1356 2093 1471 2146; x_wconf 86' lang='lat' dir='ltr'><strong>nihil</strong></span> 
     </span>
     <span class='ocr_line' id='line_1_27' title="bbox 416 2151 1471 2217; baseline 0.007 -19"><span class='ocrx_word' id='word_1_195' title='bbox 416 2151 547 2209; x_wconf 83' lang='lat' dir='ltr'><strong>fecit,</strong></span> <span class='ocrx_word' id='word_1_196' title='bbox 571 2156 701 2217; x_wconf 88' lang='lat' dir='ltr'><strong>quod</strong></span> <span class='ocrx_word' id='word_1_197' title='bbox 722 2172 996 2205; x_wconf 79' lang='lat' dir='ltr'>succenseas</span> <span class='ocrx_word' id='word_1_198' title='bbox 1028 2159 1119 2206; x_wconf 86' lang='lat' dir='ltr'><strong>Ph.</strong></span> <span class='ocrx_word' id='word_1_199' title='bbox 1140 2158 1191 2212; x_wconf 76' lang='lat' dir='ltr'><strong>ii.</strong></span> <span class='ocrx_word' id='word_1_200' title='bbox 1218 2163 1261 2208; x_wconf 85' lang='grc'><strong>1.</strong></span> <span class='ocrx_word' id='word_1_201' title='bbox 1284 2161 1347 2206; x_wconf 88' lang='grc'><strong>33</strong></span> <span class='ocrx_word' id='word_1_202' title='bbox 1382 2157 1471 2206; x_wconf 83' lang='lat' dir='ltr'><strong>At-</strong></span> 
     </span>
     <span class='ocr_line' id='line_1_28' title="bbox 416 2217 1224 2279; baseline 0.012 -18"><span class='ocrx_word' id='word_1_203' title='bbox 416 2217 499 2279; x_wconf 88' lang='lat' dir='ltr'><strong>qui</strong></span> <span class='ocrx_word' id='word_1_204' title='bbox 519 2218 887 2268; x_wconf 84' lang='lat' dir='ltr'><strong>mirifleissimum</strong></span> <span class='ocrx_word' id='word_1_205' title='bbox 912 2222 1004 2269; x_wconf 73' lang='lat' dir='ltr'><strong>Plu.</strong></span> <span class='ocrx_word' id='word_1_206' title='bbox 1025 2239 1071 2277; x_wconf 85' lang='lat' dir='ltr'><strong>v,</strong></span> <span class='ocrx_word' id='word_1_207' title='bbox 1092 2227 1141 2270; x_wconf 88' lang='grc'><strong>6.</strong></span> <span class='ocrx_word' id='word_1_208' title='bbox 1165 2226 1224 2270; x_wconf 87' lang='grc'><strong>31</strong></span> 
     </span>
     <span class='ocr_line' id='line_1_29' title="bbox 481 2280 1468 2350; baseline 0.006 -23"><span class='ocrx_word' id='word_1_209' title='bbox 481 2280 646 2332; x_wconf 87' lang='lat' dir='ltr'><strong>Atrox.</strong></span> <span class='ocrx_word' id='word_1_210' title='bbox 713 2283 986 2333; x_wconf 77' lang='lat' dir='ltr'><strong>Incredibili</strong></span> <span class='ocrx_word' id='word_1_211' title='bbox 1030 2303 1097 2341; x_wconf 84' lang='lat' dir='ltr'><strong>re,</strong></span> <span class='ocrx_word' id='word_1_212' title='bbox 1138 2293 1281 2350; x_wconf 83' lang='lat' dir='ltr'><strong>atque</strong></span> <span class='ocrx_word' id='word_1_213' title='bbox 1323 2286 1468 2335; x_wconf 84' lang='lat' dir='ltr'><strong>atroci</strong></span> 
     </span>
     <span class='ocr_line' id='line_1_30' title="bbox 416 2345 994 2406; baseline 0.016 -16"><span class='ocrx_word' id='word_1_214' title='bbox 416 2345 623 2406; x_wconf 73' lang='lat' dir='ltr'><strong>percitus</strong></span> <span class='ocrx_word' id='word_1_215' title='bbox 654 2347 749 2396; x_wconf 83' lang='lat' dir='ltr'><strong>He.</strong></span> <span class='ocrx_word' id='word_1_216' title='bbox 770 2349 840 2405; x_wconf 87' lang='lat' dir='ltr'><strong>iii,</strong></span> <span class='ocrx_word' id='word_1_217' title='bbox 862 2354 909 2398; x_wconf 84' lang='grc'><strong>3.</strong></span> <span class='ocrx_word' id='word_1_218' title='bbox 933 2354 994 2399; x_wconf 90' lang='grc'><strong>17</strong></span> 
     </span>
     <span class='ocr_line' id='line_1_31' title="bbox 478 2409 1464 2470; baseline 0.004 -15"><span class='ocrx_word' id='word_1_219' title='bbox 478 2409 718 2462; x_wconf 78' lang='lat' dir='ltr'><strong>Attamen.</strong></span> <span class='ocrx_word' id='word_1_220' title='bbox 784 2411 1008 2461; x_wconf 79' lang='lat' dir='ltr'><strong>Attamen</strong></span> <span class='ocrx_word' id='word_1_221' title='bbox 1034 2414 1115 2461; x_wconf 85' lang='lat' dir='ltr'><strong>ubi</strong></span> <span class='ocrx_word' id='word_1_222' title='bbox 1134 2413 1280 2462; x_wconf 82' lang='lat' dir='ltr'><strong>fides?</strong></span> <span class='ocrx_word' id='word_1_223' title='bbox 1314 2413 1376 2463; x_wconf 89' lang='lat' dir='ltr'><strong>A.</strong></span> <span class='ocrx_word' id='word_1_224' title='bbox 1400 2413 1464 2470; x_wconf 76' lang='lat' dir='ltr'><strong>ir,</strong></span> 
     </span>
     <span class='ocr_line' id='line_1_32' title="bbox 417 2474 1471 2536; baseline 0.006 -15"><span class='ocrx_word' id='word_1_225' title='bbox 417 2475 551 2523; x_wconf 82' lang='grc'><strong>1.·12</strong></span> <span class='ocrx_word' id='word_1_226' title='bbox 584 2474 736 2533; x_wconf 75' lang='lat' dir='ltr'><strong>Dave,</strong></span> <span class='ocrx_word' id='word_1_227' title='bbox 754 2484 958 2527; x_wconf 84' lang='lat' dir='ltr'><strong>attamen</strong></span> <span class='ocrx_word' id='word_1_228' title='bbox 992 2479 1052 2529; x_wconf 97' lang='lat' dir='ltr'><strong>A.</strong></span> <span class='ocrx_word' id='word_1_229' title='bbox 1075 2479 1140 2536; x_wconf 83' lang='lat' dir='ltr'><strong>iv,</strong></span> <span class='ocrx_word' id='word_1_230' title='bbox 1163 2483 1210 2528; x_wconf 97' lang='grc'><strong>2.</strong></span> <span class='ocrx_word' id='word_1_231' title='bbox 1232 2483 1297 2527; x_wconf 87' lang='grc'><strong>28</strong></span> <span class='ocrx_word' id='word_1_232' title='bbox 1328 2478 1471 2527; x_wconf 89' lang='lat' dir='ltr'><strong>Atta-</strong></span> 
     </span>
    </p>
   </div>
   <div class='ocr_carea' id='block_1_3' title="bbox 224 2538 1465 2603">
    <p class='ocr_par' dir='ltr' id='par_1_3' title="bbox 224 2538 1465 2603">
     <span class='ocr_line' id='line_1_33' title="bbox 224 2538 1465 2603; baseline 0.011 -26"><span class='ocrx_word' id='word_1_233' title='bbox 224 2570 232 2577; x_wconf 91' lang='lat'><strong>.</strong></span> <span class='ocrx_word' id='word_1_234' title='bbox 332 2540 336 2544; x_wconf 86' lang='lat'>&#39;</span> <span class='ocrx_word' id='word_1_235' title='bbox 415 2552 519 2585; x_wconf 88' lang='lat' dir='ltr'><strong>men</strong></span> <span class='ocrx_word' id='word_1_236' title='bbox 544 2538 581 2585; x_wconf 92' lang='lat' dir='ltr'><strong>si</strong></span> <span class='ocrx_word' id='word_1_237' title='bbox 602 2540 715 2603; x_wconf 86' lang='lat' dir='ltr'><strong>quid</strong></span> <span class='ocrx_word' id='word_1_238' title='bbox 750 2540 816 2591; x_wconf 87' lang='lat' dir='ltr'><strong>A.</strong></span> <span class='ocrx_word' id='word_1_239' title='bbox 846 2544 912 2599; x_wconf 83' lang='lat' dir='ltr'><strong>iv,</strong></span> <span class='ocrx_word' id='word_1_240' title='bbox 934 2548 982 2592; x_wconf 89' lang='grc'><strong>2.</strong></span> <span class='ocrx_word' id='word_1_241' title='bbox 1004 2549 1069 2593; x_wconf 87' lang='grc'><strong>30</strong></span> <span class='ocrx_word' id='word_1_242' title='bbox 1115 2542 1344 2591; x_wconf 78' lang='lat' dir='ltr'><strong>Attamen</strong></span> <span class='ocrx_word' id='word_1_243' title='bbox 1382 2545 1465 2591; x_wconf 82' lang='lat' dir='ltr'><strong>ha-</strong></span> 
     </span>
    </p>
   </div>
   <div class='ocr_carea' id='block_1_4' title="bbox 399 2602 1469 4329">
    <p class='ocr_par' dir='ltr' id='par_1_4' title="bbox 404 2602 1469 3242">
     <span class='ocr_line' id='line_1_34' title="bbox 412 2602 1465 2714; baseline 0.009 -66"><span class='ocrx_word' id='word_1_244' title='bbox 412 2602 495 2714; x_wconf 62' lang='lat' dir='ltr'><strong>bgt</strong></span> <span class='ocrx_word' id='word_1_245' title='bbox 513 2603 633 2652; x_wconf 89' lang='lat' dir='ltr'><strong>bene</strong></span> <span class='ocrx_word' id='word_1_246' title='bbox 654 2620 710 2653; x_wconf 83' lang='lat' dir='ltr'><strong>ac</strong></span> <span class='ocrx_word' id='word_1_247' title='bbox 732 2608 903 2669; x_wconf 84' lang='lat' dir='ltr'><strong>pudice</strong></span> <span class='ocrx_word' id='word_1_248' title='bbox 943 2608 1159 2655; x_wconf 80' lang='lat' dir='ltr'><strong>eductam</strong></span> <span class='ocrx_word' id='word_1_249' title='bbox 1194 2606 1314 2655; x_wconf 86' lang='lat' dir='ltr'><strong>Hea.</strong></span> <span class='ocrx_word' id='word_1_250' title='bbox 1336 2608 1393 2665; x_wconf 88' lang='lat' dir='ltr'><strong>ii,</strong></span> <span class='ocrx_word' id='word_1_251' title='bbox 1416 2612 1465 2657; x_wconf 87' lang='grc'><strong>1.</strong></span> 
     </span>
     <span class='ocr_line' id='line_1_35' title="bbox 414 2727 1466 2808; baseline 0.004 -30"><span class='ocrx_word' id='word_1_252' title='bbox 414 2792 427 2803; x_wconf 85' lang='lat'><strong>.</strong></span> <span class='ocrx_word' id='word_1_253' title='bbox 474 2727 814 2808; x_wconf 78' lang='lat' dir='ltr'><strong>Attemperate.</strong></span> <span class='ocrx_word' id='word_1_254' title='bbox 895 2735 1219 2799; x_wconf 77' lang='lat' dir='ltr'><strong>Atteniperate</strong></span> <span class='ocrx_word' id='word_1_255' title='bbox 1250 2734 1382 2783; x_wconf 82' lang='lat' dir='ltr'><strong>venit</strong></span> <span class='ocrx_word' id='word_1_256' title='bbox 1416 2734 1466 2782; x_wconf 84' lang='lat' dir='ltr'><strong>in</strong></span> 
     </span>
     <span class='ocr_line' id='line_1_36' title="bbox 411 2800 1469 2925; baseline 0.006 -21"><span class='ocrx_word' id='word_1_257' title='bbox 411 2808 727 2907; x_wconf 45' lang='lat' dir='ltr'><strong>ipqutpgrniztgs</strong></span> <span class='ocrx_word' id='word_1_258' title='bbox 747 2800 1210 2924; x_wconf 48' lang='lat' dir='ltr'><strong>ssozt&#39;qzarlnaattendi</strong></span> <span class='ocrx_word' id='word_1_259' title='bbox 1230 2862 1395 2925; x_wconf 83' lang='lat' dir='ltr'><strong>magis,</strong></span> <span class='ocrx_word' id='word_1_260' title='bbox 1419 2869 1469 2910; x_wconf 89' lang='lat' dir='ltr'><strong>et</strong></span> 
     </span>
     <span class='ocr_line' id='line_1_37' title="bbox 406 2920 1465 2987; baseline 0.005 -19"><span class='ocrx_word' id='word_1_261' title='bbox 406 2920 456 2968; x_wconf 81' lang='lat' dir='ltr'><strong>vi</strong></span> <span class='ocrx_word' id='word_1_262' title='bbox 477 2924 605 2985; x_wconf 84' lang='lat' dir='ltr'><strong>coepi</strong></span> <span class='ocrx_word' id='word_1_263' title='bbox 625 2940 793 2987; x_wconf 88' lang='lat' dir='ltr'><strong>cogere</strong></span> <span class='ocrx_word' id='word_1_264' title='bbox 833 2926 926 2972; x_wconf 89' lang='lat' dir='ltr'><strong>He.</strong></span> <span class='ocrx_word' id='word_1_265' title='bbox 947 2925 1001 2981; x_wconf 81' lang='lat' dir='ltr'><strong>ii,</strong></span> <span class='ocrx_word' id='word_1_266' title='bbox 1021 2932 1071 2977; x_wconf 88' lang='grc'><strong>2.</strong></span> <span class='ocrx_word' id='word_1_267' title='bbox 1088 2930 1150 2973; x_wconf 79' lang='grc'><strong>25</strong></span> <span class='ocrx_word' id='word_1_268' title='bbox 1186 2925 1329 2973; x_wconf 89' lang='lat' dir='ltr'><strong>Nunc</strong></span> <span class='ocrx_word' id='word_1_269' title='bbox 1350 2926 1465 2987; x_wconf 88' lang='lat' dir='ltr'><strong>quid</strong></span> 
     </span>
     <span class='ocr_line' id='line_1_38' title="bbox 406 2987 1467 3049; baseline 0.007 -18"><span class='ocrx_word' id='word_1_270' title='bbox 406 2993 588 3047; x_wconf 83' lang='lat' dir='ltr'><strong>petam,</strong></span> <span class='ocrx_word' id='word_1_271' title='bbox 612 3002 750 3049; x_wconf 87' lang='lat' dir='ltr'><strong>aequo</strong></span> <span class='ocrx_word' id='word_1_272' title='bbox 773 2989 929 3035; x_wconf 86' lang='lat' dir='ltr'><strong>animo</strong></span> <span class='ocrx_word' id='word_1_273' title='bbox 966 2988 1193 3035; x_wconf 81' lang='lat' dir='ltr'><strong>attendite</strong></span> <span class='ocrx_word' id='word_1_274' title='bbox 1226 2989 1321 3038; x_wconf 87' lang='lat' dir='ltr'><strong>He.</strong></span> <span class='ocrx_word' id='word_1_275' title='bbox 1359 2987 1467 3038; x_wconf 78' lang='lat' dir='ltr'><strong>Alt-</strong></span> 
     </span>
     <span class='ocr_line' id='line_1_39' title="bbox 404 3048 1467 3109; baseline 0.004 -14"><span class='ocrx_word' id='word_1_276' title='bbox 404 3048 537 3096; x_wconf 77' lang='lat' dir='ltr'><strong>Rrol.</strong></span> <span class='ocrx_word' id='word_1_277' title='bbox 559 3054 624 3099; x_wconf 86' lang='grc'><strong>20</strong></span> <span class='ocrx_word' id='word_1_278' title='bbox 678 3050 805 3107; x_wconf 84' lang='lat' dir='ltr'><strong>Quid</strong></span> <span class='ocrx_word' id='word_1_279' title='bbox 832 3053 985 3109; x_wconf 77' lang='lat' dir='ltr'><strong>velim,</strong></span> <span class='ocrx_word' id='word_1_280' title='bbox 1008 3052 1215 3099; x_wconf 86' lang='lat' dir='ltr'><strong>animum</strong></span> <span class='ocrx_word' id='word_1_281' title='bbox 1236 3054 1467 3101; x_wconf 86' lang='lat' dir='ltr'><strong>attendite</strong></span> 
     </span>
     <span class='ocr_line' id='line_1_40' title="bbox 407 3112 1465 3165; baseline 0.007 -7"><span class='ocrx_word' id='word_1_282' title='bbox 407 3112 499 3160; x_wconf 88' lang='lat' dir='ltr'><strong>Ph.</strong></span> <span class='ocrx_word' id='word_1_283' title='bbox 523 3114 651 3162; x_wconf 90' lang='lat' dir='ltr'><strong>Prol.</strong></span> <span class='ocrx_word' id='word_1_284' title='bbox 684 3120 747 3163; x_wconf 84' lang='grc'><strong>25</strong></span> <span class='ocrx_word' id='word_1_285' title='bbox 801 3115 977 3164; x_wconf 79' lang='lat' dir='ltr'><strong>Aurem</strong></span> <span class='ocrx_word' id='word_1_286' title='bbox 1004 3117 1224 3163; x_wconf 84' lang='lat' dir='ltr'><strong>admovi:</strong></span> <span class='ocrx_word' id='word_1_287' title='bbox 1256 3118 1327 3164; x_wconf 81' lang='lat' dir='ltr'><strong>ita</strong></span> <span class='ocrx_word' id='word_1_288' title='bbox 1362 3118 1465 3165; x_wconf 86' lang='lat' dir='ltr'><strong>ani-</strong></span> 
     </span>
     <span class='ocr_line' id='line_1_41' title="bbox 408 3179 1289 3242; baseline 0.009 -20"><span class='ocrx_word' id='word_1_289' title='bbox 408 3190 534 3224; x_wconf 86' lang='lat' dir='ltr'><strong>mum</strong></span> <span class='ocrx_word' id='word_1_290' title='bbox 556 3179 681 3242; x_wconf 89' lang='lat' dir='ltr'><strong>coepi</strong></span> <span class='ocrx_word' id='word_1_291' title='bbox 702 3181 943 3228; x_wconf 86' lang='lat' dir='ltr'><strong>attendere</strong></span> <span class='ocrx_word' id='word_1_292' title='bbox 975 3181 1065 3228; x_wconf 85' lang='lat' dir='ltr'><strong>Ph.</strong></span> <span class='ocrx_word' id='word_1_293' title='bbox 1085 3197 1133 3236; x_wconf 80' lang='lat' dir='ltr'><strong>v,</strong></span> <span class='ocrx_word' id='word_1_294' title='bbox 1156 3185 1204 3227; x_wconf 96' lang='grc'><strong>6.</strong></span> <span class='ocrx_word' id='word_1_295' title='bbox 1224 3186 1289 3230; x_wconf 89' lang='grc'><strong>28</strong></span> 
     </span>
    </p>

    <p class='ocr_par' dir='ltr' id='par_1_5' title="bbox 407 3240 1461 3369">
     <span class='ocr_line' id='line_1_42' title="bbox 472 3240 1461 3294; baseline 0.006 -7"><span class='ocrx_word' id='word_1_296' title='bbox 472 3240 686 3291; x_wconf 84' lang='lat' dir='ltr'><strong>Attente.</strong></span> <span class='ocrx_word' id='word_1_297' title='bbox 751 3243 828 3291; x_wconf 80' lang='lat' dir='ltr'><strong>Ita</strong></span> <span class='ocrx_word' id='word_1_298' title='bbox 850 3252 951 3293; x_wconf 88' lang='lat' dir='ltr'><strong>tute</strong></span> <span class='ocrx_word' id='word_1_299' title='bbox 966 3252 1145 3294; x_wconf 75' lang='lat' dir='ltr'><strong>attente</strong></span> <span class='ocrx_word' id='word_1_300' title='bbox 1159 3245 1341 3293; x_wconf 88' lang='lat' dir='ltr'><strong>illorum</strong></span> <span class='ocrx_word' id='word_1_301' title='bbox 1360 3246 1461 3293; x_wconf 88' lang='lat' dir='ltr'><strong>offi-</strong></span> 
     </span>
     <span class='ocr_line' id='line_1_43' title="bbox 407 3303 1060 3369; baseline 0.012 -18"><span class='ocrx_word' id='word_1_302' title='bbox 407 3303 483 3351; x_wconf 88' lang='lat' dir='ltr'><strong>cia</strong></span> <span class='ocrx_word' id='word_1_303' title='bbox 502 3306 693 3369; x_wconf 76' lang='lat' dir='ltr'><strong>fungere</strong></span> <span class='ocrx_word' id='word_1_304' title='bbox 726 3307 849 3359; x_wconf 82' lang='lat' dir='ltr'><strong>Hea.</strong></span> <span class='ocrx_word' id='word_1_305' title='bbox 873 3310 906 3365; x_wconf 89' lang='lat' dir='ltr'><strong>i,</strong></span> <span class='ocrx_word' id='word_1_306' title='bbox 933 3315 976 3359; x_wconf 91' lang='grc'><strong>1.</strong></span> <span class='ocrx_word' id='word_1_307' title='bbox 1001 3314 1060 3359; x_wconf 84' lang='grc'><strong>14</strong></span> 
     </span>
    </p>

    <p class='ocr_par' dir='ltr' id='par_1_6' title="bbox 404 3366 1460 3746">
     <span class='ocr_line' id='line_1_44' title="bbox 478 3366 1460 3437; baseline 0.006 -22"><span class='ocrx_word' id='word_1_308' title='bbox 478 3366 717 3428; x_wconf 75' lang='lat' dir='ltr'><strong>Attentos,</strong></span> <span class='ocrx_word' id='word_1_309' title='bbox 740 3387 785 3428; x_wconf 84' lang='lat' dir='ltr'><strong>a,</strong></span> <span class='ocrx_word' id='word_1_310' title='bbox 810 3388 903 3420; x_wconf 88' lang='lat' dir='ltr'><strong>om.</strong></span> <span class='ocrx_word' id='word_1_311' title='bbox 968 3373 1169 3421; x_wconf 84' lang='lat' dir='ltr'><strong>Animus</strong></span> <span class='ocrx_word' id='word_1_312' title='bbox 1202 3373 1255 3423; x_wconf 85' lang='lat' dir='ltr'><strong>iu</strong></span> <span class='ocrx_word' id='word_1_313' title='bbox 1277 3389 1363 3437; x_wconf 89' lang='lat' dir='ltr'><strong>spe</strong></span> <span class='ocrx_word' id='word_1_314' title='bbox 1387 3381 1460 3421; x_wconf 82' lang='lat' dir='ltr'><strong>at·</strong></span> 
     </span>
     <span class='ocr_line' id='line_1_45' title="bbox 408 3434 1459 3500; baseline 0.007 -22"><span class='ocrx_word' id='word_1_315' title='bbox 408 3446 503 3495; x_wconf 86' lang='lat' dir='ltr'><strong>que</strong></span> <span class='ocrx_word' id='word_1_316' title='bbox 540 3434 592 3480; x_wconf 93' lang='lat' dir='ltr'><strong>in</strong></span> <span class='ocrx_word' id='word_1_317' title='bbox 629 3436 793 3487; x_wconf 86' lang='lat' dir='ltr'><strong>timore</strong></span> <span class='ocrx_word' id='word_1_318' title='bbox 834 3452 981 3500; x_wconf 89' lang='lat' dir='ltr'><strong>usque</strong></span> <span class='ocrx_word' id='word_1_319' title='bbox 1018 3438 1215 3485; x_wconf 80' lang='lat' dir='ltr'><strong>antehac</strong></span> <span class='ocrx_word' id='word_1_320' title='bbox 1252 3446 1459 3485; x_wconf 84' lang='lat' dir='ltr'><strong>attentus</strong></span> 
     </span>
     <span class='ocr_line' id='line_1_46' title="bbox 404 3495 1458 3556; baseline 0.009 -15"><span class='ocrx_word' id='word_1_321' title='bbox 404 3495 499 3543; x_wconf 81' lang='lat' dir='ltr'><strong>suit</strong></span> <span class='ocrx_word' id='word_1_322' title='bbox 526 3495 590 3547; x_wconf 90' lang='lat' dir='ltr'><strong>A.</strong></span> <span class='ocrx_word' id='word_1_323' title='bbox 610 3499 665 3556; x_wconf 84' lang='lat' dir='ltr'><strong>ii,</strong></span> <span class='ocrx_word' id='word_1_324' title='bbox 693 3505 737 3549; x_wconf 86' lang='lat'><strong>1.</strong></span> <span class='ocrx_word' id='word_1_325' title='bbox 758 3506 789 3549; x_wconf 81' lang='grc'><strong>3</strong></span> <span class='ocrx_word' id='word_1_326' title='bbox 837 3500 1049 3549; x_wconf 87' lang='lat' dir='ltr'><strong>Nimium</strong></span> <span class='ocrx_word' id='word_1_327' title='bbox 1086 3502 1145 3548; x_wconf 84' lang='lat' dir='ltr'><strong>ad</strong></span> <span class='ocrx_word' id='word_1_328' title='bbox 1186 3517 1281 3548; x_wconf 82' lang='lat' dir='ltr'><strong>rem</strong></span> <span class='ocrx_word' id='word_1_329' title='bbox 1311 3502 1363 3549; x_wconf 91' lang='lat' dir='ltr'><strong>in</strong></span> <span class='ocrx_word' id='word_1_330' title='bbox 1385 3518 1458 3550; x_wconf 90' lang='lat' dir='ltr'><strong>se-</strong></span> 
     </span>
     <span class='ocr_line' id='line_1_47' title="bbox 406 3564 1457 3622; baseline 0.005 -14"><span class='ocrx_word' id='word_1_331' title='bbox 406 3568 543 3609; x_wconf 84' lang='lat' dir='ltr'><strong>necta</strong></span> <span class='ocrx_word' id='word_1_332' title='bbox 560 3566 730 3612; x_wconf 88' lang='lat' dir='ltr'><strong>attenti</strong></span> <span class='ocrx_word' id='word_1_333' title='bbox 750 3581 907 3613; x_wconf 88' lang='lat' dir='ltr'><strong>sumus</strong></span> <span class='ocrx_word' id='word_1_334' title='bbox 941 3564 1036 3613; x_wconf 88' lang='lat' dir='ltr'><strong>Ad.</strong></span> <span class='ocrx_word' id='word_1_335' title='bbox 1055 3581 1103 3622; x_wconf 82' lang='lat' dir='ltr'><strong>v,</strong></span> <span class='ocrx_word' id='word_1_336' title='bbox 1125 3569 1172 3613; x_wconf 84' lang='lat'><strong>8.</strong></span> <span class='ocrx_word' id='word_1_337' title='bbox 1189 3568 1251 3613; x_wconf 82' lang='grc'><strong>31</strong></span> <span class='ocrx_word' id='word_1_338' title='bbox 1286 3565 1457 3613; x_wconf 84' lang='lat' dir='ltr'><strong>Atten-</strong></span> 
     </span>
     <span class='ocr_line' id='line_1_48' title="bbox 409 3622 1459 3693; baseline 0.009 -24"><span class='ocrx_word' id='word_1_339' title='bbox 409 3622 545 3673; x_wconf 80' lang='lat' dir='ltr'><strong>tiores</strong></span> <span class='ocrx_word' id='word_1_340' title='bbox 567 3642 725 3676; x_wconf 88' lang='lat' dir='ltr'><strong>sumus</strong></span> <span class='ocrx_word' id='word_1_341' title='bbox 745 3632 804 3678; x_wconf 88' lang='lat' dir='ltr'><strong>ad</strong></span> <span class='ocrx_word' id='word_1_342' title='bbox 827 3646 920 3677; x_wconf 85' lang='lat' dir='ltr'><strong>rem</strong></span> <span class='ocrx_word' id='word_1_343' title='bbox 934 3646 1114 3688; x_wconf 82' lang='lat' dir='ltr'><strong>omnes,</strong></span> <span class='ocrx_word' id='word_1_344' title='bbox 1133 3643 1272 3693; x_wconf 83' lang='lat' dir='ltr'><strong>quarn</strong></span> <span class='ocrx_word' id='word_1_345' title='bbox 1294 3637 1367 3677; x_wconf 88' lang='lat' dir='ltr'><strong>sat</strong></span> <span class='ocrx_word' id='word_1_346' title='bbox 1386 3636 1459 3678; x_wconf 81' lang='lat' dir='ltr'><strong>est</strong></span> 
     </span>
     <span class='ocr_line' id='line_1_49' title="bbox 408 3686 726 3746; baseline 0.006 -12"><span class='ocrx_word' id='word_1_347' title='bbox 408 3686 503 3736; x_wconf 83' lang='lat' dir='ltr'><strong>Ad.</strong></span> <span class='ocrx_word' id='word_1_348' title='bbox 523 3707 571 3746; x_wconf 81' lang='lat' dir='ltr'><strong>v,</strong></span> <span class='ocrx_word' id='word_1_349' title='bbox 592 3696 642 3745; x_wconf 76' lang='grc'><strong>8,</strong></span> <span class='ocrx_word' id='word_1_350' title='bbox 659 3697 726 3743; x_wconf 79' lang='grc'><strong>48</strong></span> 
     </span>
    </p>

    <p class='ocr_par' dir='ltr' id='par_1_7' title="bbox 403 3751 1455 3935">
     <span class='ocr_line' id='line_1_50' title="bbox 468 3751 1455 3821; baseline 0.006 -22"><span class='ocrx_word' id='word_1_351' title='bbox 468 3751 647 3803; x_wconf 85' lang='lat' dir='ltr'><strong>Attica.</strong></span> <span class='ocrx_word' id='word_1_352' title='bbox 711 3758 857 3805; x_wconf 79' lang='lat' dir='ltr'><strong>Matri</strong></span> <span class='ocrx_word' id='word_1_353' title='bbox 895 3760 1098 3821; x_wconf 86' lang='lat' dir='ltr'><strong>puellam</strong></span> <span class='ocrx_word' id='word_1_354' title='bbox 1131 3759 1259 3806; x_wconf 90' lang='lat' dir='ltr'><strong>dono</strong></span> <span class='ocrx_word' id='word_1_355' title='bbox 1280 3772 1455 3805; x_wconf 84' lang='lat' dir='ltr'><strong>merca·</strong></span> 
     </span>
     <span class='ocr_line' id='line_1_51' title="bbox 404 3820 1455 3889; baseline 0.009 -27"><span class='ocrx_word' id='word_1_356' title='bbox 404 3822 477 3889; x_wconf 77' lang='lat' dir='ltr'><strong>tor</strong></span> <span class='ocrx_word' id='word_1_357' title='bbox 510 3820 661 3878; x_wconf 83' lang='lat' dir='ltr'><strong>dedit,</strong></span> <span class='ocrx_word' id='word_1_358' title='bbox 684 3836 740 3869; x_wconf 84' lang='lat' dir='ltr'><strong>ex</strong></span> <span class='ocrx_word' id='word_1_359' title='bbox 760 3820 923 3871; x_wconf 83' lang='lat' dir='ltr'><strong>Attica</strong></span> <span class='ocrx_word' id='word_1_360' title='bbox 944 3825 1055 3873; x_wconf 86' lang='lat' dir='ltr'><strong>binc</strong></span> <span class='ocrx_word' id='word_1_361' title='bbox 1092 3824 1330 3887; x_wconf 85' lang='lat' dir='ltr'><strong>abreptam</strong></span> <span class='ocrx_word' id='word_1_362' title='bbox 1364 3822 1455 3871; x_wconf 89' lang='lat' dir='ltr'><strong>Eu.</strong></span> 
     </span>
     <span class='ocr_line' id='line_1_52' title="bbox 403 3886 969 3935; baseline 0.007 -6"><span class='ocrx_word' id='word_1_363' title='bbox 403 3893 440 3935; x_wconf 85' lang='lat'><strong>1,</strong></span> <span class='ocrx_word' id='word_1_364' title='bbox 464 3886 513 3931; x_wconf 82' lang='lat'><strong>2.</strong></span> <span class='ocrx_word' id='word_1_365' title='bbox 536 3887 600 3931; x_wconf 78' lang='lat'><strong>30</strong></span> <span class='ocrx_word' id='word_1_366' title='bbox 954 3910 969 3917; x_wconf 88' lang='lat'>-</span> 
     </span>
    </p>

    <p class='ocr_par' dir='ltr' id='par_1_8' title="bbox 399 3944 1453 4329">
     <span class='ocr_line' id='line_1_53' title="bbox 468 3944 1453 4014; baseline 0.006 -22"><span class='ocrx_word' id='word_1_367' title='bbox 468 3944 672 4005; x_wconf 85' lang='lat' dir='ltr'><strong>Atticus,</strong></span> <span class='ocrx_word' id='word_1_368' title='bbox 695 3964 741 4004; x_wconf 89' lang='lat' dir='ltr'><strong>a,</strong></span> <span class='ocrx_word' id='word_1_369' title='bbox 764 3964 862 3997; x_wconf 89' lang='lat' dir='ltr'><strong>om.</strong></span> <span class='ocrx_word' id='word_1_370' title='bbox 903 3950 1090 4000; x_wconf 85' lang='lat' dir='ltr'><strong>Atticos</strong></span> <span class='ocrx_word' id='word_1_371' title='bbox 1110 3950 1321 4014; x_wconf 88' lang='lat' dir='ltr'><strong>quidam,</strong></span> <span class='ocrx_word' id='word_1_372' title='bbox 1342 3950 1453 3998; x_wconf 82' lang='lat' dir='ltr'><strong>navi</strong></span> 
     </span>
     <span class='ocr_line' id='line_1_54' title="bbox 402 4008 1452 4078; baseline 0.003 -23"><span class='ocrx_word' id='word_1_373' title='bbox 402 4008 564 4066; x_wconf 76' lang='lat' dir='ltr'><strong>fracta,</strong></span> <span class='ocrx_word' id='word_1_374' title='bbox 600 4013 727 4075; x_wconf 86' lang='lat' dir='ltr'><strong>apud</strong></span> <span class='ocrx_word' id='word_1_375' title='bbox 767 4012 981 4061; x_wconf 82' lang='lat' dir='ltr'><strong>Andrum</strong></span> <span class='ocrx_word' id='word_1_376' title='bbox 1019 4016 1197 4078; x_wconf 89' lang='lat' dir='ltr'><strong>ejectus</strong></span> <span class='ocrx_word' id='word_1_377' title='bbox 1218 4022 1289 4061; x_wconf 86' lang='lat' dir='ltr'><strong>est</strong></span> <span class='ocrx_word' id='word_1_378' title='bbox 1321 4014 1382 4063; x_wconf 88' lang='lat' dir='ltr'><strong>A.</strong></span> <span class='ocrx_word' id='word_1_379' title='bbox 1406 4030 1452 4070; x_wconf 82' lang='lat' dir='ltr'><strong>v,</strong></span> 
     </span>
     <span class='ocr_line' id='line_1_55' title="bbox 399 4076 1452 4140; baseline 0.005 -20"><span class='ocrx_word' id='word_1_380' title='bbox 399 4076 451 4120; x_wconf 93' lang='grc'><strong>4.</strong></span> <span class='ocrx_word' id='word_1_381' title='bbox 474 4078 541 4123; x_wconf 76' lang='grc'><strong>26</strong></span> <span class='ocrx_word' id='word_1_382' title='bbox 594 4077 668 4124; x_wconf 89' lang='lat' dir='ltr'><strong>lbi</strong></span> <span class='ocrx_word' id='word_1_383' title='bbox 690 4094 779 4140; x_wconf 80' lang='lat' dir='ltr'><strong>ego</strong></span> <span class='ocrx_word' id='word_1_384' title='bbox 800 4078 957 4125; x_wconf 84' lang='lat' dir='ltr'><strong>audivi</strong></span> <span class='ocrx_word' id='word_1_385' title='bbox 989 4095 1042 4126; x_wconf 80' lang='lat' dir='ltr'><strong>ex</strong></span> <span class='ocrx_word' id='word_1_386' title='bbox 1078 4080 1179 4133; x_wconf 85' lang='lat' dir='ltr'><strong>illo,</strong></span> <span class='ocrx_word' id='word_1_387' title='bbox 1213 4094 1315 4127; x_wconf 83' lang='lat' dir='ltr'><strong>sese</strong></span> <span class='ocrx_word' id='word_1_388' title='bbox 1352 4093 1452 4125; x_wconf 88' lang='lat' dir='ltr'><strong>esse</strong></span> 
     </span>
     <span class='ocr_line' id='line_1_56' title="bbox 400 4134 1452 4199; baseline 0.007 -17"><span class='ocrx_word' id='word_1_389' title='bbox 400 4134 613 4187; x_wconf 87' lang='lat' dir='ltr'><strong>Atticum</strong></span> <span class='ocrx_word' id='word_1_390' title='bbox 637 4140 697 4188; x_wconf 88' lang='lat' dir='ltr'><strong>A.</strong></span> <span class='ocrx_word' id='word_1_391' title='bbox 719 4158 765 4199; x_wconf 87' lang='lat' dir='ltr'><strong>v,</strong></span> <span class='ocrx_word' id='word_1_392' title='bbox 788 4145 833 4191; x_wconf 89' lang='grc'><strong>4.</strong></span> <span class='ocrx_word' id='word_1_393' title='bbox 850 4146 913 4191; x_wconf 85' lang='grc'><strong>24</strong></span> <span class='ocrx_word' id='word_1_394' title='bbox 948 4143 1110 4191; x_wconf 80' lang='lat' dir='ltr'><strong>Civem</strong></span> <span class='ocrx_word' id='word_1_395' title='bbox 1127 4142 1333 4191; x_wconf 78' lang='lat' dir='ltr'><strong>Atticam</strong></span> <span class='ocrx_word' id='word_1_396' title='bbox 1351 4158 1452 4189; x_wconf 86' lang='lat' dir='ltr'><strong>esse</strong></span> 
     </span>
     <span class='ocr_line' id='line_1_57' title="bbox 400 4200 1449 4263; baseline 0.006 -17"><span class='ocrx_word' id='word_1_397' title='bbox 400 4200 522 4251; x_wconf 86' lang='lat' dir='ltr'><strong>hanc</strong></span> <span class='ocrx_word' id='word_1_398' title='bbox 555 4203 620 4252; x_wconf 91' lang='lat' dir='ltr'><strong>A.</strong></span> <span class='ocrx_word' id='word_1_399' title='bbox 642 4206 678 4261; x_wconf 91' lang='lat' dir='ltr'><strong>i,</strong></span> <span class='ocrx_word' id='word_1_400' title='bbox 702 4210 750 4255; x_wconf 92' lang='grc'><strong>3.</strong></span> <span class='ocrx_word' id='word_1_401' title='bbox 774 4212 853 4256; x_wconf 81' lang='grc'><strong>16.</strong></span> <span class='ocrx_word' id='word_1_402' title='bbox 897 4208 963 4263; x_wconf 89' lang='lat' dir='ltr'><strong>iv,</strong></span> <span class='ocrx_word' id='word_1_403' title='bbox 984 4213 1033 4256; x_wconf 90' lang='grc'><strong>4.</strong></span> <span class='ocrx_word' id='word_1_404' title='bbox 1054 4212 1112 4255; x_wconf 82' lang='grc'><strong>41</strong></span> <span class='ocrx_word' id='word_1_405' title='bbox 1152 4208 1210 4255; x_wconf 90' lang='lat' dir='ltr'><strong>Se</strong></span> <span class='ocrx_word' id='word_1_406' title='bbox 1234 4207 1349 4253; x_wconf 83' lang='lat' dir='ltr'><strong>scire</strong></span> <span class='ocrx_word' id='word_1_407' title='bbox 1384 4205 1449 4253; x_wconf 86' lang='lat' dir='ltr'><strong>ci-</strong></span> 
     </span>
     <span class='ocr_line' id='line_1_58' title="bbox 400 4269 1450 4329; baseline 0.009 -17"><span class='ocrx_word' id='word_1_408' title='bbox 400 4278 503 4313; x_wconf 82' lang='lat' dir='ltr'><strong>vem</strong></span> <span class='ocrx_word' id='word_1_409' title='bbox 525 4283 625 4318; x_wconf 86' lang='lat' dir='ltr'><strong>esse</strong></span> <span class='ocrx_word' id='word_1_410' title='bbox 651 4269 854 4321; x_wconf 72' lang='lat' dir='ltr'><strong>Atticam</strong></span> <span class='ocrx_word' id='word_1_411' title='bbox 878 4270 940 4319; x_wconf 89' lang='lat' dir='ltr'><strong>A.</strong></span> <span class='ocrx_word' id='word_1_412' title='bbox 964 4289 1009 4329; x_wconf 83' lang='lat' dir='ltr'><strong>v,</strong></span> <span class='ocrx_word' id='word_1_413' title='bbox 1031 4276 1079 4321; x_wconf 91' lang='grc'><strong>2.</strong></span> <span class='ocrx_word' id='word_1_414' title='bbox 1108 4276 1167 4321; x_wconf 87' lang='grc'><strong>18</strong></span> <span class='ocrx_word' id='word_1_415' title='bbox 1214 4271 1332 4328; x_wconf 80' lang='lat' dir='ltr'><strong>Earn</strong></span> <span class='ocrx_word' id='word_1_416' title='bbox 1350 4284 1450 4321; x_wconf 79' lang='lat' dir='ltr'><strong>esse</strong></span> 
     </span>
    </p>
   </div>
   <div class='ocr_carea' id='block_1_5' title="bbox 2377 399 2624 468">
    <p class='ocr_par' dir='ltr' id='par_1_9' title="bbox 2377 399 2624 468">
     <span class='ocr_line' id='line_1_59' title="bbox 2377 399 2624 468; baseline 0.012 -3"><span class='ocrx_word' id='word_1_417' title='bbox 2377 399 2624 468; x_wconf 79' lang='lat' dir='ltr'><strong>xxxvii</strong></span> 
     </span>
    </p>
   </div>
   <div class='ocr_carea' id='block_1_6' title="bbox 1526 560 2618 4195">
    <p class='ocr_par' dir='ltr' id='par_1_10' title="bbox 1526 560 2618 4195">
     <span class='ocr_line' id='line_1_60' title="bbox 1562 560 2618 622; baseline 0.007 -15"><span class='ocrx_word' id='word_1_418' title='bbox 1562 561 1674 608; x_wconf 87' lang='lat' dir='ltr'><strong>dico</strong></span> <span class='ocrx_word' id='word_1_419' title='bbox 1695 560 1903 620; x_wconf 80' lang='lat' dir='ltr'><strong>liberam,</strong></span> <span class='ocrx_word' id='word_1_420' title='bbox 1935 560 2084 610; x_wconf 78' lang='lat' dir='ltr'><strong>civem</strong></span> <span class='ocrx_word' id='word_1_421' title='bbox 2121 561 2328 611; x_wconf 84' lang='lat' dir='ltr'><strong>Atticam</strong></span> <span class='ocrx_word' id='word_1_422' title='bbox 2364 563 2456 612; x_wconf 82' lang='lat' dir='ltr'><strong>Eu.</strong></span> <span class='ocrx_word' id='word_1_423' title='bbox 2479 566 2544 622; x_wconf 78' lang='lat' dir='ltr'><strong>iv,</strong></span> <span class='ocrx_word' id='word_1_424' title='bbox 2567 572 2618 618; x_wconf 89' lang='grc'><strong>7.</strong></span> 
     </span>
     <span class='ocr_line' id='line_1_61' title="bbox 1561 624 2618 678; baseline 0.006 -6"><span class='ocrx_word' id='word_1_425' title='bbox 1561 628 1625 672; x_wconf 77' lang='grc'><strong>35</strong></span> <span class='ocrx_word' id='word_1_426' title='bbox 1676 624 1842 673; x_wconf 77' lang='lat' dir='ltr'><strong>Dixin&#39;</strong></span> <span class='ocrx_word' id='word_1_427' title='bbox 1875 625 1923 672; x_wconf 81' lang='lat' dir='ltr'><strong>ln</strong></span> <span class='ocrx_word' id='word_1_428' title='bbox 1947 627 2034 673; x_wconf 87' lang='lat' dir='ltr'><strong>hoc</strong></span> <span class='ocrx_word' id='word_1_429' title='bbox 2074 627 2224 674; x_wconf 86' lang='lat' dir='ltr'><strong>inesse</strong></span> <span class='ocrx_word' id='word_1_430' title='bbox 2255 627 2388 675; x_wconf 80' lang='lat' dir='ltr'><strong>vobis</strong></span> <span class='ocrx_word' id='word_1_431' title='bbox 2409 628 2618 678; x_wconf 81' lang='lat' dir='ltr'><strong>Atticam</strong></span> 
     </span>
     <span class='ocr_line' id='line_1_62' title="bbox 1560 688 2617 750; baseline 0.006 -14"><span class='ocrx_word' id='word_1_432' title='bbox 1560 688 1842 750; x_wconf 84' lang='lat' dir='ltr'><strong>elegantiam</strong></span> <span class='ocrx_word' id='word_1_433' title='bbox 1881 689 1974 739; x_wconf 85' lang='lat' dir='ltr'><strong>Eu.</strong></span> <span class='ocrx_word' id='word_1_434' title='bbox 2013 706 2061 745; x_wconf 86' lang='lat' dir='ltr'><strong>v,</strong></span> <span class='ocrx_word' id='word_1_435' title='bbox 2101 694 2232 740; x_wconf 80' lang='grc'><strong>9.63</strong></span> <span class='ocrx_word' id='word_1_436' title='bbox 2299 691 2434 738; x_wconf 78' lang='lat' dir='ltr'><strong>Illam</strong></span> <span class='ocrx_word' id='word_1_437' title='bbox 2465 694 2617 742; x_wconf 79' lang='lat' dir='ltr'><strong>civem</strong></span> 
     </span>
     <span class='ocr_line' id='line_1_63' title="bbox 1560 752 2422 810; baseline 0.005 -11"><span class='ocrx_word' id='word_1_438' title='bbox 1560 766 1662 799; x_wconf 88' lang='lat' dir='ltr'><strong>esse</strong></span> <span class='ocrx_word' id='word_1_439' title='bbox 1684 752 1911 810; x_wconf 88' lang='lat' dir='ltr'><strong>Atticam,</strong></span> <span class='ocrx_word' id='word_1_440' title='bbox 1933 755 2104 800; x_wconf 87' lang='lat' dir='ltr'><strong>bonam</strong></span> <span class='ocrx_word' id='word_1_441' title='bbox 2129 753 2218 803; x_wconf 91' lang='lat' dir='ltr'><strong>Ph.</strong></span> <span class='ocrx_word' id='word_1_442' title='bbox 2241 753 2273 809; x_wconf 91' lang='lat' dir='ltr'><strong>i,</strong></span> <span class='ocrx_word' id='word_1_443' title='bbox 2289 759 2337 804; x_wconf 94' lang='grc'><strong>2.</strong></span> <span class='ocrx_word' id='word_1_444' title='bbox 2360 759 2422 804; x_wconf 82' lang='grc'><strong>64</strong></span> 
     </span>
     <span class='ocr_line' id='line_1_64' title="bbox 1627 815 2616 876; baseline 0.006 -13"><span class='ocrx_word' id='word_1_445' title='bbox 1627 815 1840 866; x_wconf 86' lang='lat' dir='ltr'><strong>Attine0.</strong></span> <span class='ocrx_word' id='word_1_446' title='bbox 1909 817 2053 874; x_wconf 84' lang='lat' dir='ltr'><strong>Quod</strong></span> <span class='ocrx_word' id='word_1_447' title='bbox 2092 825 2201 865; x_wconf 85' lang='lat' dir='ltr'><strong>ante</strong></span> <span class='ocrx_word' id='word_1_448' title='bbox 2237 817 2324 866; x_wconf 80' lang='lat' dir='ltr'><strong>bac</strong></span> <span class='ocrx_word' id='word_1_449' title='bbox 2344 819 2474 876; x_wconf 75' lang='lat' dir='ltr'><strong>fecit,</strong></span> <span class='ocrx_word' id='word_1_450' title='bbox 2495 818 2616 869; x_wconf 83' lang='lat' dir='ltr'><strong>nihil</strong></span> 
     </span>
     <span class='ocr_line' id='line_1_65' title="bbox 1560 879 2616 941; baseline 0.008 -16"><span class='ocrx_word' id='word_1_451' title='bbox 1560 879 1621 925; x_wconf 84' lang='lat' dir='ltr'><strong>ad</strong></span> <span class='ocrx_word' id='word_1_452' title='bbox 1658 895 1734 928; x_wconf 87' lang='lat' dir='ltr'><strong>me</strong></span> <span class='ocrx_word' id='word_1_453' title='bbox 1769 880 1940 928; x_wconf 80' lang='lat' dir='ltr'><strong>attinet</strong></span> <span class='ocrx_word' id='word_1_454' title='bbox 1974 880 2035 929; x_wconf 87' lang='lat' dir='ltr'><strong>A.</strong></span> <span class='ocrx_word' id='word_1_455' title='bbox 2069 880 2102 934; x_wconf 92' lang='lat' dir='ltr'><strong>i,</strong></span> <span class='ocrx_word' id='word_1_456' title='bbox 2125 879 2191 930; x_wconf 80' lang='grc'><strong>’2.</strong></span> <span class='ocrx_word' id='word_1_457' title='bbox 2232 885 2293 930; x_wconf 81' lang='grc'><strong>16</strong></span> <span class='ocrx_word' id='word_1_458' title='bbox 2338 881 2616 941; x_wconf 77' lang='lat' dir='ltr'><strong>Profundat.</strong></span> 
     </span>
     <span class='ocr_line' id='line_1_66' title="bbox 1555 944 1973 1057; baseline 0.007 -4"><span class='ocrx_word' id='word_1_459' title='bbox 1555 944 1748 1056; x_wconf 54' lang='lat' dir='ltr'><strong>ferat.</strong></span> <span class='ocrx_word' id='word_1_460' title='bbox 1770 944 1973 1057; x_wconf 47' lang='grc' dir='ltr'><strong>’πῄ</strong></span> 
     </span>
     <span class='ocr_line' id='line_1_67' title="bbox 1578 1040 2463 1067; baseline 0.015 -13"><span class='ocrx_word' id='word_1_461' title='bbox 1578 1041 1593 1063; x_wconf 71' lang='grc'><strong>.</strong></span> <span class='ocrx_word' id='word_1_462' title='bbox 1650 1040 1665 1055; x_wconf 75' lang='lat' dir='ltr'><strong>o</strong></span> <span class='ocrx_word' id='word_1_463' title='bbox 2081 1043 2085 1050; x_wconf 90' lang='lat'>·</span> <span class='ocrx_word' id='word_1_464' title='bbox 2448 1044 2463 1067; x_wconf 69' lang='grc' dir='ltr'>Ι</span> 
     </span>
     <span class='ocr_line' id='line_1_68' title="bbox 1556 1071 2614 1128; baseline 0.005 -11"><span class='ocrx_word' id='word_1_465' title='bbox 1556 1071 1618 1117; x_wconf 77' lang='lat' dir='ltr'><strong>ad</strong></span> <span class='ocrx_word' id='word_1_466' title='bbox 1643 1078 1690 1119; x_wconf 88' lang='lat' dir='ltr'><strong>te</strong></span> <span class='ocrx_word' id='word_1_467' title='bbox 1711 1071 1914 1120; x_wconf 86' lang='lat' dir='ltr'><strong>attinet?</strong></span> <span class='ocrx_word' id='word_1_468' title='bbox 1949 1071 2047 1122; x_wconf 87' lang='lat' dir='ltr'><strong>Ad.</strong></span> <span class='ocrx_word' id='word_1_469' title='bbox 2067 1073 2119 1128; x_wconf 85' lang='lat' dir='ltr'><strong>ii,</strong></span> <span class='ocrx_word' id='word_1_470' title='bbox 2139 1077 2185 1122; x_wconf 90' lang='lat'><strong>1.</strong></span> <span class='ocrx_word' id='word_1_471' title='bbox 2207 1076 2272 1122; x_wconf 84' lang='grc'><strong>32</strong></span> <span class='ocrx_word' id='word_1_472' title='bbox 2308 1072 2449 1128; x_wconf 87' lang='lat' dir='ltr'><strong>Quod</strong></span> <span class='ocrx_word' id='word_1_473' title='bbox 2473 1076 2532 1122; x_wconf 84' lang='lat' dir='ltr'><strong>ad</strong></span> <span class='ocrx_word' id='word_1_474' title='bbox 2557 1076 2614 1122; x_wconf 87' lang='lat' dir='ltr'><strong>il-</strong></span> 
     </span>
     <span class='ocr_line' id='line_1_69' title="bbox 1557 1133 2614 1198; baseline 0.004 -18"><span class='ocrx_word' id='word_1_475' title='bbox 1557 1133 1654 1181; x_wconf 89' lang='lat' dir='ltr'><strong>lum</strong></span> <span class='ocrx_word' id='word_1_476' title='bbox 1674 1136 1842 1183; x_wconf 79' lang='lat' dir='ltr'><strong>attinet</strong></span> <span class='ocrx_word' id='word_1_477' title='bbox 1862 1137 2152 1198; x_wconf 82' lang='lat' dir='ltr'><strong>potissimum</strong></span> <span class='ocrx_word' id='word_1_478' title='bbox 2186 1135 2284 1183; x_wconf 86' lang='lat' dir='ltr'><strong>Ad.</strong></span> <span class='ocrx_word' id='word_1_479' title='bbox 2310 1137 2380 1198; x_wconf 88' lang='lat' dir='ltr'><strong>iii,</strong></span> <span class='ocrx_word' id='word_1_480' title='bbox 2401 1142 2448 1186; x_wconf 82' lang='lat' dir='ltr'><strong>l.</strong></span> <span class='ocrx_word' id='word_1_481' title='bbox 2471 1143 2505 1187; x_wconf 83' lang='lat'>9</span> <span class='ocrx_word' id='word_1_482' title='bbox 2549 1139 2614 1186; x_wconf 88' lang='lat' dir='ltr'><strong>Il-</strong></span> 
     </span>
     <span class='ocr_line' id='line_1_70' title="bbox 1555 1197 2613 1252; baseline 0.007 -8"><span class='ocrx_word' id='word_1_483' title='bbox 1555 1197 1654 1246; x_wconf 85' lang='lat' dir='ltr'><strong>lnm</strong></span> <span class='ocrx_word' id='word_1_484' title='bbox 1676 1213 1788 1247; x_wconf 90' lang='lat' dir='ltr'><strong>cnro</strong></span> <span class='ocrx_word' id='word_1_485' title='bbox 1809 1215 1953 1246; x_wconf 75' lang='lat' dir='ltr'><strong>unuin</strong></span> <span class='ocrx_word' id='word_1_486' title='bbox 1978 1218 1989 1247; x_wconf 70' lang='grc' dir='ltr'>ε</span> <span class='ocrx_word' id='word_1_487' title='bbox 2024 1200 2106 1248; x_wconf 88' lang='lat' dir='ltr'><strong>ille</strong></span> <span class='ocrx_word' id='word_1_488' title='bbox 2139 1201 2201 1247; x_wconf 83' lang='lat' dir='ltr'><strong>ad</strong></span> <span class='ocrx_word' id='word_1_489' title='bbox 2222 1215 2296 1246; x_wconf 87' lang='lat' dir='ltr'><strong>me</strong></span> <span class='ocrx_word' id='word_1_490' title='bbox 2316 1200 2486 1248; x_wconf 84' lang='lat' dir='ltr'><strong>attinet</strong></span> <span class='ocrx_word' id='word_1_491' title='bbox 2517 1202 2613 1252; x_wconf 88' lang='lat' dir='ltr'><strong>Ad.</strong></span> 
     </span>
     <span class='ocr_line' id='line_1_71' title="bbox 1554 1261 2615 1320; baseline 0.007 -12"><span class='ocrx_word' id='word_1_492' title='bbox 1554 1261 1627 1318; x_wconf 86' lang='lat' dir='ltr'><strong>iii,</strong></span> <span class='ocrx_word' id='word_1_493' title='bbox 1651 1267 1698 1312; x_wconf 84' lang='grc'><strong>3.</strong></span> <span class='ocrx_word' id='word_1_494' title='bbox 1722 1268 1784 1312; x_wconf 97' lang='grc'><strong>82</strong></span> <span class='ocrx_word' id='word_1_495' title='bbox 1818 1264 1961 1320; x_wconf 87' lang='lat' dir='ltr'><strong>Quod</strong></span> <span class='ocrx_word' id='word_1_496' title='bbox 1985 1265 2045 1312; x_wconf 87' lang='lat' dir='ltr'><strong>ad</strong></span> <span class='ocrx_word' id='word_1_497' title='bbox 2071 1265 2193 1312; x_wconf 81' lang='lat' dir='ltr'><strong>hanc</strong></span> <span class='ocrx_word' id='word_1_498' title='bbox 2217 1277 2311 1311; x_wconf 87' lang='lat' dir='ltr'><strong>rem</strong></span> <span class='ocrx_word' id='word_1_499' title='bbox 2335 1265 2504 1313; x_wconf 82' lang='lat' dir='ltr'><strong>attinet</strong></span> <span class='ocrx_word' id='word_1_500' title='bbox 2525 1266 2615 1315; x_wconf 86' lang='lat' dir='ltr'><strong>Ph.</strong></span> 
     </span>
     <span class='ocr_line' id='line_1_72' title="bbox 1552 1325 2615 1392; baseline 0.005 -19"><span class='ocrx_word' id='word_1_501' title='bbox 1552 1325 1624 1381; x_wconf 66' lang='lat' dir='ltr'><strong>iii,</strong></span> <span class='ocrx_word' id='word_1_502' title='bbox 1651 1331 1694 1377; x_wconf 85' lang='lat'><strong>1.</strong></span> <span class='ocrx_word' id='word_1_503' title='bbox 1722 1332 1782 1378; x_wconf 88' lang='grc'><strong>17</strong></span> <span class='ocrx_word' id='word_1_504' title='bbox 1841 1329 2024 1392; x_wconf 86' lang='lat' dir='ltr'><strong>anue,</strong></span> <span class='ocrx_word' id='word_1_505' title='bbox 2046 1327 2164 1376; x_wconf 84' lang='lat' dir='ltr'><strong>nihil</strong></span> <span class='ocrx_word' id='word_1_506' title='bbox 2185 1342 2292 1390; x_wconf 73' lang='lat' dir='ltr'><strong>qum</strong></span> <span class='ocrx_word' id='word_1_507' title='bbox 2326 1328 2388 1376; x_wconf 81' lang='lat' dir='ltr'><strong>ad</strong></span> <span class='ocrx_word' id='word_1_508' title='bbox 2418 1337 2468 1377; x_wconf 88' lang='lat' dir='ltr'><strong>te</strong></span> <span class='ocrx_word' id='word_1_509' title='bbox 2503 1331 2615 1378; x_wconf 85' lang='lat' dir='ltr'><strong>atti-</strong></span> 
     </span>
     <span class='ocr_line' id='line_1_73' title="bbox 1553 1391 2614 1452; baseline 0.006 -16"><span class='ocrx_word' id='word_1_510' title='bbox 1553 1391 1707 1438; x_wconf 87' lang='lat' dir='ltr'><strong>nent?</strong></span> <span class='ocrx_word' id='word_1_511' title='bbox 1741 1391 1863 1438; x_wconf 90' lang='lat' dir='ltr'><strong>Hea.</strong></span> <span class='ocrx_word' id='word_1_512' title='bbox 1885 1393 1920 1452; x_wconf 92' lang='lat' dir='ltr'><strong>i,</strong></span> <span class='ocrx_word' id='word_1_513' title='bbox 1945 1397 1989 1440; x_wconf 89' lang='grc'><strong>1.</strong></span> <span class='ocrx_word' id='word_1_514' title='bbox 2012 1395 2078 1441; x_wconf 86' lang='grc'><strong>24</strong></span> <span class='ocrx_word' id='word_1_515' title='bbox 2134 1391 2510 1452; x_wconf 81' lang='lat' dir='ltr'><strong>comperiebam.</strong></span> <span class='ocrx_word' id='word_1_516' title='bbox 2539 1395 2614 1442; x_wconf 86' lang='lat' dir='ltr'><strong>ni·</strong></span> 
     </span>
     <span class='ocr_line' id='line_1_74' title="bbox 1552 1452 2613 1519; baseline 0.006 -19"><span class='ocrx_word' id='word_1_517' title='bbox 1552 1452 1620 1500; x_wconf 85' lang='lat' dir='ltr'><strong>hil</strong></span> <span class='ocrx_word' id='word_1_518' title='bbox 1663 1455 1722 1502; x_wconf 82' lang='lat' dir='ltr'><strong>ad</strong></span> <span class='ocrx_word' id='word_1_519' title='bbox 1767 1454 2067 1518; x_wconf 82' lang='lat' dir='ltr'><strong>Pamphilum</strong></span> <span class='ocrx_word' id='word_1_520' title='bbox 2109 1456 2369 1519; x_wconf 85' lang='lat' dir='ltr'><strong>quidquam</strong></span> <span class='ocrx_word' id='word_1_521' title='bbox 2413 1458 2613 1506; x_wconf 81' lang='lat' dir='ltr'><strong>attinere</strong></span> 
     </span>
     <span class='ocr_line' id='line_1_75' title="bbox 1550 1516 2614 1574; baseline 0.006 -10"><span class='ocrx_word' id='word_1_522' title='bbox 1550 1516 1618 1566; x_wconf 92' lang='lat' dir='ltr'><strong>A.</strong></span> <span class='ocrx_word' id='word_1_523' title='bbox 1644 1517 1678 1574; x_wconf 89' lang='lat' dir='ltr'><strong>i,</strong></span> <span class='ocrx_word' id='word_1_524' title='bbox 1700 1522 1744 1567; x_wconf 90' lang='lat'><strong>1.</strong></span> <span class='ocrx_word' id='word_1_525' title='bbox 1767 1523 1831 1568; x_wconf 85' lang='grc'><strong>64</strong></span> <span class='ocrx_word' id='word_1_526' title='bbox 1877 1519 2002 1567; x_wconf 87' lang='lat' dir='ltr'><strong>Scin’</strong></span> <span class='ocrx_word' id='word_1_527' title='bbox 2027 1527 2096 1574; x_wconf 87' lang='lat' dir='ltr'><strong>tu.</strong></span> <span class='ocrx_word' id='word_1_528' title='bbox 2120 1521 2240 1566; x_wconf 80' lang='lat' dir='ltr'><strong>adeo</strong></span> <span class='ocrx_word' id='word_1_529' title='bbox 2263 1521 2322 1566; x_wconf 88' lang='lat' dir='ltr'><strong>ad</strong></span> <span class='ocrx_word' id='word_1_530' title='bbox 2347 1522 2614 1570; x_wconf 83' lang='lat' dir='ltr'><strong>teattinere</strong></span> 
     </span>
     <span class='ocr_line' id='line_1_76' title="bbox 1550 1581 2372 1639; baseline 0.005 -11"><span class='ocrx_word' id='word_1_531' title='bbox 1550 1581 1673 1629; x_wconf 80' lang='lat' dir='ltr'><strong>hanc</strong></span> <span class='ocrx_word' id='word_1_532' title='bbox 1696 1597 1879 1630; x_wconf 88' lang='lat' dir='ltr'><strong>omnem</strong></span> <span class='ocrx_word' id='word_1_533' title='bbox 1902 1584 2034 1630; x_wconf 87' lang='lat' dir='ltr'><strong>rem?</strong></span> <span class='ocrx_word' id='word_1_534' title='bbox 2069 1583 2160 1630; x_wconf 90' lang='lat' dir='ltr'><strong>Eu.</strong></span> <span class='ocrx_word' id='word_1_535' title='bbox 2181 1583 2247 1639; x_wconf 81' lang='lat' dir='ltr'><strong>iv,</strong></span> <span class='ocrx_word' id='word_1_536' title='bbox 2270 1587 2319 1633; x_wconf 85' lang='grc'><strong>6.</strong></span> <span class='ocrx_word' id='word_1_537' title='bbox 2339 1587 2372 1632; x_wconf 87' lang='grc'><strong>6</strong></span> 
     </span>
     <span class='ocr_line' id='line_1_77' title="bbox 1615 1645 2610 1710; baseline 0.005 -19"><span class='ocrx_word' id='word_1_538' title='bbox 1615 1645 1830 1710; x_wconf 86' lang='lat' dir='ltr'><strong>Attingo.</strong></span> <span class='ocrx_word' id='word_1_539' title='bbox 1895 1647 2054 1696; x_wconf 86' lang='lat' dir='ltr'><strong>Nocte</strong></span> <span class='ocrx_word' id='word_1_540' title='bbox 2093 1647 2174 1694; x_wconf 87' lang='lat' dir='ltr'><strong>illa</strong></span> <span class='ocrx_word' id='word_1_541' title='bbox 2211 1647 2360 1709; x_wconf 82' lang='lat' dir='ltr'><strong>prima</strong></span> <span class='ocrx_word' id='word_1_542' title='bbox 2379 1647 2610 1710; x_wconf 81' lang='lat' dir='ltr'><strong>virginem</strong></span> 
     </span>
     <span class='ocr_line' id='line_1_78' title="bbox 1555 1710 2606 1774; baseline 0.001 -17"><span class='ocrx_word' id='word_1_543' title='bbox 1555 1724 1653 1757; x_wconf 83' lang='lat' dir='ltr'><strong>non</strong></span> <span class='ocrx_word' id='word_1_544' title='bbox 1676 1711 1835 1774; x_wconf 82' lang='lat' dir='ltr'><strong>attigit</strong></span> <span class='ocrx_word' id='word_1_545' title='bbox 1867 1711 1958 1758; x_wconf 84' lang='lat' dir='ltr'><strong>He.</strong></span> <span class='ocrx_word' id='word_1_546' title='bbox 1999 1710 2035 1771; x_wconf 89' lang='lat' dir='ltr'><strong>i,</strong></span> <span class='ocrx_word' id='word_1_547' title='bbox 2075 1715 2123 1760; x_wconf 90' lang='grc'><strong>2.</strong></span> <span class='ocrx_word' id='word_1_548' title='bbox 2157 1713 2218 1758; x_wconf 84' lang='lat'><strong>61</strong></span> <span class='ocrx_word' id='word_1_549' title='bbox 2276 1711 2606 1759; x_wconf 77' lang='lat' dir='ltr'><strong>Mulierculsm</strong></span> 
     </span>
     <span class='ocr_line' id='line_1_79' title="bbox 1555 1774 2606 1839; baseline 0.002 -19"><span class='ocrx_word' id='word_1_550' title='bbox 1555 1774 1850 1834; x_wconf 84' lang='lat' dir='ltr'><strong>compressit,</strong></span> <span class='ocrx_word' id='word_1_551' title='bbox 1884 1791 2038 1838; x_wconf 90' lang='lat' dir='ltr'><strong>neque</strong></span> <span class='ocrx_word' id='word_1_552' title='bbox 2060 1774 2251 1837; x_wconf 83' lang='lat' dir='ltr'><strong>postilla</strong></span> <span class='ocrx_word' id='word_1_553' title='bbox 2269 1791 2474 1839; x_wconf 80' lang='lat' dir='ltr'><strong>unquam</strong></span> <span class='ocrx_word' id='word_1_554' title='bbox 2497 1777 2606 1823; x_wconf 87' lang='lat' dir='ltr'><strong>atti·</strong></span> 
     </span>
     <span class='ocr_line' id='line_1_80' title="bbox 1546 1838 2608 1902; baseline 0.005 -19"><span class='ocrx_word' id='word_1_555' title='bbox 1546 1839 1617 1900; x_wconf 84' lang='lat' dir='ltr'><strong>git</strong></span> <span class='ocrx_word' id='word_1_556' title='bbox 1644 1838 1736 1889; x_wconf 80' lang='lat' dir='ltr'><strong>Ph.</strong></span> <span class='ocrx_word' id='word_1_557' title='bbox 1759 1855 1806 1895; x_wconf 86' lang='lat' dir='ltr'><strong>v,</strong></span> <span class='ocrx_word' id='word_1_558' title='bbox 1829 1845 1877 1888; x_wconf 89' lang='grc'><strong>8.</strong></span> <span class='ocrx_word' id='word_1_559' title='bbox 1901 1844 1966 1888; x_wconf 86' lang='grc'><strong>29</strong></span> <span class='ocrx_word' id='word_1_560' title='bbox 1999 1838 2077 1886; x_wconf 88' lang='lat' dir='ltr'><strong>Ne</strong></span> <span class='ocrx_word' id='word_1_561' title='bbox 2103 1853 2174 1885; x_wconf 86' lang='lat' dir='ltr'><strong>me</strong></span> <span class='ocrx_word' id='word_1_562' title='bbox 2197 1839 2415 1902; x_wconf 79' lang='lat' dir='ltr'><strong>attingas,</strong></span> <span class='ocrx_word' id='word_1_563' title='bbox 2438 1838 2608 1888; x_wconf 64' lang='lat' dir='ltr'><strong>sceles-</strong></span> 
     </span>
     <span class='ocr_line' id='line_1_81' title="bbox 1544 1900 2604 1965; baseline 0.003 -18"><span class='ocrx_word' id='word_1_564' title='bbox 1544 1909 1591 1948; x_wconf 89' lang='lat' dir='ltr'><strong>te</strong></span> <span class='ocrx_word' id='word_1_565' title='bbox 1626 1900 1688 1949; x_wconf 91' lang='lat' dir='ltr'><strong>A.</strong></span> <span class='ocrx_word' id='word_1_566' title='bbox 1711 1900 1776 1960; x_wconf 81' lang='lat' dir='ltr'><strong>iv,</strong></span> <span class='ocrx_word' id='word_1_567' title='bbox 1798 1907 1846 1952; x_wconf 85' lang='grc'><strong>4.</strong></span> <span class='ocrx_word' id='word_1_568' title='bbox 1869 1909 1926 1951; x_wconf 80' lang='lat' dir='ltr'><strong>st</strong></span> <span class='ocrx_word' id='word_1_569' title='bbox 1985 1902 2036 1949; x_wconf 90' lang='lat' dir='ltr'><strong>Si</strong></span> <span class='ocrx_word' id='word_1_570' title='bbox 2074 1900 2324 1965; x_wconf 79' lang='lat' dir='ltr'><strong>attigisses,</strong></span> <span class='ocrx_word' id='word_1_571' title='bbox 2358 1904 2497 1951; x_wconf 79' lang='lat' dir='ltr'><strong>ferres</strong></span> <span class='ocrx_word' id='word_1_572' title='bbox 2530 1903 2604 1950; x_wconf 89' lang='lat' dir='ltr'><strong>in-</strong></span> 
     </span>
     <span class='ocr_line' id='line_1_82' title="bbox 1544 1965 2600 2042; baseline 0.002 -30"><span class='ocrx_word' id='word_1_573' title='bbox 1544 1965 1798 2012; x_wconf 75' lang='lat' dir='ltr'><strong>fortunium</strong></span> <span class='ocrx_word' id='word_1_574' title='bbox 1849 1965 1948 2015; x_wconf 87' lang='lat' dir='ltr'><strong>Ad.</strong></span> <span class='ocrx_word' id='word_1_575' title='bbox 1993 1965 2045 2022; x_wconf 81' lang='lat' dir='ltr'><strong>ii,</strong></span> <span class='ocrx_word' id='word_1_576' title='bbox 2092 1970 2138 2015; x_wconf 89' lang='grc'><strong>1.</strong></span> <span class='ocrx_word' id='word_1_577' title='bbox 2160 1971 2244 2040; x_wconf 39' lang='grc'><strong>’24</strong></span> <span class='ocrx_word' id='word_1_578' title='bbox 2297 1967 2349 2014; x_wconf 84' lang='lat' dir='ltr'><strong>Si</strong></span> <span class='ocrx_word' id='word_1_579' title='bbox 2384 1975 2436 2014; x_wconf 87' lang='lat' dir='ltr'><strong>tu</strong></span> <span class='ocrx_word' id='word_1_580' title='bbox 2471 1966 2600 2042; x_wconf 66' lang='lat' dir='ltr'><strong>illam</strong></span> 
     </span>
     <span class='ocr_line' id='line_1_83' title="bbox 1541 2030 2602 2158; baseline 0.003 -20"><span class='ocrx_word' id='word_1_581' title='bbox 1541 2030 2602 2158; x_wconf 46' lang='lat'><strong>23³3:’5535’832&#39;2312‘2&#39;3‘313‘223‘53</strong></span> 
     </span>
     <span class='ocr_line' id='line_1_84' title="bbox 1543 2155 2202 2217; baseline 0.003 -16"><span class='ocrx_word' id='word_1_582' title='bbox 1543 2155 1749 2217; x_wconf 83' lang='lat' dir='ltr'><strong>attigerit</strong></span> <span class='ocrx_word' id='word_1_583' title='bbox 1771 2171 1866 2202; x_wconf 90' lang='lat' dir='ltr'><strong>uno</strong></span> <span class='ocrx_word' id='word_1_584' title='bbox 1900 2155 1991 2204; x_wconf 88' lang='lat' dir='ltr'><strong>Eu.</strong></span> <span class='ocrx_word' id='word_1_585' title='bbox 2012 2155 2079 2211; x_wconf 87' lang='lat' dir='ltr'><strong>iv,</strong></span> <span class='ocrx_word' id='word_1_586' title='bbox 2100 2159 2148 2202; x_wconf 85' lang='grc'><strong>6.</strong></span> <span class='ocrx_word' id='word_1_587' title='bbox 2171 2158 2202 2203; x_wconf 88' lang='grc'><strong>2</strong></span> 
     </span>
     <span class='ocr_line' id='line_1_85' title="bbox 1609 2216 2601 2282; baseline 0.004 -16"><span class='ocrx_word' id='word_1_588' title='bbox 1609 2217 1809 2266; x_wconf 77' lang='lat' dir='ltr'><strong>Attolle.</strong></span> <span class='ocrx_word' id='word_1_589' title='bbox 1873 2217 2056 2267; x_wconf 81' lang='lat' dir='ltr'><strong>Attolle</strong></span> <span class='ocrx_word' id='word_1_590' title='bbox 2097 2217 2292 2282; x_wconf 74' lang='lat' dir='ltr'><strong>pallium</strong></span> <span class='ocrx_word' id='word_1_591' title='bbox 2325 2216 2416 2266; x_wconf 86' lang='lat' dir='ltr'><strong>Eu.</strong></span> <span class='ocrx_word' id='word_1_592' title='bbox 2445 2218 2513 2278; x_wconf 73' lang='lat' dir='ltr'><strong>iv,</strong></span> <span class='ocrx_word' id='word_1_593' title='bbox 2551 2223 2601 2270; x_wconf 83' lang='grc'><strong>6.</strong></span> 
     </span>
     <span class='ocr_line' id='line_1_86' title="bbox 1604 2345 2594 2413; baseline 0 -19"><span class='ocrx_word' id='word_1_594' title='bbox 1604 2345 1701 2395; x_wconf 87' lang='lat' dir='ltr'><strong>Au.</strong></span> <span class='ocrx_word' id='word_1_595' title='bbox 1766 2345 2016 2397; x_wconf 84' lang='lat' dir='ltr'><strong>Dicturan&#39;</strong></span> <span class='ocrx_word' id='word_1_596' title='bbox 2049 2362 2100 2396; x_wconf 88' lang='lat' dir='ltr'><strong>es</strong></span> <span class='ocrx_word' id='word_1_597' title='bbox 2133 2346 2264 2411; x_wconf 83' lang='lat' dir='ltr'><strong>quod</strong></span> <span class='ocrx_word' id='word_1_598' title='bbox 2297 2347 2446 2412; x_wconf 82' lang='lat' dir='ltr'><strong>rogo?</strong></span> <span class='ocrx_word' id='word_1_599' title='bbox 2477 2347 2594 2413; x_wconf 78' lang='lat' dir='ltr'><strong>My.</strong></span> 
     </span>
     <span class='ocr_line' id='line_1_87' title="bbox 1539 2407 2596 2471; baseline 0.003 -14"><span class='ocrx_word' id='word_1_600' title='bbox 1539 2407 1654 2458; x_wconf 86' lang='lat' dir='ltr'><strong>An!</strong></span> <span class='ocrx_word' id='word_1_601' title='bbox 1690 2410 1753 2459; x_wconf 88' lang='lat' dir='ltr'><strong>A.</strong></span> <span class='ocrx_word' id='word_1_602' title='bbox 1775 2411 1838 2468; x_wconf 82' lang='lat' dir='ltr'><strong>iv,</strong></span> <span class='ocrx_word' id='word_1_603' title='bbox 1855 2417 1905 2463; x_wconf 89' lang='grc'><strong>4.</strong></span> <span class='ocrx_word' id='word_1_604' title='bbox 1931 2415 1994 2462; x_wconf 89' lang='grc'><strong>12</strong></span> <span class='ocrx_word' id='word_1_605' title='bbox 2026 2410 2136 2460; x_wconf 86' lang='lat' dir='ltr'><strong>Au!</strong></span> <span class='ocrx_word' id='word_1_606' title='bbox 2171 2412 2366 2460; x_wconf 76' lang='lat' dir='ltr'><strong>obsecro</strong></span> <span class='ocrx_word' id='word_1_607' title='bbox 2387 2428 2401 2471; x_wconf 85' lang='lat'><em>3</em></span> <span class='ocrx_word' id='word_1_608' title='bbox 2423 2427 2484 2460; x_wconf 88' lang='lat' dir='ltr'><strong>an</strong></span> <span class='ocrx_word' id='word_1_609' title='bbox 2501 2427 2596 2460; x_wconf 87' lang='lat' dir='ltr'><strong>non</strong></span> 
     </span>
     <span class='ocr_line' id='line_1_88' title="bbox 1538 2475 2592 2537; baseline 0.004 -14"><span class='ocrx_word' id='word_1_610' title='bbox 1538 2475 1658 2524; x_wconf 80' lang='lat' dir='ltr'><strong>civis</strong></span> <span class='ocrx_word' id='word_1_611' title='bbox 1677 2477 1784 2525; x_wconf 90' lang='lat' dir='ltr'><strong>est?</strong></span> <span class='ocrx_word' id='word_1_612' title='bbox 1815 2477 1878 2525; x_wconf 89' lang='lat' dir='ltr'><strong>A.</strong></span> <span class='ocrx_word' id='word_1_613' title='bbox 1916 2477 1982 2533; x_wconf 77' lang='lat' dir='ltr'><strong>iv,</strong></span> <span class='ocrx_word' id='word_1_614' title='bbox 2016 2481 2066 2527; x_wconf 91' lang='grc'><strong>4.</strong></span> <span class='ocrx_word' id='word_1_615' title='bbox 2103 2481 2170 2528; x_wconf 87' lang='grc'><strong>42</strong></span> <span class='ocrx_word' id='word_1_616' title='bbox 2217 2475 2328 2525; x_wconf 88' lang='lat' dir='ltr'><strong>Au!</strong></span> <span class='ocrx_word' id='word_1_617' title='bbox 2363 2477 2558 2527; x_wconf 88' lang='lat' dir='ltr'><strong>obsecro</strong></span> <span class='ocrx_word' id='word_1_618' title='bbox 2576 2494 2592 2537; x_wconf 73' lang='lat'>3</span> 
     </span>
     <span class='ocr_line' id='line_1_89' title="bbox 1538 2541 2597 2605; baseline 0.002 -18"><span class='ocrx_word' id='word_1_619' title='bbox 1538 2555 1646 2587; x_wconf 84' lang='lat' dir='ltr'><strong>mea</strong></span> <span class='ocrx_word' id='word_1_620' title='bbox 1680 2541 1880 2605; x_wconf 73' lang='lat' dir='ltr'><strong>Pythias</strong></span> <span class='ocrx_word' id='word_1_621' title='bbox 1931 2542 2022 2589; x_wconf 88' lang='lat' dir='ltr'><strong>Eu.</strong></span> <span class='ocrx_word' id='word_1_622' title='bbox 2063 2542 2128 2598; x_wconf 81' lang='lat' dir='ltr'><strong>iv,</strong></span> <span class='ocrx_word' id='word_1_623' title='bbox 2163 2544 2214 2589; x_wconf 83' lang='grc'><strong>3.</strong></span> <span class='ocrx_word' id='word_1_624' title='bbox 2251 2545 2314 2589; x_wconf 86' lang='grc'><strong>14</strong></span> <span class='ocrx_word' id='word_1_625' title='bbox 2369 2542 2484 2589; x_wconf 89' lang='lat' dir='ltr'><strong>Ao!</strong></span> <span class='ocrx_word' id='word_1_626' title='bbox 2535 2558 2597 2589; x_wconf 82' lang='lat' dir='ltr'><strong>ne</strong></span> 
     </span>
     <span class='ocr_line' id='line_1_90' title="bbox 1536 2604 2597 2719; baseline 0 -68"><span class='ocrx_word' id='word_1_627' title='bbox 1536 2605 1992 2717; x_wconf 43' lang='lat' dir='ltr'><strong>fiossg&#39;ffniiutzcffic</strong></span> <span class='ocrx_word' id='word_1_628' title='bbox 2013 2606 2073 2652; x_wconf 85' lang='lat' dir='ltr'><strong>ad</strong></span> <span class='ocrx_word' id='word_1_629' title='bbox 2113 2604 2272 2715; x_wconf 78' lang='lat' dir='ltr'><strong>illumE</strong></span> <span class='ocrx_word' id='word_1_630' title='bbox 2287 2611 2362 2653; x_wconf 81' lang='lat' dir='ltr'><strong>est</strong></span> <span class='ocrx_word' id='word_1_631' title='bbox 2391 2605 2494 2719; x_wconf 48' lang='lat' dir='ltr'><strong>Eg·</strong></span> <span class='ocrx_word' id='word_1_632' title='bbox 2528 2622 2597 2719; x_wconf 58' lang='grc' dir='ltr'><strong>ἓνό</strong></span> 
     </span>
     <span class='ocr_line' id='line_1_91' title="bbox 1574 2669 2404 2726; baseline 0.001 -12"><span class='ocrx_word' id='word_1_633' title='bbox 1574 2700 1586 2714; x_wconf 93' lang='grc'><strong>.</strong></span> <span class='ocrx_word' id='word_1_634' title='bbox 1753 2684 1780 2715; x_wconf 86' lang='lat' dir='ltr'><strong>u</strong></span> <span class='ocrx_word' id='word_1_635' title='bbox 1800 2705 1810 2717; x_wconf 94' lang='lat'><strong>.</strong></span> <span class='ocrx_word' id='word_1_636' title='bbox 1923 2684 1968 2726; x_wconf 90' lang='lat' dir='ltr'><strong>e,</strong></span> <span class='ocrx_word' id='word_1_637' title='bbox 2004 2669 2198 2717; x_wconf 88' lang='lat' dir='ltr'><strong>obsecro</strong></span> <span class='ocrx_word' id='word_1_638' title='bbox 2273 2684 2322 2716; x_wconf 88' lang='lat' dir='ltr'><strong>u.</strong></span> <span class='ocrx_word' id='word_1_639' title='bbox 2358 2685 2404 2724; x_wconf 78' lang='lat' dir='ltr'><strong>v,</strong></span> 
     </span>
     <span class='ocr_line' id='line_1_92' title="bbox 1539 2729 2598 2787; baseline 0.004 -10"><span class='ocrx_word' id='word_1_640' title='bbox 1539 2729 1618 2778; x_wconf 88' lang='lat' dir='ltr'><strong>Au</strong></span> <span class='ocrx_word' id='word_1_641' title='bbox 1639 2732 1651 2778; x_wconf 68' lang='grc' dir='ltr'>ἒ</span> <span class='ocrx_word' id='word_1_642' title='bbox 1683 2733 1873 2780; x_wconf 87' lang='lat' dir='ltr'><strong>obsecro</strong></span> <span class='ocrx_word' id='word_1_643' title='bbox 1895 2741 1960 2787; x_wconf 89' lang='lat' dir='ltr'><strong>te,</strong></span> <span class='ocrx_word' id='word_1_644' title='bbox 1983 2732 2104 2780; x_wconf 83' lang='lat' dir='ltr'><strong>istuc</strong></span> <span class='ocrx_word' id='word_1_645' title='bbox 2125 2732 2328 2781; x_wconf 84' lang='lat' dir='ltr'><strong>inimicis</strong></span> <span class='ocrx_word' id='word_1_646' title='bbox 2349 2734 2441 2781; x_wconf 85' lang='lat' dir='ltr'><strong>siet</strong></span> <span class='ocrx_word' id='word_1_647' title='bbox 2472 2734 2598 2781; x_wconf 88' lang='lat' dir='ltr'><strong>Hea.</strong></span> 
     </span>
     <span class='ocr_line' id='line_1_93' title="bbox 1539 2793 2596 2851; baseline 0.002 -10"><span class='ocrx_word' id='word_1_648' title='bbox 1539 2810 1585 2847; x_wconf 81' lang='lat' dir='ltr'><strong>v,</strong></span> <span class='ocrx_word' id='word_1_649' title='bbox 1611 2798 1659 2842; x_wconf 87' lang='grc'><strong>3.</strong></span> <span class='ocrx_word' id='word_1_650' title='bbox 1697 2799 1756 2844; x_wconf 93' lang='grc'><strong>13</strong></span> <span class='ocrx_word' id='word_1_651' title='bbox 1811 2793 1926 2843; x_wconf 84' lang='lat' dir='ltr'><strong>Au!</strong></span> <span class='ocrx_word' id='word_1_652' title='bbox 1962 2796 2026 2841; x_wconf 87' lang='lat' dir='ltr'><strong>mi</strong></span> <span class='ocrx_word' id='word_1_653' title='bbox 2063 2796 2223 2851; x_wconf 83' lang='lat' dir='ltr'><strong>homo,</strong></span> <span class='ocrx_word' id='word_1_654' title='bbox 2261 2811 2464 2843; x_wconf 86' lang='lat' dir='ltr'><strong>sanusne</strong></span> <span class='ocrx_word' id='word_1_655' title='bbox 2505 2798 2596 2843; x_wconf 86' lang='lat' dir='ltr'><strong>es?</strong></span> 
     </span>
     <span class='ocr_line' id='line_1_94' title="bbox 1540 2855 2597 2915; baseline 0.004 -12"><span class='ocrx_word' id='word_1_656' title='bbox 1540 2855 1636 2903; x_wconf 87' lang='lat' dir='ltr'><strong>Ad.</strong></span> <span class='ocrx_word' id='word_1_657' title='bbox 1658 2857 1729 2913; x_wconf 87' lang='lat' dir='ltr'><strong>iii,</strong></span> <span class='ocrx_word' id='word_1_658' title='bbox 1763 2863 1812 2908; x_wconf 86' lang='grc'><strong>2.</strong></span> <span class='ocrx_word' id='word_1_659' title='bbox 1833 2863 1896 2906; x_wconf 83' lang='grc'><strong>38</strong></span> <span class='ocrx_word' id='word_1_660' title='bbox 1942 2857 2102 2915; x_wconf 86' lang='lat' dir='ltr'><strong>Quid!</strong></span> <span class='ocrx_word' id='word_1_661' title='bbox 2138 2858 2318 2904; x_wconf 86' lang='lat' dir='ltr'><strong>duasne</strong></span> <span class='ocrx_word' id='word_1_662' title='bbox 2353 2858 2396 2903; x_wconf 88' lang='lat' dir='ltr'><strong>is</strong></span> <span class='ocrx_word' id='word_1_663' title='bbox 2432 2874 2597 2906; x_wconf 82' lang='lat' dir='ltr'><strong>uxores</strong></span> 
     </span>
     <span class='ocr_line' id='line_1_95' title="bbox 1539 2920 2596 2984; baseline 0.005 -17"><span class='ocrx_word' id='word_1_664' title='bbox 1539 2921 1720 2968; x_wconf 84' lang='lat' dir='ltr'><strong>habet?</strong></span> <span class='ocrx_word' id='word_1_665' title='bbox 1765 2922 1844 2969; x_wconf 89' lang='lat' dir='ltr'><strong>So.</strong></span> <span class='ocrx_word' id='word_1_666' title='bbox 1877 2922 1987 2969; x_wconf 84' lang='lat' dir='ltr'><strong>Au!</strong></span> <span class='ocrx_word' id='word_1_667' title='bbox 2023 2921 2216 2968; x_wconf 87' lang='lat' dir='ltr'><strong>obsecro</strong></span> <span class='ocrx_word' id='word_1_668' title='bbox 2249 2920 2340 2968; x_wconf 86' lang='lat' dir='ltr'><strong>Ph.</strong></span> <span class='ocrx_word' id='word_1_669' title='bbox 2381 2939 2426 2984; x_wconf 81' lang='lat' dir='ltr'><strong>v,</strong></span> <span class='ocrx_word' id='word_1_670' title='bbox 2459 2927 2509 2970; x_wconf 88' lang='grc'><strong>1.</strong></span> <span class='ocrx_word' id='word_1_671' title='bbox 2529 2926 2596 2972; x_wconf 80' lang='grc'><strong>27</strong></span> 
     </span>
     <span class='ocr_line' id='line_1_96' title="bbox 1540 2982 2594 3049; baseline 0.006 -20"><span class='ocrx_word' id='word_1_672' title='bbox 1540 2982 1620 3031; x_wconf 89' lang='lat' dir='ltr'><strong>Au</strong></span> <span class='ocrx_word' id='word_1_673' title='bbox 1646 2985 1658 3032; x_wconf 73' lang='lat'><em>2</em></span> <span class='ocrx_word' id='word_1_674' title='bbox 1693 2984 1904 3049; x_wconf 86' lang='lat' dir='ltr'><strong>obsecro,</strong></span> <span class='ocrx_word' id='word_1_675' title='bbox 1925 3000 2057 3042; x_wconf 84' lang='lat' dir='ltr'><strong>cave,</strong></span> <span class='ocrx_word' id='word_1_676' title='bbox 2073 3000 2136 3031; x_wconf 87' lang='lat' dir='ltr'><strong>ne</strong></span> <span class='ocrx_word' id='word_1_677' title='bbox 2151 2984 2202 3033; x_wconf 84' lang='lat' dir='ltr'><strong>in</strong></span> <span class='ocrx_word' id='word_1_678' title='bbox 2220 2993 2468 3049; x_wconf 79' lang='lat' dir='ltr'><strong>cognatam</strong></span> <span class='ocrx_word' id='word_1_679' title='bbox 2481 3000 2594 3049; x_wconf 81' lang='lat' dir='ltr'><strong>pec-</strong></span> 
     </span>
     <span class='ocr_line' id='line_1_97' title="bbox 1540 3049 1970 3106; baseline 0.005 -11"><span class='ocrx_word' id='word_1_680' title='bbox 1540 3063 1620 3095; x_wconf 90' lang='lat' dir='ltr'><strong>ces</strong></span> <span class='ocrx_word' id='word_1_681' title='bbox 1655 3049 1742 3096; x_wconf 76' lang='lat' dir='ltr'><strong>Ph.</strong></span> <span class='ocrx_word' id='word_1_682' title='bbox 1764 3066 1812 3106; x_wconf 83' lang='lat' dir='ltr'><strong>v,</strong></span> <span class='ocrx_word' id='word_1_683' title='bbox 1835 3054 1882 3098; x_wconf 92' lang='grc'><strong>3.</strong></span> <span class='ocrx_word' id='word_1_684' title='bbox 1905 3054 1970 3097; x_wconf 82' lang='grc'><strong>20</strong></span> 
     </span>
     <span class='ocr_line' id='line_1_98' title="bbox 1605 3111 2593 3175; baseline 0.001 -16"><span class='ocrx_word' id='word_1_685' title='bbox 1605 3111 1781 3160; x_wconf 75' lang='lat' dir='ltr'><strong>Avare-</strong></span> <span class='ocrx_word' id='word_1_686' title='bbox 1844 3113 1898 3160; x_wconf 88' lang='lat' dir='ltr'><strong>Si</strong></span> <span class='ocrx_word' id='word_1_687' title='bbox 1929 3127 2171 3175; x_wconf 81' lang='lat' dir='ltr'><strong>nunqnam</strong></span> <span class='ocrx_word' id='word_1_688' title='bbox 2209 3126 2346 3160; x_wconf 84' lang='lat' dir='ltr'><strong>avare</strong></span> <span class='ocrx_word' id='word_1_689' title='bbox 2390 3113 2593 3175; x_wconf 84' lang='lat' dir='ltr'><strong>pretium</strong></span> 
     </span>
     <span class='ocr_line' id='line_1_99' title="bbox 1538 3175 2596 3225; baseline 0.001 -1"><span class='ocrx_word' id='word_1_690' title='bbox 1538 3176 1683 3224; x_wconf 84' lang='lat' dir='ltr'><strong>statui</strong></span> <span class='ocrx_word' id='word_1_691' title='bbox 1703 3176 1790 3225; x_wconf 83' lang='lat' dir='ltr'><strong>arti</strong></span> <span class='ocrx_word' id='word_1_692' title='bbox 1814 3192 1932 3225; x_wconf 77' lang='lat' dir='ltr'><strong>meae</strong></span> <span class='ocrx_word' id='word_1_693' title='bbox 1967 3177 2091 3224; x_wconf 76' lang='lat' dir='ltr'><strong>Hes.</strong></span> <span class='ocrx_word' id='word_1_694' title='bbox 2112 3176 2240 3224; x_wconf 82' lang='lat' dir='ltr'><strong>Ptol.</strong></span> <span class='ocrx_word' id='word_1_695' title='bbox 2258 3180 2326 3225; x_wconf 87' lang='grc'><strong>48</strong></span> <span class='ocrx_word' id='word_1_696' title='bbox 2356 3176 2453 3225; x_wconf 87' lang='lat' dir='ltr'><strong>He.</strong></span> <span class='ocrx_word' id='word_1_697' title='bbox 2493 3175 2596 3225; x_wconf 82' lang='lat' dir='ltr'><strong>Ait.</strong></span> 
     </span>
     <span class='ocr_line' id='line_1_100' title="bbox 1535 3240 1746 3289; baseline 0 0"><span class='ocrx_word' id='word_1_698' title='bbox 1535 3240 1666 3289; x_wconf 89' lang='lat' dir='ltr'><strong>Prol.</strong></span> <span class='ocrx_word' id='word_1_699' title='bbox 1685 3244 1746 3289; x_wconf 87' lang='grc'><strong>41</strong></span> 
     </span>
     <span class='ocr_line' id='line_1_101' title="bbox 1596 3304 2588 3369; baseline 0 -18"><span class='ocrx_word' id='word_1_700' title='bbox 1596 3304 1827 3369; x_wconf 64' lang='lat' dir='ltr'><strong>Avaritia.</strong></span> <span class='ocrx_word' id='word_1_701' title='bbox 1896 3304 2054 3365; x_wconf 89' lang='lat' dir='ltr'><strong>Vide;</strong></span> <span class='ocrx_word' id='word_1_702' title='bbox 2087 3304 2284 3353; x_wconf 80' lang='lat' dir='ltr'><strong>avaritia</strong></span> <span class='ocrx_word' id='word_1_703' title='bbox 2306 3304 2422 3369; x_wconf 90' lang='lat' dir='ltr'><strong>quid</strong></span> <span class='ocrx_word' id='word_1_704' title='bbox 2446 3304 2588 3352; x_wconf 76' lang='lat' dir='ltr'><strong>facit!</strong></span> 
     </span>
     <span class='ocr_line' id='line_1_102' title="bbox 1534 3368 2590 3433; baseline 0 -16"><span class='ocrx_word' id='word_1_705' title='bbox 1534 3368 1628 3417; x_wconf 84' lang='lat' dir='ltr'><strong>Ge..</strong></span> <span class='ocrx_word' id='word_1_706' title='bbox 1649 3370 1700 3418; x_wconf 87' lang='lat' dir='ltr'><strong>Si</strong></span> <span class='ocrx_word' id='word_1_707' title='bbox 1721 3372 1880 3417; x_wconf 87' lang='lat' dir='ltr'><strong>herum</strong></span> <span class='ocrx_word' id='word_1_708' title='bbox 1903 3368 2196 3418; x_wconf 84' lang='lat' dir='ltr'><strong>insimulabis</strong></span> <span class='ocrx_word' id='word_1_709' title='bbox 2216 3370 2447 3433; x_wconf 64' lang='lat' dir='ltr'><strong>avaritiae,</strong></span> <span class='ocrx_word' id='word_1_710' title='bbox 2465 3369 2590 3417; x_wconf 85' lang='lat' dir='ltr'><strong>male</strong></span> 
     </span>
     <span class='ocr_line' id='line_1_103' title="bbox 1533 3433 2152 3490; baseline 0.003 -9"><span class='ocrx_word' id='word_1_711' title='bbox 1533 3434 1698 3481; x_wconf 85' lang='lat' dir='ltr'><strong>audies</strong></span> <span class='ocrx_word' id='word_1_712' title='bbox 1728 3433 1818 3481; x_wconf 77' lang='lat' dir='ltr'><strong>Ph.</strong></span> <span class='ocrx_word' id='word_1_713' title='bbox 1839 3434 1893 3490; x_wconf 89' lang='lat' dir='ltr'><strong>ii,</strong></span> <span class='ocrx_word' id='word_1_714' title='bbox 1913 3438 1961 3483; x_wconf 87' lang='grc'><strong>3.</strong></span> <span class='ocrx_word' id='word_1_715' title='bbox 1987 3439 2066 3485; x_wconf 78' lang='lat' dir='ltr'><strong>lt.</strong></span> <span class='ocrx_word' id='word_1_716' title='bbox 2090 3438 2152 3483; x_wconf 87' lang='grc'><strong>12</strong></span> 
     </span>
     <span class='ocr_line' id='line_1_104' title="bbox 1596 3496 2583 3562; baseline -0.001 -17"><span class='ocrx_word' id='word_1_717' title='bbox 1596 3498 1798 3556; x_wconf 83' lang='lat' dir='ltr'><strong>Avarus,</strong></span> <span class='ocrx_word' id='word_1_718' title='bbox 1834 3514 1883 3555; x_wconf 84' lang='lat' dir='ltr'><strong>a,</strong></span> <span class='ocrx_word' id='word_1_719' title='bbox 1919 3514 2014 3544; x_wconf 91' lang='lat' dir='ltr'><strong>nm.</strong></span> <span class='ocrx_word' id='word_1_720' title='bbox 2078 3498 2384 3562; x_wconf 78' lang='lat' dir='ltr'><strong>Sycophanta</strong></span> <span class='ocrx_word' id='word_1_721' title='bbox 2411 3496 2583 3560; x_wconf 59' lang='lat' dir='ltr'><strong>impu·</strong></span> 
     </span>
     <span class='ocr_line' id='line_1_105' title="bbox 1532 3557 2586 3618; baseline 0.001 -10"><span class='ocrx_word' id='word_1_722' title='bbox 1532 3563 1668 3618; x_wconf 85' lang='lat' dir='ltr'><strong>dens,</strong></span> <span class='ocrx_word' id='word_1_723' title='bbox 1707 3577 1872 3609; x_wconf 77' lang='lat' dir='ltr'><strong>avarus</strong></span> <span class='ocrx_word' id='word_1_724' title='bbox 1906 3562 2014 3610; x_wconf 88' lang='lat' dir='ltr'><strong>leno</strong></span> <span class='ocrx_word' id='word_1_725' title='bbox 2065 3561 2186 3609; x_wconf 75' lang='lat' dir='ltr'><strong>Hea-</strong></span> <span class='ocrx_word' id='word_1_726' title='bbox 2209 3561 2338 3610; x_wconf 82' lang='lat' dir='ltr'><strong>Ptol.</strong></span> <span class='ocrx_word' id='word_1_727' title='bbox 2383 3564 2449 3609; x_wconf 80' lang='grc'><strong>39</strong></span> <span class='ocrx_word' id='word_1_728' title='bbox 2503 3557 2586 3609; x_wconf 87' lang='lat' dir='ltr'><strong>Ab</strong></span> 
     </span>
     <span class='ocr_line' id='line_1_106' title="bbox 1531 3626 2232 3682; baseline 0.001 -9"><span class='ocrx_word' id='word_1_729' title='bbox 1531 3626 1772 3674; x_wconf 86' lang='lat' dir='ltr'><strong>meretrice</strong></span> <span class='ocrx_word' id='word_1_730' title='bbox 1793 3641 1930 3674; x_wconf 82' lang='lat' dir='ltr'><strong>avara</strong></span> <span class='ocrx_word' id='word_1_731' title='bbox 1953 3626 2042 3676; x_wconf 89' lang='lat' dir='ltr'><strong>Eu.</strong></span> <span class='ocrx_word' id='word_1_732' title='bbox 2061 3643 2110 3682; x_wconf 79' lang='lat' dir='ltr'><strong>v,</strong></span> <span class='ocrx_word' id='word_1_733' title='bbox 2131 3630 2180 3675; x_wconf 91' lang='grc'><strong>4.</strong></span> <span class='ocrx_word' id='word_1_734' title='bbox 2202 3631 2232 3674; x_wconf 82' lang='grc'><strong><em>5</em></strong></span> 
     </span>
     <span class='ocr_line' id='line_1_107' title="bbox 1596 3685 2583 3753; baseline -0.003 -16"><span class='ocrx_word' id='word_1_735' title='bbox 1596 3690 1806 3753; x_wconf 80' lang='lat' dir='ltr'><strong>Auceps.</strong></span> <span class='ocrx_word' id='word_1_736' title='bbox 1876 3691 2172 3739; x_wconf 86' lang='lat' dir='ltr'><strong>Concurrunt</strong></span> <span class='ocrx_word' id='word_1_737' title='bbox 2193 3688 2290 3735; x_wconf 80' lang='lat' dir='ltr'><strong>laeti</strong></span> <span class='ocrx_word' id='word_1_738' title='bbox 2311 3685 2377 3735; x_wconf 87' lang='lat' dir='ltr'><strong>mi</strong></span> <span class='ocrx_word' id='word_1_739' title='bbox 2400 3687 2583 3735; x_wconf 84' lang='lat' dir='ltr'><strong>obviam</strong></span> 
     </span>
     <span class='ocr_line' id='line_1_108' title="bbox 1529 3753 2428 3823; baseline -0.001 -23"><span class='ocrx_word' id='word_1_740' title='bbox 1529 3754 1800 3817; x_wconf 85' lang='lat' dir='ltr'><strong>piscatores,</strong></span> <span class='ocrx_word' id='word_1_741' title='bbox 1823 3770 2028 3817; x_wconf 84' lang='lat' dir='ltr'><strong>aucupes</strong></span> <span class='ocrx_word' id='word_1_742' title='bbox 2061 3753 2151 3800; x_wconf 86' lang='lat' dir='ltr'><strong>Eu.</strong></span> <span class='ocrx_word' id='word_1_743' title='bbox 2167 3753 2222 3809; x_wconf 88' lang='lat' dir='ltr'><strong>ii,</strong></span> <span class='ocrx_word' id='word_1_744' title='bbox 2241 3758 2293 3802; x_wconf 86' lang='grc'><strong>2.</strong></span> <span class='ocrx_word' id='word_1_745' title='bbox 2316 3755 2384 3801; x_wconf 85' lang='grc'><strong>26</strong></span> <span class='ocrx_word' id='word_1_746' title='bbox 2416 3813 2428 3823; x_wconf 38' lang='grc' dir='ltr'><strong>ο</strong></span> 
     </span>
     <span class='ocr_line' id='line_1_109' title="bbox 1594 3815 2584 3877; baseline -0.006 -11"><span class='ocrx_word' id='word_1_747' title='bbox 1594 3817 1792 3868; x_wconf 81' lang='lat' dir='ltr'><strong>Auctor.</strong></span> <span class='ocrx_word' id='word_1_748' title='bbox 1856 3817 2036 3865; x_wconf 85' lang='lat' dir='ltr'><strong>Auctor</strong></span> <span class='ocrx_word' id='word_1_749' title='bbox 2071 3817 2144 3865; x_wconf 87' lang='lat' dir='ltr'><strong>his</strong></span> <span class='ocrx_word' id='word_1_750' title='bbox 2175 3818 2312 3863; x_wconf 90' lang='lat' dir='ltr'><strong>rebus</strong></span> <span class='ocrx_word' id='word_1_751' title='bbox 2348 3828 2454 3877; x_wconf 79' lang='lat' dir='ltr'><strong>quls</strong></span> <span class='ocrx_word' id='word_1_752' title='bbox 2475 3815 2584 3860; x_wconf 87' lang='lat' dir='ltr'><strong>est?</strong></span> 
     </span>
     <span class='ocr_line' id='line_1_110' title="bbox 1527 3877 2584 3943; baseline -0.007 -13"><span class='ocrx_word' id='word_1_753' title='bbox 1527 3881 1626 3931; x_wconf 83' lang='lat' dir='ltr'><strong>Ad.</strong></span> <span class='ocrx_word' id='word_1_754' title='bbox 1649 3885 1712 3940; x_wconf 83' lang='lat' dir='ltr'><strong>iv,</strong></span> <span class='ocrx_word' id='word_1_755' title='bbox 1736 3889 1784 3931; x_wconf 82' lang='lat'><strong>5.</strong></span> <span class='ocrx_word' id='word_1_756' title='bbox 1806 3886 1869 3931; x_wconf 83' lang='grc'><strong>37</strong></span> <span class='ocrx_word' id='word_1_757' title='bbox 1913 3882 1982 3929; x_wconf 87' lang='lat' dir='ltr'><strong>Te</strong></span> <span class='ocrx_word' id='word_1_758' title='bbox 2015 3888 2204 3928; x_wconf 83' lang='lat' dir='ltr'><strong>auctore</strong></span> <span class='ocrx_word' id='word_1_759' title='bbox 2237 3879 2366 3943; x_wconf 90' lang='lat' dir='ltr'><strong>quod</strong></span> <span class='ocrx_word' id='word_1_760' title='bbox 2395 3877 2584 3924; x_wconf 75' lang='lat' dir='ltr'><strong>fecisset</strong></span> 
     </span>
     <span class='ocr_line' id='line_1_111' title="bbox 1528 3940 2582 4002; baseline -0.007 -8"><span class='ocrx_word' id='word_1_761' title='bbox 1528 3944 1834 3995; x_wconf 79' lang='lat' dir='ltr'><strong>adolescens?</strong></span> <span class='ocrx_word' id='word_1_762' title='bbox 1868 3946 1958 3993; x_wconf 90' lang='lat' dir='ltr'><strong>Eu.</strong></span> <span class='ocrx_word' id='word_1_763' title='bbox 2001 3962 2048 4002; x_wconf 83' lang='lat' dir='ltr'><strong>v,</strong></span> <span class='ocrx_word' id='word_1_764' title='bbox 2086 3949 2135 3993; x_wconf 90' lang='grc'><strong>7.</strong></span> <span class='ocrx_word' id='word_1_765' title='bbox 2172 3948 2234 3993; x_wconf 89' lang='grc'><strong>12</strong></span> <span class='ocrx_word' id='word_1_766' title='bbox 2301 3942 2424 3989; x_wconf 90' lang='lat' dir='ltr'><strong>Idne</strong></span> <span class='ocrx_word' id='word_1_767' title='bbox 2469 3940 2582 3988; x_wconf 87' lang='lat' dir='ltr'><strong>estis</strong></span> 
     </span>
     <span class='ocr_line' id='line_1_112' title="bbox 1526 4004 2580 4064; baseline -0.007 -6"><span class='ocrx_word' id='word_1_768' title='bbox 1526 4020 1740 4059; x_wconf 83' lang='lat' dir='ltr'><strong>auctores</strong></span> <span class='ocrx_word' id='word_1_769' title='bbox 1759 4010 1872 4057; x_wconf 86' lang='lat' dir='ltr'><strong>mihi</strong></span> <span class='ocrx_word' id='word_1_770' title='bbox 1893 4011 1911 4057; x_wconf 87' lang='lat'>?</span> <span class='ocrx_word' id='word_1_771' title='bbox 1945 4008 2040 4057; x_wconf 88' lang='lat' dir='ltr'><strong>Ad.</strong></span> <span class='ocrx_word' id='word_1_772' title='bbox 2061 4026 2108 4064; x_wconf 88' lang='lat' dir='ltr'><strong>v,</strong></span> <span class='ocrx_word' id='word_1_773' title='bbox 2131 4013 2181 4057; x_wconf 87' lang='grc'><strong>8.</strong></span> <span class='ocrx_word' id='word_1_774' title='bbox 2205 4010 2268 4055; x_wconf 87' lang='grc'><strong>16</strong></span> <span class='ocrx_word' id='word_1_775' title='bbox 2299 4004 2460 4053; x_wconf 86' lang='lat' dir='ltr'><strong>Amici</strong></span> <span class='ocrx_word' id='word_1_776' title='bbox 2481 4020 2580 4051; x_wconf 59' lang='lat' dir='ltr'><strong>omf-</strong></span> 
     </span>
     <span class='ocr_line' id='line_1_113' title="bbox 1526 4070 2579 4125; baseline -0.003 -4"><span class='ocrx_word' id='word_1_777' title='bbox 1526 4089 1612 4122; x_wconf 86' lang='lat' dir='ltr'><strong>nes</strong></span> <span class='ocrx_word' id='word_1_778' title='bbox 1631 4092 1727 4123; x_wconf 88' lang='lat' dir='ltr'><strong>uno</strong></span> <span class='ocrx_word' id='word_1_779' title='bbox 1749 4090 1828 4123; x_wconf 91' lang='lat' dir='ltr'><strong>ore</strong></span> <span class='ocrx_word' id='word_1_780' title='bbox 1845 4082 2057 4121; x_wconf 83' lang='lat' dir='ltr'><strong>auctores</strong></span> <span class='ocrx_word' id='word_1_781' title='bbox 2088 4073 2218 4120; x_wconf 79' lang='lat' dir='ltr'><strong>fuere</strong></span> <span class='ocrx_word' id='word_1_782' title='bbox 2251 4070 2340 4120; x_wconf 89' lang='lat' dir='ltr'><strong>Ph.</strong></span> <span class='ocrx_word' id='word_1_783' title='bbox 2358 4070 2425 4125; x_wconf 83' lang='lat' dir='ltr'><strong>iv,</strong></span> <span class='ocrx_word' id='word_1_784' title='bbox 2446 4073 2490 4117; x_wconf 81' lang='grc'><strong>3.</strong></span> <span class='ocrx_word' id='word_1_785' title='bbox 2513 4073 2579 4118; x_wconf 82' lang='grc'><strong>20</strong></span> 
     </span>
     <span class='ocr_line' id='line_1_114' title="bbox 1526 4133 2576 4195; baseline -0.007 -7"><span class='ocrx_word' id='word_1_786' title='bbox 1526 4139 1662 4195; x_wconf 85' lang='lat' dir='ltr'><strong>Quos</strong></span> <span class='ocrx_word' id='word_1_787' title='bbox 1681 4141 1760 4188; x_wconf 84' lang='lat' dir='ltr'><strong>hic</strong></span> <span class='ocrx_word' id='word_1_788' title='bbox 1783 4146 1939 4187; x_wconf 86' lang='lat' dir='ltr'><strong>noster</strong></span> <span class='ocrx_word' id='word_1_789' title='bbox 1961 4144 2174 4186; x_wconf 87' lang='lat' dir='ltr'><strong>auctores</strong></span> <span class='ocrx_word' id='word_1_790' title='bbox 2194 4136 2336 4185; x_wconf 87' lang='lat' dir='ltr'><strong>habet</strong></span> <span class='ocrx_word' id='word_1_791' title='bbox 2366 4133 2430 4182; x_wconf 86' lang='lat' dir='ltr'><strong>A.</strong></span> <span class='ocrx_word' id='word_1_792' title='bbox 2450 4134 2576 4181; x_wconf 73' lang='lat' dir='ltr'><strong>Prol-</strong></span> 
     </span>
    </p>
   </div>
   <div class='ocr_carea' id='block_1_7' title="bbox 1530 4208 2578 4319">
    <p class='ocr_par' dir='ltr' id='par_1_11' title="bbox 1530 4208 2578 4319">
     <span class='ocr_line' id='line_1_115' title="bbox 1530 4208 2578 4319; baseline -0.01 -2"><span class='ocrx_word' id='word_1_793' title='bbox 1530 4208 1873 4319; x_wconf 73' lang='lat' dir='ltr'><strong>¹9Auctoritas.</strong></span> <span class='ocrx_word' id='word_1_794' title='bbox 1939 4265 2107 4315; x_wconf 73' lang='lat' dir='ltr'><strong>Facite</strong></span> <span class='ocrx_word' id='word_1_795' title='bbox 2131 4272 2184 4313; x_wconf 90' lang='lat' dir='ltr'><strong>ut</strong></span> <span class='ocrx_word' id='word_1_796' title='bbox 2204 4272 2353 4314; x_wconf 78' lang='lat' dir='ltr'><strong>vostra</strong></span> <span class='ocrx_word' id='word_1_797' title='bbox 2373 4262 2578 4313; x_wconf 82' lang='lat' dir='ltr'><strong>auctori-</strong></span> 
     </span>
    </p>
   </div>
  </div>
 </body>
</html>
