3192 4975
603 442 804 511 ccviii

587 630 598 671 ξ
625 632 632 637 ·
667 611 790 660 Nec.
853 609 912 657 Id
947 608 1113 665 voluit,
1146 626 1232 659 nos
1253 610 1322 659 sic
1344 622 1434 661 nec
1455 612 1653 677 opinan'·

602 684 674 725 tes
695 676 804 723 duci
821 675 938 723 falso
953 676 1126 737 gaudio
1149 674 1210 723 A.
1227 677 1263 730 i,
1281 682 1328 725 2.
1347 680 1378 725 9
1411 676 1515 725 Nec
1537 677 1651 739 qnid

603 757 756 803 agam,
779 749 954 787 certum
977 747 1050 787 est
1082 738 1147 787 A.
1169 740 1202 794 i,
1225 745 1274 790 3.
1289 744 1320 789 4
1375 740 1656 789 Temulenta

601 813 674 853 est
694 804 877 864 mulier,
899 811 948 851 et
973 803 1212 851 temeraria
1236 822 1247 851 :
1282 818 1374 852 nec
1405 806 1518 853 satis
1549 808 1653 869 dig-

601 885 681 930 na,
701 870 780 917 cui
815 869 877 917 A.
899 870 933 922 i,
955 872 1004 917 4.
1023 874 1051 917 3
1087 868 1200 917 Non
1223 887 1234 915 e
1274 886 1362 917 nec
1385 870 1491 933 quis
1513 878 1654 926 esset,

599 948 808 996 unquam
849 933 1085 981 audieram
1122 934 1268 981 dicier
1298 934 1390 983 Eu.
1424 934 1488 990 iv,
1510 939 1557 983 4.
1589 938 1653 984 32

599 996 876 1061 Nunquam,
893 998 991 1059 pol,
1010 996 1244 1045 hominem
1265 998 1519 1045 stultiorem
1537 999 1654 1061 vidi,

599 1078 690 1110 nec
721 1062 890 1110 videbo
923 1060 1014 1109 Eu.
1036 1078 1084 1117 v,
1105 1065 1154 1107 7.
1176 1066 1207 1109 8
1257 1062 1400 1111 Nunc
1439 1064 1655 1124 habeam,

598 1142 769 1182 necue,
805 1128 1032 1173 incertum
1067 1133 1138 1173 est
1171 1126 1293 1174 Hea.
1314 1126 1350 1183 i,
1374 1133 1418 1177 1.
1441 1132 1504 1176 43
1552 1128 1653 1177 Ne-

599 1207 694 1253 que
723 1199 778 1239 tu
813 1191 944 1239 illum
970 1189 1084 1237 satis
1112 1206 1324 1247 noveras,
1359 1206 1446 1241 nec
1486 1199 1533 1239 te
1573 1186 1654 1241 ille

599 1256 726 1305 Hea.
763 1256 799 1311 i,
820 1260 868 1305 1.
894 1259 986 1304 102
1043 1253 1148 1303 Nec
1183 1263 1232 1301 tu
1267 1271 1391 1303 aram
1425 1258 1528 1313 tibi,
1563 1272 1653 1306 nec

599 1328 889 1385 precatorem
945 1319 1137 1383 pararis.
1201 1318 1335 1367 Nihil
1379 1336 1654 1385 succenseo,

599 1402 690 1434 nec
713 1385 820 1443 tibi,
841 1400 930 1433 nec
951 1384 1059 1431 huic
1079 1401 1090 1429 ε
1124 1400 1214 1448 nec
1239 1400 1323 1431 vos
1345 1393 1418 1432 est
1449 1400 1653 1447 aequom,

599 1451 728 1512 quod
765 1450 908 1507 facio,
943 1448 1058 1496 mihi
1091 1447 1214 1497 Hea.
1239 1464 1286 1509 v,
1306 1454 1356 1499 2.
1381 1453 1463 1498 22.
1484 1454 1566 1499 23.
1587 1455 1652 1501 24

595 1514 704 1562 Nec
726 1514 863 1569 nihil,
885 1529 1038 1576 neque
1069 1514 1227 1561 omnia
1251 1514 1352 1561 haec
1386 1521 1511 1569 sunt,
1545 1530 1653 1577 quae

597 1579 718 1628 dicit
751 1579 848 1627 Ad.
870 1579 908 1636 i,
929 1582 980 1628 2.
1000 1582 1060 1627 61
1121 1576 1248 1625 Geta
1269 1578 1346 1625 hic
1365 1594 1460 1625 non
1484 1580 1651 1627 adest:

597 1660 688 1691 nec
751 1658 890 1705 quem
954 1642 1014 1689 ad
1079 1642 1374 1689 obstetricem
1441 1643 1652 1705 mittam3

598 1724 689 1755 nec
723 1708 803 1771 qui
837 1708 932 1755 Ad.
965 1705 1039 1767 iii,
1059 1711 1105 1756 1.
1127 1712 1156 1755 5
1215 1706 1325 1753 Non
1361 1722 1469 1755 enm
1504 1710 1653 1756 homi·

597 1788 706 1819 nem
747 1773 982 1827 ducerem,
1020 1786 1109 1820 nec
1144 1770 1292 1818 virum
1330 1772 1440 1818 satis
1470 1772 1651 1821 firmum

597 1836 696 1885 He.
718 1837 783 1891 iv,
811 1841 856 1885 1.
878 1840 939 1885 41
994 1835 1118 1897 Nec,
1151 1836 1250 1898 pol,
1295 1836 1396 1883 istae
1435 1845 1653 1885 metuunt

585 1900 735 1965 ,Deos
755 1917 766 1948 ε
800 1916 954 1963 neque
993 1900 1080 1947 He.
1105 1916 1151 1956 v,
1169 1904 1216 1949 2.
1235 1904 1268 1949 6
1302 1900 1372 1948 Ut
1390 1916 1545 1965 neque
1564 1904 1652 1949 mi-

597 1966 649 2013 hi
668 1964 771 2028 ejus
793 1966 853 2012 sit
875 1964 1139 2025 amittendi,
1157 1980 1246 2013 nec
1267 1964 1499 2013 retinendi
1513 1966 1651 2031 copia

594 2029 689 2079 Ph.
714 2031 747 2085 i,
769 2034 818 2078 3.
843 2034 906 2079 24
941 2030 1110 2091 passim
1135 2028 1247 2076 alibi
1606 2054 1611 2059 ·

663 2094 957 2142 Necessario,
1013 2094 1237 2143 Necesse.
1280 2093 1424 2141 ·Tum
1478 2097 1652 2155 coacti,

598 2159 860 2207 necessario
884 2175 934 2206 se
953 2160 1169 2221 aperiunt
1187 2158 1248 2207 A.
1275 2158 1341 2215 iv,
1368 2164 1412 2207 1.
1437 2163 1466 2207 8
1502 2161 1652 2217 Quasi

599 2239 790 2272 necesse
815 2225 894 2279 sit,
929 2224 969 2270 si
991 2224 1099 2271 huic
1123 2239 1218 2269 non
1242 2223 1325 2270 dat
1358 2224 1417 2269 A.
1440 2224 1494 2279 ii,
1515 2230 1566 2275 2.
1587 2230 1648 2275 35

597 2288 692 2335 Sed
715 2302 904 2335 necesse
936 2295 1024 2345 est,
1045 2286 1154 2333 huic
1189 2294 1242 2333 ut
1281 2288 1526 2335 subveniat
1557 2290 1650 2338 Eu.

598 2368 652 2411 v,-
671 2357 720 2399 5.
742 2356 805 2401 27
861 2350 969 2398 Nisi
1003 2352 1114 2413 quia
1134 2366 1325 2397 necesse
1357 2351 1450 2397 fuit
1470 2353 1558 2400 hoc
1581 2354 1653 2400 fa-

598 2430 704 2463 cere
738 2414 829 2460 Eu.
854 2431 898 2474 v,
919 2420 966 2463 6.
989 2420 1053 2461 28
1107 2414 1316 2461 Necesse
1350 2424 1422 2461 est
1455 2416 1652 2463 multum

600 2478 816 2542 accipere
835 2477 1061 2525 Thaidem
1085 2476 1178 2524 Eu.
1201 2494 1250 2539 ν,
1272 2482 1323 2530 9.
1345 2482 1407 2528 45
1441 2478 1655 2529 Necesse

599 2551 690 2605 est,
712 2542 944 2606 Clitipho,
964 2542 1162 2592 consilia
1183 2543 1410 2605 consequi
1431 2545 1653 2592 consimi-

597 2608 661 2654 lia
694 2607 824 2656 Hea.
842 2609 874 2662 i.
896 2611 944 2656 2.
967 2613 1028 2656 35
1086 2607 1144 2654 In
1167 2623 1272 2654 eum
1301 2606 1400 2670 jam
1424 2625 1495 2656 res
1519 2608 1658 2656 rediit

599 2673 776 2729 locum,
819 2680 873 2720 ut
915 2672 978 2720 sit
1014 2687 1206 2720 necesse
1257 2672 1377 2720 Hea.
1410 2672 1461 2728 ii,
1483 2677 1533 2722 3.
1559 2679 1656 2732 119

511 2742 517 2750 “
597 2737 716 2786 Non
736 2753 930 2786 necesse
951 2738 1103 2784 habeo
1126 2736 1286 2800 omnia
1306 2752 1390 2800 pro
1423 2753 1530 2785 meo
1547 2737 1655 2801 jure

600 2817 739 2865 agere
771 2801 867 2850 Ad.
883 2802 920 2863 i,
944 2806 990 2850 1.
1009 2806 1074 2851 26
1103 2802 1334 2864 Magnum
1357 2802 1516 2849 nescio
1571 2803 1656 2851 uid

600 2882 792 2914 necesse
815 2874 888 2916 est
919 2865 1131 2914 evenisse
1165 2865 1258 2914 He.
1279 2865 1350 2922 iii,
1375 2871 1420 2916 1.
1445 2871 1510 2918 24
1593 2884 1655 2916 on

601 2931 695 2979 fuit
715 2947 907 2980 necesse
928 2932 1099 2978 habere
1131 2929 1221 2978 Ph.
1245 2930 1296 2986 ii,
1321 2934 1369 2978 1.
1393 2935 1460 2979 66

664 2995 954 3058 Necessitas.
1020 2994 1420 3056 Quandoquidem
1455 2995 1582 3044 illam
1628 3013 1658 3045 a

598 3076 676 3108 me
697 3059 912 3109 distrahit
931 3061 1180 3108 necessitas
1212 3059 1306 3108 He.
1330 3058 1404 3121 iii,
1423 3066 1556 3111 5.·42

664 3121 878 3173 Nedum.
911 3124 1127 3198 Satrapes
1149 3124 1190 3172 si
1211 3124 1301 3172 siet
1317 3132 1510 3182 amator,
1533 3143 1655 3174 nun-

601 3205 744 3254 quam
789 3189 979 3236 sufferre
1015 3204 1120 3250 ejus
1159 3195 1336 3236 sumtus
1377 3200 1535 3252 queat,
1571 3207 1655 3240 ne-

601 3255 714 3302 dum
739 3261 789 3300 tu
812 3254 962 3316 possis
996 3252 1120 3300 Hea.
1141 3252 1209 3310 iii,
1231 3256 1278 3301 l.
1297 3257 1360 3301 45
1445 3279 1452 3286 ·

665 3317 941 3380 Neglectus.
1008 3318 1308 3380 Quapropter
1329 3319 1429 3364 haec
1451 3316 1522 3366 re's
1537 3335 1654 3368 neu-

600 3379 782 3443 tiquam
821 3381 1060 3444 neglectui
1101 3389 1174 3430 est
1215 3381 1329 3428 mihi
1375 3381 1499 3434 Hea.
1529 3384 1583 3448 ii,
1606 3389 1654 3435 3.

663 3507 944 3574 Negligens.
996 3510 1318 3574 Negligenter.
1385 3511 1494 3560 Sed·
1525 3513 1564 3560 si
1608 3521 1657 3562 te

601 3591 738 3638 aequo
761 3575 918 3623 animo
959 3575 1077 3624 ferre
1098 3577 1320 3639 accipiet,
1341 3577 1655 3640 negligentem

600 3640 766 3688 feceris
803 3639 869 3687 A.
893 3640 946 3696 ii,
971 3645 1016 3690 3.
1039 3645 1101 3690 23
1137 3640 1248 3689 Ah!
1283 3647 1526 3692 tantamne
1559 3659 1657 3690 rem

601 3711 698 3752 tam
719 3705 1018 3768 negligenter
1051 3707 1216 3768 agere?
1251 3704 1313 3754 A.
1335 3705 1367 3763 i,
1393 3711 1442 3756 5.
1467 3711 1528 3756 18
1563 3707 1656 3756 Ca·

600 3769 744 3843 pillus
766 3786 947 3832 passus,
981 3771 1205 3834 prolixus,
1226 3770 1400 3818 circum
1421 3779 1566 3834 caput
1586 3788 1657 3821 re-

593 3841 758 3897 Jectus
781 3834 1072 3898 negligenter
1104 3835 1228 3882 Hea.
1253 3835 1304 3890 ii,
1328 3839 1376 3882 3.
1398 3839 1461 3883 50

665 3897 989 3962 Negligentia.
1056 3900 1268 3955 Quorum
1290 3898 1496 3946 aemulari
1513 3914 1657 3962 exop-

599 3969 673 4010 tat
713 3964 1046 4027 negligentiam
1085 3965 1260 4026 potius,
1291 3978 1430 4024 quam
1461 3963 1657 4012 istorum

601 4029 847 4077 obscuram
871 4029 1162 4092 diligentiam
1194 4027 1260 4076 A.
1281 4027 1412 4074 Prol.
1435 4031 1499 4075 20
1542 4027 1656 4076 Non

600 4093 822 4140 manebat
855 4100 968 4142 aetas
1003 4092 1196 4156 virginis
1229 4107 1380 4139 meam
1413 4090 1655 4155 negligen-

605 4156 718 4202 tiam
749 4155 841 4203 Ph.
866 4157 930 4214 iv,
953 4162 999 4207 1.
1025 4165 1054 4206 5
1089 4157 1262 4220 Inopia
1283 4163 1332 4203 et
1353 4162 1655 4218 cognatorum

605 4219 893 4282 negligentia
915 4231 1080 4269 coacta
1109 4221 1172 4270 A.
1189 4223 1222 4277 i,
1247 4225 1294 4270 1.
1317 4224 1382 4272 44
1415 4219 1514 4277 Qui
1536 4238 1657 4286 prae-

605 4283 767 4329 teritus
789 4285 1076 4348 negligentia
1093 4295 1166 4334 est
1195 4285 1292 4334 Ad.
1317 4285 1444 4334 Ptol.
1463 4289 1520 4334 14
1554 4285 1657 4334 Ne-

605 4362 698 4411 que
720 4348 1006 4410 negligentia
1030 4357 1128 4410 tua,
1152 4367 1306 4414 neque
1330 4349 1438 4398 odio
1470 4349 1518 4398 id
1545 4351 1658 4400 fecit

1575 460 1817 511 INDEX

1728 620 1810 661 tuo
1844 612 1937 661 Ph.
1956 630 2003 669 v,
2026 616 2155 662 &27
2250 616 2255 622 '
2324 616 2331 621 ’
2391 634 2397 641 ·
2478 622 2485 633 “

1791 676 2015 741 Negligo.
2081 678 2236 733 Quem
2268 678 2372 740 ipse
2406 678 2614 741 neglexit
2634 685 2783 742 pater,

1726 758 1816 805 ego
1850 744 1970 789 alam
1994 743 2012 789 ?
2046 742 2143 790 He..
2164 743 2231 798 ὶύ,
2253 747 2301 790 4.
2318 747 2381 791 118
2404 761 2411 769 ·
2436 742 2692 791 Pec‘uniam
2728 744 2781 789 iu

1724 806 1832 856 loco
1871 806 2124 869 negligere,
2164 806 2410 853 maximum
2443 807 2674 855 interdum
2710 816 2783 854 est.

1726 872 1905 921 lucrum
1940 871 2035 920 Ad.
2060 872 2115 927 ii,
2136 876 2184 919 2.
2207 876 2239 919 8
2294 870 2541 925 Narrabat,
2572 875 2625 919 'se
2654 874 2781 919 hunc

1726 935 1963 997 negligere
1998 944 2251 999 cognatum
2282 951 2417 981 suum
2450 936 2539 982 Ph.
2562 935 2617 992 ii,
2640 941 2690 985 3.
2718 941 2783 985 19

1726 998 1851 1047 Amo
1878 1008 1941 1055 te,
1980 1008 2031 1048 et
2062 1013 2157 1047 non
2180 1001 2458 1061 neglexisse,
2489 1001 2645 1047 habeo·
2674 1016 2778 1062 gra-

1725 1064 1840 1111 tiam
1874 1064 1963 1111 Ph.
1986 1064 2024 1124 i,
2047 1070 2097 1113 2.
2117 1070 2148 1113 4
2184 1063 2455 1127 Negligitur
2476 1065 2583 1127 ipsa·
2610 1065 2701 1111 Ph.
2720 1065 2780 1123 ii,

1725 1133 1773 1177 3.
1799 1132 1856 1177 11
1916 1128 2039 1177 Cum
2060 1128 2162 1191 ejus
2189 1137 2285 1175 tam
2304 1129 2621 1191 'negliguntur
2638 1128 2780 1176 inter-

1726 1192 1880 1239 nuntii
1915 1192 2038 1242 Hea.
2052 1193 2116 1249 ii,
2134 1198 2183 1242 3.
2203 1198 2267 1243 58
2322 1187 2520 1255 Propter
2540 1205 2671 1240 suam
2694 1194 2782 1239 im-

1708 1257 1987 1320 potentiam
2028 1273 2077 1305 se
2122 1273 2304 1320 semper
2354 1259 2553 1305 credunt
2604 1256 2781 1321 negligi

1725 1320 1912 1377 Ad.·iv‚
1936 1326 1983 1370 3.
2009 1326 2071 1371 16
2124 1322 2303 1369 Pannis
2333 1322 2505 1377 obsita,
2540 1322 2779 1385 neglecta,

1724 1384 1968 1433 immunda
1990 1386 2149 1433 illuvie
2183 1386 2305 1433 Hea.
2326 1385 2379 1441 ii,
2402 1390 2449 1433 3.
2470 1390 2536 1435 54

1790 1449 1948 1513 Nego.
2014 1450 2173 1513 Negat
2194 1450 2335 1513 quis?
2368 1466 2509 1513 nego.
2546 1449 2641 1497 Eu.
2662 1449 2717 1504 ii,
2734 1455 2787 1499 2.

1725 1518 1787 1563 21
1824 1514 2018 1563 Factum
2048 1524 2135 1569 est,
2170 1522 2275 1561 non'
2298 1530 2420 1577 nego
2456 1514 2552 1563 Ad.
2578 1530 2625 1567 v,
2650 1518 2696 1562 3.
2716 1518 2781 1564 12

1724 1576 1829 1642 Ego
1852 1595 1925 1627 me
1944 1577 2182 1644 (novisse)
2204 1594 2327 1641 nego
2352 1596 2363 1625 ι
2396 1585 2467 1633 tu,
2492 1578 2578 1641 qui
2599 1578 2668 1625 ais
2689 1578 2781 1635 Ph.

1723 1642 1780 1698 ii.
1802 1648 1854 1693 3.
1878 1648 1943 1693 36
1995 1642 2125 1691 Num
2147 1658 2237 1706 ego
2258 1643 2379 1691 istuc
2400 1659 2523 1706 nego
2544 1644 2560 1690 ?
2598 1643 2689 1692 Ph.
2711 1642 2783 1698 iii,

1724 1712 1775 1757 2.
1796 1712 1861 1757 39
1910 1708 2013 1772 Ego
2051 1724 2153 1757 esse
2176 1708 2224 1755 in
2246 1709 2333 1755 hac
2356 1724 2404 1755 re
2424 1708 2625 1769 eulpam
2646 1708 2782 1754 meri-

1724 1779 1819 1819 tam
1842 1788 1941 1820 non
1961 1789 2084 1836 nego
2118 1773 2209 1821 Ph.
2227 1787 2277 1833 v,
2300 1776 2347 1821 8.
2368 1776 2433 1821 25
2484 1772 2611 1820 Hinc
2632 1772 2781 1819 civem

1724 1851 1825 1883 esse
1838 1837 1939 1884 ais?
1976 1838 2055 1887 Cr.
2075 1837 2146 1884 Tu
2172 1837 2347 1897 negas?
2382 1836 2445 1884 A.
2468 1853 2517 1892 v,
2537 1840 2587 1885 4.
2611 1842 2643 1885 6
2675 1835 2775 1885 Ne-

1724 1916 1805 1963 gas
1826 1902 1843 1947 ?
1878 1902 1968 1949 Ph.
1991 1919 2038 1956 v,
2062 1907 2109 1951 1.
2136 1906 2194 1950 13
2230 1900 2371 1963 Rogo
2394 1918 2407 1949 z
2443 1908 2584 1964 negat
2604 1900 2775 1949 vidisse

1723 1963 1786 2012 A.
1808 1966 1861 2021 ii,
1883 1970 1931 2014 2.
1956 1970 2017 2015 21
2072 1965 2165 2013 Eas
2178 1976 2237 2013 ‘se
2271 1974 2373 2012 non'
2391 1974 2535 2029 negat
2554 1970 2776 2029 personas

1724 2029 2015 2077 transtulisse
2051 2028 2102 2077 in
2125 2029 2406 2077 Eunuchum
2444 2030 2535 2080 Eu.
2564 2030 2691 2077 Ptol.
2711 2034 2777 2078 31

1723 2093 1883 2157 Negat
1903 2095 2045 2158 quis?
2080 2107 2202 2157 nego
2238 2094 2326 2143 Eu.
2349 2095 2405 2150 ii,
2427 2098 2474 2143 2.
2500 2098 2563 2143 21
2622 2092 2781 2155 Roga.

1724 2158 1817 2222 Py.
1852 2159 2089 2207 Venistin'
2111 2159 2253 2207 hodie
2277 2160 2336 2207 ad
2361 2160 2484 2207 nos?
2518 2164 2662 2221 negat
2692 2158 2783 2205 Eu.

1724 2224 1791 2281 iv,
1812 2228 1861 2272 4.
1880 2228 1942 2272 25
1978 2224 2131 2272 Modo
2157 2222 2240 2279 ait,
2265 2225 2407 2271 modo
2424 2231 2567 2286 negat
2598 2222 2691 2271 Eu.
2714 2224 2779 2279 iv,

1726 2292 1776 2337 4.
1802 2292 1866 2337 47
1924 2286 2119 2335 Factum
2159 2287 2236 2335 hic
2274 2304 2375 2336 esse
2412 2288 2463 2335 id
2500 2304 2593 2335 non
2636 2300 2782 2349 negat

1727 2350 1851 2399 Hea.
1875 2352 2089 2402 Prome
2142 2351 2191 2399 Is
2224 2352 2373 2399 filium
2408 2361 2549 2414 negat
2568 2367 2667 2399 esse
2691 2350 2783 2399 ruri

1726 2414 1827 2464 Ad.
1852 2416 1915 2477 iv,
1936 2421 1985 2464 2.
2013 2420 2041 2465 3
2099 2416 2189 2463 Illa
2227 2418 2351 2464 enim
2389 2432 2439 2464 se
2476 2424 2633 2479 negat.
2699 2418 2781 2463 Sin

1728 2478 1879 2535 aliter,
1924 2489 2066 2543 negat
2100 2482 2209 2529 Ph.
2244 2481 2278 2537 i,
2310 2486 2359 2534 2.
2390 2486 2470 2530 63.
2502 2486 2566 2531 66
2618 2480 2781 2544 Negat

1728 2545 1963 2592 Phanium
1986 2561 2087 2594 esse
2108 2547 2231 2593 hanc
2250 2547 2339 2594 sibi
2354 2553 2598 2610 cognatam
2614 2545 2782 2594 Demi·

1731 2611 1861 2670 pho?
1898 2611 2037 2657 Hanc
2071 2610 2315 2673 Demipho
2338 2611 2507 2674 negat?
2546 2609 2645 2658 Ge.
2678 2610 2780 2658 Ne*

1730 2682 1827 2736 gat.
1866 2674 1958 2724 Ph.
1999 2674 2171 2738 Neque
2206 2675 2311 2738 ejus
2344 2684 2524 2738 patrem
2560 2691 2609 2724 se
2645 2675 2780 2736 scire,

1728 2740 1813 2800 qui
1846 2740 2023 2788 fuerit?
2073 2739 2165 2788 Ge.
2198 2739 2373 2802 Negat.
2410 2742 2500 2788 Ph.
2534 2739 2646 2788 Nec'
2672 2741 2781 2790 Stil-

1728 2803 1935 2866 phonem
1970 2805 2123 2867 ipsum
2161 2804 2295 2860 scire,
2340 2806 2421 2867 qui
2460 2804 2617 2853 fuerit.
2687 2804 2781 2852 Ge.

1730 2867 1891 2943 Negat
1924 2867 2014 2918 Ph.
2044 2869 2096 2926 ii,
2121 2873 2167 2918 3.
2190 2875 2239 2918 5.
2260 2873 2309 2918 6.
2331 2874 2436 2924 7.,9
2503 2869 2559 2917 Id
2600 2884 2777 2916 rursum
2828 2927 2837 2934 .

1730 2933 2781 3060 {11¹:353&33333333‘2¹23÷;¹.³3¹·E¹2;.².·‚²'1‘3

1730 3065 1765 3109 6
1818 3063 2013 3126 Negant
2042 3062 2215 3110 redisse
2248 3065 2339 3111 Ph.
2366 3065 2416 3124 ii,
2434 3068 2483 3112 4.
2510 3067 2571 3111 19
2622 3062 2782 3126 Nega-

1732 3124 1813 3173 bas
1856 3137 2049 3189 nuptam
2090 3139 2227 3190 posse
2264 3126 2408 3174 filiam
2442 3134 2569 3174 tuam
2603 3136 2649 3174 te
2683 3127 2783 3190 pa'ti

1730 3206 1837 3238 cum
1859 3207 1917 3240 eo
1952 3191 2045 3240 He.
2067 3191 2133 3246 iv,
2156 3195 2202 3239 1.
2224 3195 2287 3240 23
2344 3191 2521 3238 Omnes
2542 3192 2784 3254 negabant

1732 3254 1827 3302 He.
1850 3271 1894 3310 v,
1917 3260 1965 3305 3.
1987 3259 2017 3304 7
2071 3255 2323 3316 Negabon’
2356 3255 2477 3304 velle
2510 3271 2603 3309 me,
2636 3258 2781 3304 modo

1720 3320 1813 3380 .qui
1850 3334 1951 3366 sum
1973 3319 2229 3382 pollicitus,
2262 3321 2433 3368 ducere
2452 3321 2471 3370 ?
2503 3318 2564 3367 A.
2588 3319 2661 3376 iii,
2680 3325 2728 3368 5.
2748 3326 2783 3370 6

1729 3383 1837 3431 Jam
1873 3385 1963 3432 hoo
1997 3399 2187 3448 quoque
2219 3385 2412 3448 negabis
2444 3385 2531 3432 tibi
2564 3384 2783 3448 placere?

1728 3447 1854 3496 Hea.
1877 3448 1931 3504 ii,
1956 3453 2003 3498 3.
2027 3454 2122 3498 109
2176 3449 2419 3499 Postremo
2457 3466 2553 3497 non
2588 3449 2786 3511 negabit

1730 3511 1828 3562 Ad.
1862 3513 1932 3568 iii,
1965 3517 2015 3562 4.
2046 3518 2110 3562 38
2165 3513 2244 3562 Ne
2282 3531 2405 3578 nega
2436 3513 2501 3562 A.
2535 3513 2587 3574 ii,
2616 3517 2783 3564 3..1o.

1732 3577 1856 3628 Hea.
1879 3579 1948 3634 iii,
1972 3583 2018 3626 3.
2038 3583 2087 3626 3.
2140 3578 2230 3627 Ph.
2256 3595 2303 3640 v,
2323 3583 2371 3627 3.
2394 3583 2457 3626 20
2499 3576 2663 3624 Heus!
2698 3593 2781 3626 ne·

1731 3650 1841 3705 gato
1881 3658 2055 3690 rursum
2105 3641 2195 3692 Eu.
2221 3641 2285 3697 iv,
2308 3647 2356 3691 4.
2376 3646 2440 3691 45
2514 3641 2610 3690 Hic
2653 3655 2781 3690 nunc

1731 3722 1828 3754 non
1872 3706 2075 3764 dubitat,
2112 3705 2226 3768 quin
2268 3713 2315 3754 te
2352 3707 2602 3756 ducturum
2636 3719 2779 3770 neges

1731 3769 1794 3818 A.
1819 3770 1869 3827 ii,
1890 3775 1939 3820 4.
1961 3775 1991 3819 2
2024 3770 2083 3817 Id
2102 3771 2339 3834 equidem,
2361 3772 2402 3819 si
2423 3781 2473 3820 tu
2496 3787 2658 3836 neges,
2682 3787 2779 3819 cer-

1732 3843 1781 3882 to
1803 3835 1899 3883 scio
1932 3835 2055 3884 Hea.
2076 3833 2140 3890 iv,
2169 3839 2212 3884 1.
2240 3841 2299 3885 19
2350 3836 2418 3884 Ut
2449 3837 2534 3902 qui
2566 3854 2615 3884 se
2636 3835 2777 3884 filiam

1730 3908 1873 3963 neget
1906 3900 2118 3946 daturum
2155 3899 2215 3947 A.
2240 3901 2277 3957 i.
2301 3906 2347 3950 1.
2373 3907 2468 3952 122
2526 3903 2619 3950 Sed
2649 3900 2690 3947 si
2726 3909 2776 3948 tu

1730 3965 1913 4026 negaris
1935 3966 2107 4014 ducere
2141 3963 2209 4014 A.
2232 3966 2283 4020 ii,
2308 3971 2355 4014 3.
2376 3972 2405 4015 5
2440 3966 2544 4030 Ego
2568 3966 2682 4013 illud
2706 3981 2781 4012 se·

1733 4030 1846 4077 dulo
1878 4045 2047 4094 negare
2085 4029 2293 4078 factum:
2328 4031 2407 4078 ille
2441 4031 2585 4078 instat
2604 4031 2779 4078 sactum

1731 4093 1795 4142 A.
1819 4095 1853 4151 i,
1880 4099 1925 4143 1.
1949 4099 2043 4144 120
2091 4094 2182 4142 Ille
2212 4095 2379 4143 irasciz
2422 4110 2576 4156 neque
2608 4109 2781 4156 negare

1731 4160 1902 4206 audere
1934 4159 2027 4209 Eu.
2047 4159 2113 4216 iv,
2139 4165 2184 4210 1.
2208 4165 2237 4207 5
2285 4160 2370 4207 Ille
2391 4159 2540 4222 primo
2562 4175 2612 4205 se
2634 4173 2781 4219 nega-

1731 4240 1781 4271 re
1802 4241 1815 4270 z
1840 4225 1921 4273 sed
1934 4233 2181 4288 postquam
2200 4223 2347 4272 acrius
2369 4230 2503 4286 pater
2521 4222 2665 4270 instat
2684 4222 2779 4272 He.

1732 4288 1745 4335 i
1788 4293 1837 4338 2.
1864 4293 1927 4337 45
2498 4298 2504 4303 “

1750 4323 1777 4412 ³·
1794 4353 2069 4416 Negotium.
2126 4353 2193 4406 ,Id
2234 4352 2321 4402 sibi
2363 4351 2523 4417 negoti
2578 4352 2779 4402 credidit
