3192 4975
375 3081 385 3084 -
469 3047 556 3092 59·

1267 445 1347 493 IN
1395 442 1876 493 TERENTIUM.

473 594 638 645 omnia·
650 594 878 643 facturum
911 592 1043 647 Aci,
1073 597 1116 642 1.
1139 596 1232 641 18⁶
1275 590 1524 643 Facturum

473 676 582 725 que
605 660 748 712 voles,
769 660 866 707 scio
887 673 990 705 esse
1026 658 1184 705 oninia
1237 658 1302 706 A.
1319 676 1366 712 V,
1389 666 1438 709 6.
1463 664 1526 709 12

473 726 667 773 ‘Deinde
688 724 914 771 facturum
935 730 1148 770 autumat
1181 722 1300 770 Hes.
1323 724 1448 773 Ptol.
1465 730 1528 774 19

473 790 662 839 Scilicet
683 788 908 835 facturum
933 802 1006 835 me
1027 802 1150 845 esse,
1173 796 1226 835 ut
1243 788 1305 835 sit
1339 803 1529 837 neeesse

369 850 374 853 ’
475 853 598 902 Hes.
619 853 672 907 ii,
695 856 741 901 3.
767 856 862 901 118
893 850 962 899 Αι
983 852 1096 897 mihi
1117 852 1234 899 fides
1253 853 1379 913 apud
1405 854 1528 902 bunc

473 926 562 978 est,
583 917 702 963 nihil
723 932 796 964 me
817 917 952 963 istius
969 915 1218 973 facturum,
1239 924 1374 980 pater
1404 917 1528 967 Heu.

468 982 544 1038 iii,
566 987 613 1032 8.
636 987 700 1031 10
747 980 878 1037 Quid
899 981 1030 1028 illurn
1050 996 1188 1044 porro
1207 981 1358 1029 eredis
1379 982 1532 1030 factu-

471 1062 590 1103 rum,
633 1045 867 1094 Chreme?
915 1045 1038 1094 Hes.
1074 1044 1142 1101 iii,
1167 1050 1214 1093 3.
1237 1050 1300 1095 8⁰
1343 1046 1530 1095 Dicam.

471 1112 586 1174 quid
609 1109 822 1157 deinde?
845 1107 936 1159 ch.
961 1110 1048 1157 Me
1065 1110 1293 1158 facturum
1309 1126 1410 1159 esse
1429 1126 1530 1160 om-

471 1176 550 1221 nia
585 1174 707 1223 Hes.
741 1174 809 1228 iv,
831 1179 878 1222 8.
901 1178 964 1223 24
1016 1173 1262 1222 Facturum
1285 1178 1445 1232 credo,
1478 1186 1530 1225 ur

471 1240 647 1287 habeas
667 1238 860 1301 quicum
880 1240 1077 1287 cantites
1107 1238 1203 1287 Ad.
1225 1240 1291 1299 iv,
1313 1244 1358 1289 7.
1383 1246 1448 1290 82
1477 1242 1529 1289 Si

471 1303 534 1351 id'
546 1303 682 1358 facis,
701 1304 938 1351 facturave
953 1319 1022 1364 es,
1041 1304 1187 1351 bonus
1205 1306 1332 1367 quod
1365 1305 1459 1354 He.
1483 1322 1529 1363 v,

475 1372 524 1417 1.
550 1372 612 1417 12
651 1367 806 1416 Credo
826 1382 840 1414 τ
875 1375 926 1415 ει
945 1368 996 1414 id
1015 1368 1236 1423 fecturus,
1257 1368 1420 1418 Davus
1441 1372 1530 1419 du-

471 1433 584 1480 dum
607 1432 823 1494 praedixit
841 1430 956 1479 mihi
988 1430 1053 1480 A.
1076 1449 1124 1488 V,
1143 1437 1266 1483 1.21

523 1496 641 1545 fio.
697 1495 934 1550 Forte,ita
949 1504 1000 1543 ut
1016 1496 1070 1543 fit
1101 1497 1166 1544 A.
1187 1498 1224 1552 i,
1245 1502 1368 1548 1.5³
1403 1498 1531 1547 Mihi

471 1576 578 1609 non-
590 1561 645 1607 fit
667 1560 912 1608 verisimile
937 1559 1022 1608 'A.
1055 1561 1092 1616 i,
1115 1566 1161 1609 3.
1186 1566 1252 1611 26
1305 1562 1450 1619 Quod
1491 1565 1529 1611 si

472 1625 543 1681 fit,
567 1632 706 1688 pereo
725 1624 1033 1673 funditus·A.
1057 1624 1090 1682 i,
1113 1632 1160 1674 5.
1181 1631 1214 1675 9
1263 1626 1408 1676 Nunc
1441 1629 1529 1675 hn-

466 1689 548 1752 jus
591 1690 798 1752 periculo
839 1690 896 1737 fit
942 1690 1004 1737 A.
1023 1690 1099 1749 iii,
1125 1696 1171 1738 1.
1194 1694 1260 1740 22
1310 1692 1418 1740 Hoc
1439 1693 1529 1741 nisi

471 1755 543 1809 fit,
582 1755 698 1801 nihil
729 1761 973 1802 moventur
1001 1755 1180 1817 nuptia
1212 1754 1277 1804 A.
1297 1756 1368 1813 iii,
1390 1761 1439 1805 2.
1464 1762 1528 1807 86

473 1819 754 1882 Opportune
777 1819 854 1867 bic
873 1819 930 1865 fit
948 1820 1061 1865 mihi
1085 1819 1268 1867 obviam
1289 1819 1366 1870 Ἀ.
1388 1822 1459 1878 iii,
1479 1826 1528 1871 4.

472 1888 534 1933 11
585 1884 757 1938 Credo,
790 1891 844 1930 ut
871 1884 943 1942 fit,
969 1884 1134 1932 misera
1155 1900 1251 1947 pm
1273 1900 1428 1933 amore
1449 1900 1528 1933 ex·

471 1948 610 1995 clusti
630 1949 756 1996 hunc
777 1948 901 1995 foras
943 1949 1033 1996 Eu.
1069 1950 1106 2003 i,
1127 1953 1176 1997 2.
1201 1953 1262 1998 18
1308 1949 1374 2009 Is,
1417 1952 1528 1998 dum

472 2026 642 2076 sequor
672 2014 812 2067 hanc,
845 2012 896 2059 fit
927 2013 1040 2060 mihi
1073 2014 1258 2060 obviam
1293 2014 1383 2061 Eu.
1405 2015 1456 2072 ii,
1481 2020 1529 2065 3.

469 2081 538 2125 86
585 2078 694 2126 Jam
725 2078 904 2124 dudum
936 2076 1006 2124 illi
1039 2077 1176 2125 facile
1199 2077 1269 2133 fit,
1291 2080 1419 2141 quod
1443 2080 1530 2126 do-

469 2141 567 2189 leat
598 2141 690 2189 Eu.
711 2142 778 2196 iii,
798 2147 841 2189 1.
859 2145 922 2189 58
955 2141 1277 2202 Perstrepunt,
1299 2144 1366 2189 ita
1387 2152 1442 2190 ut
1465 2144 1533 2201 fit,

469 2206 656 2253 domini
675 2207 759 2253 ubi
781 2206 951 2253 ebsunt
988 2205 1079 2253 Eu.
1104 2206 1176 2262 iii,
1196 2212 1243 2255 5.
1265 2212 1330 2257 52
1381 2207 1458 2255 lta
1477 2216 1534 2256 ut

471 2270 542 2327 fit,
562 2271 646 2318 ubi
668 2271 784 2335 quid
809 2269 859 2317 in
881 2270 1039 2318 animo
1058 2280 1132 2318 est
1163 2270 1390 2319 molestiae
1435 2272 1527 2319 Eu.

467 2334 536 2392 iv,
559 2339 611 2383 2.
627 2339 660 2384 2
693 2334 840 2383 Nulla
861 2336 981 2382 adeo
997 2350 1052 2383 ex
1071 2351 1120 2383 re
1135 2336 1255 2383 istuc
1273 2336 1344 2390 fit,
1363 2336 1452 2383 nisi
1471 2354 1528 2384 ex

469 2399 622 2447 nimio
643 2400 742 2448 otio
773 2399 895 2447 Heu.
915 2401 954 2459 i,
976 2405 1021 2448 1.
1044 2404 1106 2449 57
1141 2399 1342 2463 Hocque
1361 2400 1429 2455 fit,
1447 2402 1528 2447 ubi

470 2478 568 2512 non
591 2480 698 2512 vere
718 2464 887 2511 vivitur
919 2463 1041 2512 Hea.
1059 2464 1096 2516 i,
1122 2469 1168 2513 1.
1191 2468 1287 2514 162
1341 2463 1454 2512 Non
1476 2466 1530 2512 fit

469 2529 656 2642 2¹31?
649 2529 847 2642 {322¹ss
843 2528 1006 2641 Ἓξ
1027 2535 1328 2655 Ἐξῗὲἓζ*
1345 2545 1529 2642 iffi}

473 2657 595 2706 Heu.
615 2658 674 2717 ii,
692 2663 740 2706 8.
758 2661 824 2706 90
856 2657 982 2712 Scio,
1003 2657 1091 2703 tibi
1112 2671 1214 2704 esse
1235 2658 1324 2704 hoc
1347 2658 1530 2720 gravius

471 2723 638 2778 multo,
661 2736 716 2769 ac
738 2721 918 2775 durius,
939 2721 1016 2768 cui
1037 2721 1091 2767 fit
1121 2720 1243 2767 Hea.
1266 2737 1316 2778 v,
1332 2726 1381 2770 2.
1403 2727 1432 2771 5
1469 2722 1526 2770 Id

471 2802 566 2835 non
589 2787 646 2834 fit
675 2786 797 2833 Heu.
818 2801 866 2841 V,
889 2790 938 2834 2.
957 2788 1023 2833 40
1056 2784 1154 2842 Qui
1167 2785 1414 2848 imperium
1431 2801 1530 2833 cre-

467 2851 554 2899 dat
575 2851 758 2915 gravius
779 2862 900 2903 εεεε,
922 2848 967 2895 Vi
990 2851 1118 2911 quod
1140 2849 1211 2902 fit,
1272 2863 1379 2895 uam
1428 2848 1527 2899 Ad.

469 2916 506 2968 i.
531 2920 578 2964 1.
599 2919 664 2963 42
695 2913 824 2969 Quid
847 2913 920 2966 fit,
943 2911 1206 2974 Ctesipho?
1287 2915 1334 2960 d.
1353 2913 1404 2972 ii,
1423 2916 1473 2963 4.
1497 2919 1530 2963 2

470 2979 552 3026 Fit
573 2977 756 3033 sedulo,
780 2977 896 3023 nihil
921 2977 1218 3038 praetermitto
1263 2979 1362 3023 Ad.
1388 2977 1459 3031 iii,
1483 2983 1531 3026 3.

573 3043 722 3104 AEgre
743 3041 886 3100 solus,
906 3041 942 3087 si
965 3041 1078 3104 quid
1103 3041 1174 3091 fit.
1203 3042 1302 3088 fero
1335 3040 1432 3088 Ad.
1463 3042 1532 3098 iv,

470 3112 520 3156 2.
557 3112 590 3156 8
643 3105 776 3162 Non,
815 3105 970 3153 hercle
1015 3105 1092 3152 hic
1134 3106 1324 3169 quidem
1366 3107 1531 3156 durare

467 3172 735 3236 quisquam,
757 3169 798 3216 si
819 3171 886 3217 sic
908 3170 978 3226 fit,
1003 3176 1158 3232 potest
1191 3169 1288 3218 Ad.
1312 3170 1382 3227 iv,
1399 3175 1446 3220 2.
1469 3176 1528 3220 15

471 3237 600 3294 Quid
623 3236 709 3283 fit?
731 3234 848 3299 quid
869 3241 921 3282 tu
941 3249 993 3282 εε
1015 3234 1156 3282 tristis
1173 3235 1190 3268 Ρ
1235 3233 1332 3282 Ad.
1356 3252 1402 3289 V.
1429 3240 1476 3285 1.
1497 3241 1532 3286 6

467 3301 542 3351 Ex
562 3301 732 3364 quibus
753 3298 1023 3362 conjectura
1041 3297 1180 3346 facile
1201 3299 1254 3347 fit
1288 3298 1385 3346 Ad.
1408 3315 1454 3355 V,
1478 3303 1528 3349 8.

471 3369 538 3414 36
583 3366 636 3412 Si
667 3364 722 3411 id
755 3363 818 3410 fit‘
844 3364 1020 3420 dando,
1055 3371 1198 3426 atque
1226 3365 1530 3428 obsequendo

470 3429 568 3479 Ad.
609 3446 658 3485 V,
680 3433 730 3477 4.
753 3432 819 3476 26
871 3428 1002 3483 Quid
1045 3427 1100 3474 fit
1121 3429 1140 3474 ?
1181 3429 1294 3492 quid
1341 3430 1530 3489 egitur?

469 3493 568 3544 Ad.
601 3509 650 3551 V,
667 3497 716 3542 6.
739 3497 788 3541 2.
808 3496 840 3540 4
892 3491 1021 3548 Quid
1043 3491 1219 3540 deinde
1239 3493 1328 3539 fit?
1379 3493 1470 3541 He.
1493 3495 1531 3550 i,

472 3563 520 3607 2.
552 3563 617 3607 68
670 3558 786 3613 Sed,
817 3564 870 3603 ut
901 3557 974 3618 fit,
1000 3565 1242 3620 postquam
1288 3556 1384 3604 He.
1417 3557 1449 3611 i,
1482 3563 1532 3608 2.

471 3626 536 3671 83
571 3622 778 3670 Mutatio
801 3623 870 3676 fit,
891 3637 948 3669 ea
969 3637 1056 3678 nos
1077 3623 1318 3684 perturbat
1349 3621 1444 3668 He.
1466 3622 1531 3680 iv,

472 3689 523 3734 4.
547 3691 602 3734 11
664 3686 794 3742 Quid
831 3686 888 3732 fit
922 3686 1165 3748 denique?
1215 3685 1305 3733 Ph.
1339 3687 1374 3743 i,
1397 3691 1445 3734 2.
1466 3691 1528 3737 71

473 3750 620 3806 Quod
657 3750 696 3795 si
731 3749 803 3804 fit,
833 3757 888 3797 ut
917 3765 993 3797 me
1021 3751 1274 3806 excutiam,
1306 3751 1358 3799 id
1391 3759 1536 3798 restat

475 3815 568 3862 Ph.
587 3814 653 3875 iv,
676 3820 723 3863 1.
745 3817 810 3862 2⁰
857 3813 1016 3861 Multa
1047 3815 1332 3872 advenienti,
1357 3819 1429 3862 'ut
1445 3816 1532 3871 ⁷iit,

472 3894 596 3930 nova
617 3879 716 3938 hic,
731 3877 987 3940 compluria
1010 3878 1099 3929 Ph.
1121 3879 1184 3935 iv,
1202 3884 1249 3928 ³.
1268 3885 1301 3929 6
1321 3881 1400 3928 Fit
1415 3881 1534 3930 sorte

473 3944 659 3992 obviam
702 3941 817 3988 mihi
861 3941 1082 3990 Phormio
1139 3945 1232 3994 Ph.
1275 3945 1340 3999 iv,
1365 3949 1430 3994 8.
1472 3949 1534 3995 12

475 4008 630 4065 Quum
651 4007 800 4054 multa
821 4005 994 4068 injuste
1015 4022 1071 4054 ac
1097 4023 1234 4070 prava
1257 4009 1378 4059 fiunt
1396 4009 1534 4056 mori·

476 4074 592 4121 busl
629 4071 750 4120 Hes.
770 4071 834 4124 iv,
855 4075 905 4120 7.
929 4075 985 4120 11
1044 4071 1156 4118 Non
1187 4088 1262 4120 me
1294 4073 1536 4122 indicente

475 4137 578 4185 haec
597 4136 720 4186 fiunt
749 4135 846 4184 Ad.
868 4134 938 4190 iii,
957 4139 1008 4184 4.
1031 4139 1095 4185 62
1145 4135 1244 4183 Res
1275 4138 1536 4200 composita

476 4209 579 4250 est:
619 4203 742 4250 fiunt
767 4199 948 4262 nuptie
999 4198 1090 4248 Ad.
1111 4199 1178 4256 iv,
1193 4205 1244 4247 7.
1265 4206 1324 4250 17
1377 4201 1536 4250 Multo

478 4265 642 4312 melius
663 4267 740 4314 hie
759 4281 865 4328 quae
887 4264 1026 4322 fiunt,
1054 4263 1153 4314 scio
1201 4265 1296 4314 He.
1333 4266 1389 4325 ii,
1410 4271 1454 4315 1.
1471 4269 1538 4315 20

477 4327 632 4391 Cujus
651 4332 756 4380 haec
777 4330 898 4378 fiunt
917 4329 1114 4378 consilio
1135 4331 1292 4379 omnia
1335 4330 1431 4380 He.
1469 4331 1536 4386 iii,

543 4409 715 4475 Detph.
735 4417 784 4460 et
811 4411 926 4462 γαν.
952 4411 1083 4460 elme.

2488 428 2657 494 εικῆ

1594 598 1641 642 5.
1655 596 1721 643 64
1756 593 1867 650 'Qui
1900 592 2029 647 mihi,
2062 592 2140 639 ubi
2174 592 2233 641 nd
2268 608 2431 641 uxores
2464 604 2653 645 Ventum

1595 669 1685 714 est,
1706 666 1805 705 tum
1829 658 1949 705 fiunt
1966 672 2102 704 senes
2134 658 2225 707 Ph.
2250 674 2295 715 V,
2319 663 2367 708 8.
2386 664 2446 709 21
2474 693 2479 701 -
2499 658 2655 709 verb·

1600 722 1721 770 fiunt
1742 732 1922 770 mortuo
1952 722 2043 771 Ph.
2067 738 2113 777 V,
2137 726 2183 771 8.
2210 728 2275 771 26
2323 722 2371 769 Ιε
2408 738 2539 773 meus
2577 733 2654 773 est

1597 788 1750 835 faetus
1783 785 1882 835 Ad.
1904 788 1938 841 i,
1960 792 2009 837 2.
2030 792 2093 835 85
2139 787 2217 834 De
2236 788 2401 835 eudem
2422 802 2565 837 causa
2584 799 2657 837 est

1597 852 1849 899 iracundus
1888 852 2039 900 fectus
2077 851 2423 900 inimicissimus
2452 852 2550 901 He.
2586 854 2655 909 iii,

1603 921 1649 966 1.
1672 920 1739 966 29
1771 914 1963 978 Duplex
1998 930 2105 979 quo
2133 932 2195 963 ex
2226 926 2499 980 argumento
2533 918 2658 966 factu

1597 989 1673 1027 εει
1694 981 1899 1044 simplici
1928 981 2049 1028 Hes.
2074 980 2201 1029 Prol.
2224 984 2257 1029 6
2312 980 2459 1039 virgo
2502 996 2558 1029 ex
2596 998 2657 1031 eo

1602 1046 2091 1172 {Zmffignffiti‘ss
2122 1046 2353 1173 mg:
2370 1046 2659 1173 ,tat-‚2³22-

2092 1144 2107 1166 ‚
2636 1139 2658 1148 -

1602 1182 1649 1220 ta
1670 1174 1781 1222 ilico
1803 1184 1874 1223 est
1905 1174 2003 1223 He.
2026 1175 2062 1229 i,
2079 1179 2127 1223 2.
2150 1180 2213 1223 84
2262 1174 2385 1222 Inde
2402 1182 2477 1223 est
2495 1176 2660 1239 cogni—

1602 1239 1668 1284 tio
1685 1239 1812 1287 fact·
1842 1240 1935 1289 He.
1958 1256 2005 1292 V,
2028 1244 2074 1288 3.
2098 1243 2161 1288 83
2196 1238 2300 1285 Etsi
2318 1240 2427 1287 mihi
2444 1240 2570 1289 fucta
2584 1241 2660 1287 in-

1594 1302 1723 1366 juria
1742 1311 1815 1351 est
1845 1305 1937 1355 Ph,
1962 1304 2014 1360 ii,
2038 1309 2085 1353 Β.
2107 1308 2171 1352 60
2207 1303 2437 1351 Dissimili
2450 1306 2661 1353 oratione

1602 1378 1711 1415 sunt
1746 1368 1903 1425 faetae,
1942 1384 1999 1416 ac
2034 1368 2143 1415 stilo
2191 1368 2252 1415 A.
2274 1368 2401 1418 Prol.
2427 1373 2490 1417 12
2532 1368 2663 1418 Lites

1602 1440 1713 1479 sunt
1732 1433 1853 1480 inter
1872 1450 1953 1482 eos
1974 1433 2110 1480 fsctae
2132 1448 2359 1480 mexumae
2397 1433 2485 1481 Eu.
2521 1434 2587 1495 iv,
2608 1441 2658 1485 5.

1602 1501 1633 1544 8
1666 1496 1711 1543 O
1750 1497 1923 1545 factum
1962 1498 2109 1545 bene!
2144 1496 2263 1553 Ast,
2289 1502 2336 1547 1.
2359 1501 2441 1547 78.
2474 1514 2519 1553 V,
2542 1502 2590 1547 6.
2614 1504 2665 1548 5.

1604 1560 1693 1609 Eu.
1734 1562 1803 1623 iv,
1836 1566 1885 1611 4.
1908 1568 1939 1610 7
1988 1562 2183 1625 Optime
2218 1562 2409 1625 inquam
2448 1562 2658 1610 sactum!
2716 1588 2723 1595 ·

1603 1624 1667 1675 A.
1700 1625 1769 1680 iii,
1791 1629 1842 1675 4.
1868 1631 1929 1675 14
1985 1626 2179 1675 Factum
2221 1627 2311 1675 hoc
2354 1634 2442 1681 est,
2486 1627 2662 1675 Dave?

1602 1689 1697 1737 Du.
1736 1690 1931 1739 Factum
1965 1691 2029 1739 A.
2052 1692 2188 1746 iv,.l.
2209 1696 2275 1740 42
2324 1691 2458 1739 Bene
2480 1691 2657 1739 factum

1606 1753 1667 1801 A.
1694 1770 1739 1810 v,
1757 1760 1805 1803 6.
1829 1760 1887 1804 11
1934 1756 2039 1804 Hoc
2062 1756 2215 1803 hercle
2236 1756 2411 1804 fuctum
2448 1768 2520 1803 est
2566 1756 2658 1805 Eu.
2698 1772 2701 1775 ’

1597 1818 1656 1878 ii,
1679 1824 1729 1869 Β.
1757 1824 1819 1869 19
1850 1818 2000 1867 Perii!
2052 1820 2136 1868 Pa.
2172 1820 2305 1877 Quid
2342 1821 2518 1869 factum
2550 1821 2661 1868 est?

1602 1882 1692 1931 Eu.
1714 1884 1765 1941 ii,
1788 1888 1837 1933 8.
1862 1889 1925 1934 84
1960 1885 2170 1933 Factum.
2208 1885 2295 1932 Ph.
2333 1884 2397 1931 Et
2417 1900 2474 1933 ea
2493 1892 2568 1934 est
2588 1886 2659 1932 in-

1601 1948 1775 1995 dutus?
1800 1948 1897 1999 Do,
1938 1948 2131 1998 Factum
2167 1949 2253 1997 Eu.
2278 1950 2339 2003 iv,
2362 1954 2490 2000 4.41
2527 1949 2658 2007 Quid

1599 2012 1775 2061 factum
1798 2014 1905 2061 est?
1926 2015 2081 2062 taces?
2115 2014 2203 2061 Eu.
2225 2032 2271 2069 v,
2300 2019 2341 2063 1.
2365 2020 2393 2061 5
2433 2014 2661 2077 Aufugis-
2692 2049 2696 2053 .

1603 2076 1722 2125 tin’?
1765 2078 1857 2125 Cb.
1897 2077 2045 2133 Hera,
2078 2079 2256 2125 facturn
2311 2078 2403 2125 Eu.
2436 2096 2482 2131 V,
2518 2082 2565 2127 2.
2598 2083 2662 2128 12

1602 2141 1731 2196 Quid
1776 2140 1877 2188 ita?
1914 2150 1999 2189 aut
2024 2144 2139 2206 quid
2172 2143 2349 2189 factum
2394 2142 2499 2189 est?
2541 2143 2663 2190 cedo

1604 2204 1695 2252 Eu.
1721 2221 1765 2261 V,
1788 2212 1834 2254 5.
1853 2210 1885 2254 8
1918 2205 2025 2255 Hoc
2042 2214 2229 2270 putant,
2245 2207 2469 2269 quicquid
2484 2206 2661 2253 factum

1602 2277 1691 2324 est,
1712 2286 1770 2318 ex
1792 2280 1839 2317 te
1860 2286 1963 2319 esse
1983 2279 2133 2319 ortum
2167 2272 2259 2320 Eu.
2282 2287 2329 2331 V,
2349 2275 2399 2319 5.
2418 2274 2483 2319 24
2516 2271 2666 2327 Quic-

1602 2334 1719 2396 quid
1742 2334 1881 2397 hujus
1902 2336 2076 2383 facturn
2098 2343 2184 2392 εει,
2210 2336 2353 2395 culpa
2372 2351 2467 2382 non
2485 2336 2661 2383 facturn

1602 2404 1675 2445 est
1707 2412 1812 2445 mea
1860 2398 1951 2447 Eu.
1990 2417 2040 2460 V,
2057 2404 2104 2449 6.
2128 2406 2191 2450 10
2237 2400 2386 2455 Bene,
2408 2399 2477 2447 ita
2496 2416 2574 2447 me
2596 2399 2665 2447 Di

1602 2462 1788 2510 ament!
1812 2462 1988 2511 suetum
2012 2464 2103 2513 Eu.
2128 2480 2178 2522 V,
2194 2468 2242 2514 9.
2266 2470 2327 2515 ⁰7.
2343 2464 2429 2512 Ph.
2452 2462 2501 2520 VT,
2522 2469 2573 2514 6.
2596 2468 2661 2515 43

1602 2527 1797 2575 Factum
1822 2542 1850 2575 n
1870 2529 2009 2576 nobis
2030 2531 2171 2576 stulte
2206 2537 2281 2576 est
2326 2529 2445 2576 Heu.
2481 2530 2535 2586 ii,
2558 2535 2605 2579 8.
2628 2535 2663 2580 8

1602 2590 1662 2638 In
1706 2593 1818 2638 vino
1855 2607 1995 2658 quam
2036 2593 2343 2641 immodestus
2379 2593 2506 2641 fuisti
2528 2594 2539 2640 !
2576 2595 2665 2658 Sy.

1602 2654 1797 2704 Factum
1823 2659 1849 2700 Ι
1890 2675 1957 2708 Α..
1977 2657 2049 2716 iii,
2070 2661 2115 2706 3.
2138 2662 2167 2705 7
2222 2657 2273 2704 Si
2290 2657 2356 2704 sic
2378 2656 2554 2706 factmn
2573 2668 2667 2720 est,

1602 2719 1897 2784 dominam,
1914 2738 1945 2767 ο
1967 2720 2089 2770 Heu.
2114 2721 2179 2779 iv,
2196 2726 2243 2770 1.
2266 2728 2328 2770 15
2361 2721 2511 2779 Quid,
2533 2731 2666 2785 post-

1636 2799 1744 2830 uarn
1782 2785 1899 2833 hoc*
1917 2794 1991 2833 εει
2028 2786 2239 2832 sactum?
2288 2784 2407 2832 Heu.
2445 2802 2494 2841 v,
2528 2791 2573 2834 1.
2598 2790 2661 2838 31

1602 2799 1777 2896 adhuc
1799 2849 1927 2912 quod
1948 2849 2123 2896 factum
2147 2857 2235 2904 est,
2270 2849 2408 2896 miror
2454 2849 2577 2898 Heu.
2616 2867 2665 2906 v,

1604 2917 1653 2960 2.
1672 2915 1735 2960 47
1792 2912 1970 2960 Melius
2002 2913 2101 2960 fieri
2135 2914 2260 2961 haud
2308 2914 2482 2975 potuit,
2518 2929 2661 2977 quam

1604 2977 1778 3023 factum
1801 2986 1874 3026 est
1904 2977 2001 3025 Ad.
2024 2977 2092 3037 iii,
2116 2983 2164 3027 1.
2186 2983 2218 3028 8
2268 2978 2346 3025 Sic
2381 2986 2453 3026 est
2484 2980 2663 3026 facturn

1604 3039 1701 3087 Ad.
1721 3041 1794 3097 iii,
1814 3046 1863 3091 4.
1889 3047 1937 3090 2.
1956 3042 2044 3088 Ph.
2067 3058 2114 3096 V,
2136 3047 2183 3091 8.
2206 3045 2265 3092 17
2300 3041 2445 3090 Extor
2478 3059 2555 3098 ue,
2575 3044 2668 3092 nisi

1604 3105 1671 3152 ita
1694 3105 1869 3153 factum
1900 3115 1973 3154 est
2020 3107 2119 3154 Ad.
2154 3107 2225 3161 iii,
2246 3111 2297 3156 4.
2317 3111 2379 3154 37
2474 3116 2663 3156 actum:

1608 3185 1761 3216 verum
1781 3172 1916 3218 ‚venit
1938 3177 2045 3234 post
2062 3171 2297 3218 insaniens
2328 3173 2423 3221 Ad.
2444 3173 2507 3227 iv,
2530 3177 2585 3222 2.-
2600 3177 2664 3222 22

1603 3233 1678 3280 Id.
1698 3235 1937 3297 quia’ffion
1968 3245 2040 3283 est
2060 3251 2089 3282 ο.
2108 3251 2183 3284 me
2204 3237 2397 3294 factum,
2430 3237 2530 3300 agis
2546 3264 2548 3268 ·
2564 3253 2665 3300 gra-

1603 3298 1725 3350 tiani?
1744 3297 1859 3348 “Ad.
1884 3300 1950 3360 ἰν,
1972 3305 2020 3350 3.
2046 3307 2075 3348 5
2121 3300 2315 3349 Factum
2338 3317 2365 3348 a
2388 3301 2519 3348 vobis
2538 3301 2667 3349 duri-

1606 3371 1692 3422 ter,
1723 3363 2163 3421 immisericorditer,
2204 3373 2347 3428 utque
2378 3365 2668 3415 illiberaliter

1605 3427 1703 3475 Ad.
1724 3429 1788 3484 iv,
1804 3435 1858 3479 5.
1880 3435 1945 3479 28
1980 3429 2173 3478 Factum
2196 3438 2284 3488 est,
2305 3445 2401 3478 non
2418 3447 2543 3494 nego
2564 3431 2663 3482 Ad.

1605 3508 1651 3544 v,
1674 3497 1723 3542 8.
1750 3498 1811 3543 12
1859 3493 2051 3542 Factum
2074 3503 2162 3550 est,
2184 3496 2312 3558 quod
2328 3493 2449 3556 justi
2500 3495 2595 3542 Ad.
2619 3512 2665 3551 v,

1606 3561 1657 3605 9.
1680 3561 1708 3604 .1
1745 3556 1823 3604 An
1844 3559 1979 3606 dolor
1999 3567 2193 3621 repente
2212 3559 2417 3606 invasit?
2464 3559 2549 3606 Pa.
2591 3559 2668 3606 Ita

1606 3621 1781 3668 fectum
1799 3631 1871 3669 est
1902 3623 1993 3672 He.
2014 3624 2149 3684 iii‚2.
2170 3627 2236 3672 22
2268 3622 2667 3681 Dixtin’dudum,

1607 3685 1733 3732 illurn
1756 3685 1961 3736 dixisse?
1996 3688 2085 3735 Ph.
2110 3686 2304 3735 Factum
2343 3686 2438 3735 He.
2472 3687 2542 3743 iii,
2564 3694 2612 3736 5.
2631 3694 2664 3738 2
2727 3731 2735 3739 .

1607 3749 1741 3798 Bene
1780 3751 1955 3800 factum
1994 3760 2040 3800 ιε
2073 3753 2317 3800 advenisse
2348 3752 2521 3798 salvom
2572 3751 2668 3800 He..

1604 3815 1673 3870 iii,
1698 3822 1745 3863 5.
1770 3820 1803 3863 6
1851 3816 1951 3863 Abs
1967 3823 2020 3873 te
2038 3817 2213 3865 fectum
2237 3823 2309 3862 est
2330 3817 2527 3879 turpiter
2574 3816 2669 3867 He.

1607 3879 1675 3935 iv,
1694 3883 1745 3928 4.
1767 3884 1799 3928 2
1848 3880 2004 3937 Quam
2032 3881 2124 3929 hoe
2146 3881 2263 3927 mihi
2287 3880 2470 3927 videtur
2490 3880 2667 3928 factum

1608 3958 1749 4005 prave
1800 3943 1891 3992 He.
1914 3946 1977 4001 iv,
2000 3950 2047 3993 4.
2068 3950 2131 3995 24
2179 3945 2256 3992 Sic
2279 3953 2326 3992 te
2348 3945 2537 4001 dixisse,
2558 3947 2666 4008 opi-

1609 4023 1711 4058 nor.
1734 4009 1843 4059 Par.
1865 4009 2078 4058 Factum.
2095 4010 2181 4059 Pa.
2215 4008 2353 4056 Itane
2368 4009 2630 4056 estfactum
2648 4011 2665 4058 ?

1608 4073 1717 4122 Par.
1740 4072 1834 4129 Ita,
1867 4075 2056 4136 inquam
2112 4073 2204 4122 He.
2234 4090 2281 4128 V,
2304 4079 2353 4123 4.
2376 4079 2425 4122 6.
2448 4077 2495 4124 7’
2532 4074 2667 4123 Bene

1608 4138 1803 4192 factum,
1826 4146 1876 4185 et
1897 4139 2069 4202 volupe
2090 4147 2163 4186 est
2200 4137 2294 4184 He.
2318 4154 2364 4194 V,
2386 4142 2435 4187 4.
2458 4143 2518 4188 17
2552 4139 2667 4186 Per-

1609 4202 1757 4249 suasit
1793 4203 1971 4250 homini
1991 4220 2003 4246 ε
2039 4204 2213 4250 facturn
2252 4209 2324 4250 est
2362 4202 2451 4250 Ph.
2469 4202 2507 4266 i·,
2528 4208 2577 4253 2.
2600 4209 2664 4253 85

1611 4264 1719 4312 Ah!
1760 4281 1857 4314 non
1892 4269 1959 4315 ita
1992 4275 2093 4316 est:
2132 4267 2307 4315 factum
2340 4274 2413 4315 est
2443 4269 2665 4330 periclum

1612 4329 1701 4378 Ph.
1742 4331 1793 4388 ii,
1816 4335 1865 4380 2.
1888 4339 1951 4383 12
1996 4331 2103 4380 Tibi
2125 4333 2317 4395 quidem
2337 4340 2410 4380 est
2430 4333 2544 4380 olim
2566 4333 2667 4379 dies

1447 4411 1553 4463 [nd.
1578 4412 1772 4462 Terent.
2493 4413 2541 4469 Q
