3192 4975
1201 432 1280 483 ΙΝ
1328 433 1803 487 TEREN'er.

467 584 691 662 Indigne.
753 582 889 633 Facis
931 585 1052 635 odeo
1094 584 1288 649 indigne
1331 584 1458 650 inju-

401 650 519 701 riam
539 650 610 698 iili
658 648 779 699 Hes.
794 649 866 703 iii,
889 653 940 698 3.
960 654 992 699 4
1047 649 1140 698 Cui
1172 650 1348 701 miserm
1385 649 1457 697 in-

401 716 547 779 digne
570 730 652 778 per
670 714 761 761 vim
788 713 949 763 vitium
985 715 1220 762 obtulerat
1270 714 1366 764 Ad.
1388 714 1460 771 iii,

401 786 453 831 2.
484 786 542 829 10
596 778 670 825 Illi
696 777 891 835 miserae,
911 778 1105 841 indigne
1126 780 1302 827 factam
1333 778 1461 841 inju-

403 844 516 891 riam
547 842 806 891 contexeris
860 842 957 892 He.
982 844 1051 900 iii,
1074 849 1119 892 3.
1141 848 1196 893 41
1265 844 1459 900 Vereor,

401 909 528 965 hera,
553 923 612 955 ne
631 907 829 969 indigne
849 906 1016 970 injuria
1039 907 1268 955 afficiatur
1302 909 1391 956 Plr.
1415 926 1462 968 v,

403 977 451 1022 1.
475 976 503 1021 3
560 972 638 1020 An
693 970 912 1034 nicquam
935 972 1077 1020 hodie
1097 980 1168 1019 est
1189 973 1362 1019 sactum
1385 973 1458 1021 in·

401 1035 588 1099 dignius
609 1036 627 1083 ?
706 1038 752 1084 h.
773 1051 821 1092 ν,
845 1041 894 1085 8.
919 1040 982 1085 20
1029 1036 1258 1086 Clamant
1279 1053 1458 1093 omnes,

400 1099 722 1164 indignissime
745 1100 920 1149 factum
943 1115 1045 1149 esse
1077 1100 1176 1149 Ad.
1198 1102 1234 1157 i,
1253 1106 1302 1151 2.
1333 1106 1388 1150 11

468 1164 721 1227 Indignus,
740 1180 786 1220 s,
810 1181 904 1213 um.
971 1164 1093 1213 Num
1116 1165 1206 1213 etsi
1227 1182 1318 1228 ego
1353 1166 1458 1229 dig-

399 1244 464 1277 na
480 1231 570 1277 huc
591 1228 880 1277 contumelia
895 1244 998 1275 sum
1017 1230 1232 1285 maxime,
1252 1240 1302 1277 at
1319 1240 1370 1277 tu
1387 1231 1459 1277 in-

402 1293 594 1357 dignus,
617 1294 698 1357 qui
721 1294 896 1341 faceres
935 1300 1090 1341 tamen
1143 1293 1237 1344 Eu.
1257 1312 1304 1351 v,
1325 1300 1374 1343 2.
1395 1300 1458 1345 a?

397 1356 740 1421 Jusjurandurn
761 1357 964 1415 dabitur,
985 1366 1033 1407 te
1071 1373 1172 1407 esse
1211 1360 1457 1423 indignum

402 1420 577 1485 injuria
592 1422 681 1470 hac
713 1420 807 1469 Ad.
824 1421 876 1479 ii,
901 1426 948 1470 1.
967 1427 1026 1471 12
1076 1422 1222 1471 Nunc
1244 1439 1338 1471 non
1361 1440 1464 1472 cre·

395 1486 494 1549 dis,
511 1485 716 1550 indignis
737 1502 822 1533 nos
844 1502 948 1535 esse
969 1486 1119 1535 irrisas
1144 1486 1335 1535 modis?
1369 1488 1461 1539 Eu.

403 1550 470 1609 ir,
492 1554 543 1600 4.
561 1555 627 1601 43
682 1551 898 1613 Indignis
914 1566 1022 1599 cum
1045 1560 1233 1615 egomet
1253 1553 1341 1601 sim
1381 1570 1460 1601 ac·

401 1622 567 1676 ceptus
589 1616 739 1663 modis
772 1614 870 1665 Ad.
894 1616 948 1673 ii,
967 1620 1012 1663 1.
1028 1620 1090 1665 12
1124 1616 1329 1666 Conscia
1348 1619 1460 1665 mihi

401 1694 521 1735 sum,
543 1695 700 1743 neque
719 1696 813 1727 rem
847 1680 990 1729 ullam
1026 1680 1359 1741 intercessisse,
1381 1682 1462 1729 illu

401 1751 485 1791 sut
505 1760 578 1793 me
601 1742 842 1808 indignam
877 1743 972 1792 Ad.
987 1744 1056 1800 iii,
1073 1751 1120 1795 2.
1136 1752 1196 1794 61
1232 1746 1344 1795 Sese
1359 1762 1462 1795 esse

399 1807 504 1857 indi
666 1810 866 1871 deputet
887 1809 1020 1855 matri
1043 1826 1156 1857 mere
1179 1810 1255 1858 cui
1291 1826 1460 1859 conce-

399 1873 486 1921 dat
557 1890 600 1923 e.
619 1873 690 1929 iii,
711 1880 760 1925 5.
780 1878 844 1923 27
901 1872 1104 1923 Absenti
1127 1874 1213 1923 tibi
1236 1882 1283 1923 te
1303 1876 1459 1939 indig-

403 1951 505 1993 nas,
528 1953 673 2001 seque
695 1939 860 2001 dignas
881 1938 1190 1987 contumelias
1219 1954 1460 2003 nunquam

401 2002 603 2049 cessavit
623 2004 778 2051 dicere
812 2002 906 2051 Ph.
929 2002 982 2059 ii,
1005 2008 1052 2052 3.
1071 2008 1136 2052 29
1171 2002 1372 2053 Facinus
1388 2004 1459 2051 in-

393 2066 596 2128 dignum
619 2066 631 2113 l
669 2066 766 2116 Ad.
787 2066 851 2122 iv,
871 2071 922 2115 6.
943 2071 1005 2117 35
1041 2068 1196 2129 Quam
1217 2069 1460 2130 indignum

399 2130 584 2177 facinus
606 2131 617 2177 !
677 2130 767 2178 Ph.
791 2130 862 2185 iii,
883 2135 930 2179 2.
953 2134 1018 2179 26
1083 2131 1282 2180 Fucinus
1305 2133 1460 2195 indig-

401 2210 533 2249 num,
555 2194 624 2243 sic
645 2194 902 2243 circumiri!
942 2195 1030 2242 Pb.
1051 2195 1118 2251 iv,
1145 2200 1192 2245 3.
1209 2202 1242 2245 8
1272 2197 1462 2245 Adeon'

399 2260 492 2307 hoc
509 2258 754 2323 indignum
778 2259 865 2306 tibi
887 2259 1104 2307 videtur?
1143 2260 1233 2307 Ph.
1257 2276 1302 2317 v,
1323 2266 1372 2310 8.
1398 2268 1458 2313 51

403 2322 554 2371 Venit
575 2322 798 2372 Chremes
819 2324 1048 2387 postridie
1081 2325 1141 2371 sd
1181 2341 1272 2381 mc,
1296 2326 1462 2373 clami-

402 2396 526 2443 tans,
568 2388 812 2462 indignum
856 2388 1068 2437 facinus!
1136 2388 1200 2438 A.
1223 2390 1256 2445 i,
1284 2395 1329 2440 1.
1368 2395 1461 2440 118

400 2450 657 2516 Indignum
671 2469 774 2517 jam
796 2452 978 2502 facinus
999 2453 1108 2501 faxo
1131 2470 1186 2504 ex
1202 2470 1278 2502 me
1298 2453 1462 2504 audias

401 2517 467 2567 A.
488 2534 538 2574 v,
559 2523 609 2568 2.
635 2523 696 2568 13
762 2519 807 2566 Ο
829 2518 1080 2581 indignum
1101 2519 1314 2568 facinus!
1369 2521 1462 2570 Eu.

399 2581 434 2641 i,
462 2586 503 2633 1.
524 2587 586 2632 25
632 2582 678 2630 Ο
700 2582 882 2633 facinus
901 2583 1178 2646 indignum!
1227 2582 1328 2633 Ad.
1343 2585 1395 2645 ii,
1415 2590 1462 2635 1.

385 2649 484 2698 .19.
540 2647 634 2696 He·
650 2647 720 2704 iii,
745 2652 794 2696 3.
824 2651 889 2696 16
940 2647 1142 2696 Facinus
1183 2648 1427 2711 indignum
1449 2648 1462 2694 1

402 2709 500 2760 Ad.
518 2711 592 2768 iii,
613 2716 662 2760 4.
687 2717 712 2762 1
778 2710 980 2758 Facinus
999 2712 1266 2774 indignum,
1285 2721 1336 2760 et
1368 2727 1463 2760 ma·

400 2775 529 2824 lum!
565 2775 659 2824 Ph.
681 2790 730 2837 v,
751 2779 798 2824 8.
822 2779 884 2823 19
928 2775 1050 2832 Quae
1071 2775 1226 2823 futura
1249 2777 1465 2840 exempla

399 2838 570 2889 dicunt
603 2839 655 2887 in
690 2855 798 2888 eum
839 2839 1070 2902 indigna?
1133 2840 1226 2888 Eu.
1264 2856 1313 2898 v,
1347 2847 1395 2890 5.
1432 2844 1464 2889 4

399 2903 524 2954 Haec
543 2911 594 2952 te
615 2904 863 2952 admittere
878 2903 1077 2966 indigns
1088 2919 1258 2967 genere
1275 2913 1436 2954 nostro
1450 2905 1482 2968 2,

403 2967 504 3016 Ad.
523 2967 595 3022 iii,
615 2971 665 3016 3.
686 2973 750 3016 65

468 3031 751 3094 Indiligens.
790 3029 1116 3096 Indiligenter.
1184 3029 1382 3089 Vereor,
1403 3047 1466 3080 ne

391 3095 655 3160 indiligens
671 3095 868 3146 nimium
885 3096 976 3146 sies
1006 3095 1105 3144 Ad.
1123 3095 1188 3154 iv,
1209 3102 1257 3146 ὅ.
1276 3102 1341 3147 50
1375 3097 1464 3146 Pol

400 3161 498 3274 {nei
518 3161 664 3274 {zu-is
684 3161 806 3276 {eng
829 3169 962 3225 parta
997 3159 1301 3225 indiligenter
1340 3169 1466 3210 tuta·

433 3241 485 3274 ur
593 3259 608 3274 .
629 3243 678 3282 v,
733 3260 748 3274 .

467 3291 738 3351 Indotatus,
757 3306 804 3346 a,
838 3306 938 3338 um.

405 3361 478 3402 est
509 3355 607 3403 Ad.
629 3355 699 3410 iii,
721 3359 770 3404 2.
789 3359 853 3403 47
890 3354 1040 3416 Virgo
1063 3355 1182 3402 nihil
1207 3357 1350 3404 habet
1399 3355 1465 3404 Et

403 3419 626 3468 ducende
645 3419 860 3466 indotata
880 3419 988 3466 est?
1022 3418 1122 3466 Ad.
1144 3419 1208 3476 iv,
1229 3424 1277 3468 7.
1302 3424 1361 3469 11
1398 3420 1464 3467 ΙΙ-

403 3483 513 3532 lene
536 3483 796 3532 indotatam
836 3481 1078 3546 virginem,
1104 3498 1134 3530 a
1185 3500 1246 3531 ue
1281 3485 1466 3546 ignobi-

383 3547 498 3598 .lem
519 3549 654 3598 daret
672 3547 778 3599 illi?
814 3547 904 3597 Ph.
924 3548 959 3603 i,
982 3553 1032 3596 2.
1056 3552 1120 3597 70
1223 3564 1276 3596 os
1295 3564 1371 3597 me
1393 3549 1464 3596 in-

403 3612 579 3658 dotatis
617 3613 758 3661 modo
796 3612 1078 3676 patrocinari
1114 3612 1309 3662 sortasse
1343 3615 1465 3661 arbi-

381 3676 622 3726 ,numinis
671 3678 814 3728 etiam
851 3677 1026 3727 dotatis
1056 3678 1184 3726 soleo
1235 3678 1327 3727 Ph.
1349 3694 1396 3735 V,
1417 3683 1466 3728 7.

472 3802 704 3854 Induciae.
766 3803 828 3851 In
849 3820 1002 3854 amore
1017 3808 1118 3854 haec
1137 3807 1296 3856 insunt
1314 3807 1431 3856 vitia
1451 3823 1464 3856 z

389 3867 844 3927 .induciae,'bellum,
883 3885 974 3932 pax
1011 3886 1189 3920 rursum
1245 3873 1336 3922 Eu.
1361 3873 1393 3930 i,
1419 3876 1466 3921 1.

470 3997 675 4050 Induco.
739 3997 858 4046 Mea
879 3996 946 4047 sic
965 4006 1038 4046 est
1055 4000 1190 4056 ratio,
1213 4008 1262 4048 et
1283 4001 1349 4049 sic
1363 4000 1465 4047 ani-

1003 3289 1213 3339 Primum
1249 3290 1466 3338 indotata

405 4077 546 4126 mum,
567 4063 743 4112 induco
781 4077 936 4110 meum
990 4062 1086 4110 Ad.
1109 4065 1143 4125 i,
1164 4069 1207 4112 l.
1226 4069 1291 4113 43
1345 4065 1466 4122 Quae

405 4126 544 4191 dicis,
563 4127 724 4176 omnin
755 4143 877 4188 esse,
899 4133 954 4174 ut
990 4125 1129 4189 dicis,
1151 4129 1356 4177 animum
1393 4129 1466 4176 in-

405 4192 529 4240 duco
563 4193 658 4241 He.
677 4191 734 4247 ii,
757 4197 806 4243 2.
829 4196 895 4240 22
942 4190 1066 4240 Eum
1087 4209 1190 4242 csse
1221 4201 1469 4256 quatum,

404 4253 462 4302 in
481 4258 685 4306 animum
708 4256 893 4318 induxi,
911 4256 1163 4307 maximum
1197 4257 1322 4308 Hes.
1340 4257 1470 4306 Ptol.

405 4322 489 4370 49.
534 4321 626 4370 He.
647 4321 754 4373 Ait.
772 4321 898 4370 Ptol.
919 4326 985 4372 42
1033 4321 1290 4386 Nunquam
1314 4329 1360 4370 te
1379 4323 1469 4370 ali·

472 4401 646 4466 Delph.
666 4407 718 4451 et
743 4403 858 4454 ναν.
883 4403 1014 4453 Clas.

1376 4405 1486 4454 Imi.
1511 4403 1706 4452 Terent.

2454 416 2595 483 clxi

1533 592 1622 645 ter,
1644 593 1787 649 atque
1808 600 1875 641 es,
1908 582 1957 630 in
1992 582 2197 633 animum
2234 580 2401 629 induxi
2438 597 2593 633 meum

1533 648 1633 697 Ad.
1655 651 1720 703 iv,
1744 654 1791 697 3.
1812 653 1845 697 6
1877 648 1928 695 Si
1954 646 2019 694 ita
2041 648 2159 695 istuc
2182 648 2387 695 animum
2422 646 2597 695 indux-

1534 714 1570 761 ti
1608 730 1710 763 esse
1748 714 1865 761 utile
1917 711 1981 762 A.
2004 711 2079 766 iii,
2100 716 2147 759 3.
2170 716 2235 759 40
2292 712 2417 759 Olim
2453 712 2593 769 istuc,

1538 778 1673 835 olim,
1692 794 1801 827 cum
1827 779 1890 824 ita
1913 775 2117 823 animum
2142 775 2325 823 induxti
2348 783 2477 823 tuum
2532 777 2593 825 A.

1534 859 1580 900 V,
1606 847 1655 891 3.
1680 848 1741 891 12
1796 840 2049 903 Pergrsviu
2067 856 2169 888 esse
2194 840 2242 887 in
2279 840 2483 887 animum
2518 841 2593 888 in·

1534 907 1670 955 duxti
1691 914 1821 953 tuum
1870 904 1963 955 He.
1982 905 2053 967 iii,
2080 911 2122 953 1.
2146 910 2205 953 12
2254 902 2477 953 Animum
2498 920 2595 955 rur·

1535 987 1637 1018 sum
1660 972 1719 1019 ad
1746 972 2027 1019 meretricem
2052 970 2233 1017 induxti
2257 978 2385 1017 tuum
2424 970 2513 1017 He.
2531 970 2594 1027 iv,

1535 1041 1582 1087 4.
1606 1040 1669 1084 67
1724 1034 1865 1091 Satis,
1888 1034 1987 1098 pol,
2014 1042 2223 1097 proterve
2247 1050 2321 1083 me
2341 1034 2449 1097 Syri
2486 1050 2594 1097 pro-

1535 1100 1677 1149 missa
1698 1100 1788 1147 huc
1809 1099 2095 1147 induxerunt
2142 1098 2259 1145 Heu.
2282 1099 2348 1154 iv,
2370 1104 2420 1148 4.
2446 1104 2467 1147 1
2520 1100 2597 1147 Its

1504 1166 1743 1213 -animum
1783 1165 2079 1217 induxerunt.
2102 1179 2259 1211 socrus
2297 1178 2457 1209 omnes
2496 1180 2597 1213 esse

1534 1229 1725 1293 iniquas
1779 1229 1873 1277 He.
1896 1230 1946 1289 ii,
1962 1232 2013 1277 3.
2033 1233 2065 1277 4
2120 1228 2321 1275 Causam
2345 1228 2467 1276 hanc
2491 1227 2595 1289 jus*

1535 1302 1633 1341 tam
1655 1309 1755 1343 esse
1776 1294 1981 1341 animum
1998 1292 2213 1340 inducite
2246 1292 2372 1339 Hea.
2390 1292 2513 1340 Prol.
2532 1298 2592 1342 41

1536 1358 1684 1414 Vide,
1706 1374 1801 1419 quo
1824 1373 1897 1405 me
1920 1358 2116 1405 inducas
2149 1355 2214 1405 A.
2240 1357 2289 1411 ii,
2312 1362 2358 1403 3.
2380 1362 2443 1405 25
2480 1357 2595 1415 Oro,

1535 1432 1599 1487 ¹¹&
1612 1438 1672 1469 ne
1694 1423 1787 1469 illis
1810 1421 2017 1468 animum
2054 1422 2251 1469 inducas
2290 1422 2479 1470 credere
2533 1422 2597 1469 A.

1534 1504 1581 1543 v,
1604 1493 1648 1535 1.
1674 1493 1733 1535 15
1790 1486 2015 1541 Obsecro,
2038 1486 2101 1533 mi
2124 1494 2282 1547 gnate,
2306 1502 2367 1533 ne
2388 1486 2509 1533 istuc
2545 1488 2595 1533 in

1535 1552 1739 1599 animum
1763 1550 1961 1597 inducas
1984 1557 2114 1597 tuum
2149 1548 2271 1599 Hes.
2292 1567 2340 1608 v,
2354 1554 2403 1600 4.
2418 1558 2446 1600 5
2482 1550 2596 1599 Non

1535 1623 1638 1663 tute
1659 1616 2003 1664 incommodam
2027 1630 2121 1661 rem
2146 1614 2193 1661 in
2216 1616 2419 1663 animum
2454 1616 2597 1663 indu·

1535 1696 1615 1729 cns
1638 1681 1771 1741 pati?
1829 1679 1918 1726 He.
1941 1678 2007 1734 iv,
2031 1683 2080 1727 2.
2107 1683 2168 1727 27
2230 1678 2355 1726 Huic
2390 1680 2596 1727 animum

1533 1745 1757 1792 assentari
1777 1744 2015 1791 induxeris
2068 1743 2158 1791 Eu.
2179 1742 2253 1800 iii,
2275 1750 2321 1792 2.
2344 1748 2406 1793 37
2456 1743 2595 1791 Nun·

1534 1824 1677 1873 quam
1698 1809 1879 1857 credidi
1901 1808 2016 1869 fore,
2040 1816 2092 1854 ut
2114 1808 2199 1855 bac
2222 1807 2301 1855 ille
2318 1811 2423 1855 viva
2437 1817 2597 1872 posset

1534 1874 1739 1920 animum
1760 1874 1985 1921 inducere
2008 1888 2197 1920 uxorem
2220 1873 2391 1921 habere
2445 1874 2537 1923 He.
2558 1875 2597 1929 i,

1600 2000 1852 2065 Indulgeo.
1916 1999 2073 2049 Nimis
2106 2016 2181 2049 me
2220 1999 2447 2063 indulgeo
2503 2001 2597 2049 Eu.

1535 2064 1588 2125 ii,
1615 2070 1662 2115 1.
1690 2071 1751 2115 16
1805 2066 2017 2113 Nimium
2058 2064 2142 2119 illi.
2180 2066 2485 2121 Menedemo,
2524 2066 2595 2112 in-

1538 2129 1707 2191 dulges
1740 2130 1861 2177 Hea.
1885 2130 1949 2191 iv,
1970 2134 2019 2177 8.
2042 2134 2101 2178 21
2142 2129 2333 2176 Vestitu
2356 2130 2500 2176 nimio
2524 2130 2597 2177 iu·-

1525 2194 1704 2257 ,dulges
1734 2193 1833 2245 Ad.
1855 2194 1889 2250 i,
1914 2198 1960 2241 1.
1982 2197 2047 2241 38
2095 2192 2225 2240 Dum
2248 2193 2378 2241 nulla
2398 2194 2491 2241 alia
2510 2195 2595 2241 de·

1535 2258 1745 2315 lectatio,
1768 2274 1874 2321 quse
1912 2257 2101 2320 propior
2134 2266 2275 2314 esset,
2298 2266 2344 2305 te
2378 2256 2596 2320 indulge-

1537 2322 1668 2379 bant,
1691 2324 1777 2371 tibi
1800 2323 1977 2370 dabant
2010 2321 2131 2369 Hea.
2156 2339 2203 2377 v,
2226 2327 2274 2370 2.
2298 2326 2361 2371 36
2399 2322 2455 2369 ld
2478 2324 2595 2378 fieri,

1535 2403 1592 2435 ex
1615 2388 1917 2441 assentando,
1942 2386 2250 2450 indulgendo,
2274 2394 2325 2435 et
2356 2386 2596 2450 largiendo

1536 2452 1633 2501 Ad.
1655 2469 1701 2507 V,
1724 2457 1771 2501 9.
1805 2458 1866 2502 31

1603 2517 1779 2566 Indue.
1842 2517 1891 2564 Is
1910 2516 2048 2566 dedit
2071 2517 2185 2564 mihi
2224 2517 2347 2565 hanc
2384 2524 2558 2566 vestem
2582 2534 2594 2564 ε

1537 2582 2038 2694 ’.ἶῖᾞῗέηζῖἱῖᾝὶι
2056 2581 2157 2696 ἓξ.
2170 2597 2243 2694 ἑζῐ
2256 2581 2593 2694 misit?

1535 2709 1603 2766 iv,
1624 2714 1673 2758 4.
1690 2713 1751 2759 41
1790 2709 1885 2758 Ubi
1904 2717 2077 2757 vestem
2098 2710 2217 2756 vidit
2230 2709 2357 2757 illam
2372 2725 2473 2758 esse
2488 2726 2596 2758 eum

1535 2773 1756 2821 indutum
1780 2773 1946 2836 pater?
1980 2773 2073 2824 Eu.
2088 2778 2143 2829 ἠ
2165 2778 2216 2823 7.
2242 2779 2303 2823 1⁵
2562 2791 2569 2798 ·

1604 2838 1860 2886 Industria.
1924 2837 1975 2888 Si
1997 2837 2085 2886 erit
2104 2837 2308 2899 adjutrix
2332 2845 2501 2884 nostrae
2524 2837 2595 2884 in-

1539 2902 1729 2948 dustriae
1764 2902 1858 2949 He.
1874 2901 1979 2952 Alt.
1996 2902 2124 2950 Ptol.
2138 2906 2203 2950 24
2245 2901 2419 2954 Facite.
2438 2917 2597 2964 reque·

1518 2966 1727 3018 -nimitas
1747 2966 1915 3016 Poeta
1936 2967 1996 3013 sd
2020 2966 2316 3014 scribendum
2338 2974 2508 3028 augeat
2523 2966 2596 3012 in-

1537 3031 1766 3080 dustriam
1818 3031 1913 3080 Ad.
1939 3031 2065 3080 Ptol.
2094 3035 2157 3080 26
2214 3031 2417 3079 Paulum
2452 3031 2596 3083 intet-

1539 3111 1644 3142 esse
1673 3111 1856 3152 censes,
1876 3096 2121 3144 exanimo
2158 3094 2317 3143 omnia
2351 3094 2514 3153 facias,
2536 3110 2598 3152 sn

1539 3162 1602 3208 de
1623 3160 1889 3210 industris?
1923 3159 1987 3208 A.
2006 3161 2074 3216 iv,
2095 3164 2145 3209 4.
2166 3165 2235 3208 56

1606 3223 1740 3272 Ineo.
1806 3224 1911 3286 Ego
1932 3225 2119 3288 lepidus
2136 3224 2249 3272 ineo
2274 3222 2467 3287 gratiam
2500 3222 2596 3272 Ad.

1539 3305 1585 3345 v,
1610 3293 1660 3339 7.
1690 3294 1751 3338 16
1804 3289 1982 3345 Adibo,
2018 3297 2161 3352 atque
2198 3290 2257 3336 ab
2298 3305 2356 3337 eo
2400 3287 2601 3350 gratiam

1537 3355 1662 3401 hanc
1684 3354 1813 3402 inibo
1858 3355 1949 3402 Eu.
1969 3354 2041 3410 iii,
2064 3361 2113 3402 5.
2133 3359 2166 3403 9
2222 3353 2359 3409 Haec,
2378 3367 2487 3401 cum
2525 3368 2599 3401 ra-

1521 3419 1716 3468 .tionem
1736 3419 2047 3482 ineas,quum
2081 3419 2175 3466 sint
2212 3419 2375 3466 suavia
2428 3416 2519 3466 Ph.
2542 3418 2595 3466 ii.

1537 3487 1586 3531 2.
1612 3487 1675 3531 30
1726 3483 1794 3532 Ut
1814 3487 2006 3546 gratiam
2026 3484 2153 3531 ineat
2177 3485 2276 3532 sine
2295 3499 2381 3530 suo
2402 3482 2583 3542 dispen-

1537 3547 1641 3601 dio,
1662 3556 1711 3596 et
1730 3549 1847 3596 mihi
1870 3549 2015 3610 prosit
2032 3549 2049 3595 ἒ
2066 3548 2178 3595 ·He.
2201 3566 2246 3603 v,
2270 3553 2318 3596 2.
2341 3551 2405 3596 29
2450 3545 2591 3601 cave,

1513 3657 1520 3664 ,
1539 3628 1599 3659 ne
1620 3612 1785 3660 falsam
1808 3614 2000 3676 gratiam
2022 3615 2211 3662 studens
2227 3613 2348 3659 inire
2400 3609 2522 3656 Hes.
2544 3612 2599 3666 ii.

1539 3681 1588 3725 3.
1611 3681 1677 3725 62
1726 3677 1843 3734 Oro,
1864 3686 1917 3725 ut
1939 3677 2215 3726 beneficium
2238 3675 2390 3724 verbis
2428 3673 2597 3722 initum

1538 3742 1737 3802 dudum,
1772 3758 1899 3790 nunc
1933 3757 1981 3789 re
2014 3742 2294 3804 comprobes
2344 3740 2406 3786 A.
2426 3755 2473 3794 v,
2500 3744 2541 3786 1·
2566 3746 2596 3788 ὃ

1539 3805 1687 3852 Ratio
1707 3807 1769 3854 de
1786 3807 1971 3870 integro
1994 3806 2203 3854 ineunda
2222 3814 2295 3854 est
2311 3803 2427 3852 mibi
2472 3802 2596 3852 Heu.

1533 3871 1603 3929 ἐν,
1624 3875 1675 3919 2.
1697 3875 1727 3916 7

1606 3933 1809 3997 Ineptia.
1877 3934 1944 3982 Ut
1966 3934 2102 3981 video
2124 3950 2213 3996 ego
2228 3942 2353 3981 tuam
2372 3931 2597 3995 ineptiam

1539 3998 1638 4047 Ad.
1661 3999 1728 4061 iv,
1751 4005 1801 4048 7.
1822 4004 1880 4048 31
1922 3999 2084 4061 Usque
2106 3999 2226 4046 adeo
2248 4013 2337 4060 ego
2360 3998 2483 4044 illius
2506 3998 2595 4044 ser-

1538 4079 1587 4110 re
1620 4079 1809 4125 possum
1850 4065 2067 4126 ineptias,
2090 4071 2141 4110 et
2174 4062 2425 4124 magnifica
2458 4061 2600 4111 verba

1539 4129 1633 4176 Eu.
1652 4129 1719 4185 iv,
1746 4133 1804 4178 6.
1832 4133 1861 4178 3
1920 4127 2000 4176 Ad
2044 4143 2193 4190 pauca
2228 4135 2280 4174 ut
2315 4128 2518 4184 redeam,
2540 4141 2597 4176 ac

1539 4194 1721 4240 mittam
1744 4193 1869 4240 illius
1892 4193 2090 4255 ineptias
2122 4192 2213 4243 Ph.
2236 4192 2303 4248 iv,
2326 4195 2371 4240 3.
2394 4196 2458 4240 43

1606 4257 1815 4319 Ineptio.
1852 4258 2051 4320 Ineptis.
2074 4258 2261 4306 deliras.
2284 4255 2492 4304 insanis?
2513 4270 2599 4302 au·

1545 4322 1632 4370 fer.
1666 4322 1803 4370 satin’
1824 4337 1965 4372 sanus
1984 4323 2070 4372 es?
2105 4322 2200 4372 Ad.
2225 4338 2269 4379 v,
2292 4325 2339 4372 8.
2360 4327 2411 4370 ll
2456 4320 2595 4368 Haud

2414 4404 2475 4450 X
