3192 4975
641 409 889 482 ccxviii

673 591 786 628 um
825 573 1060 639 dilapidet
1086 579 1272 622 nostrus
1315 572 1508 638 triginta
1545 574 1695 626 minas

685 643 734 692 h.
752 656 802 698 v,
825 644 874 689 7.
891 644 923 690 4
969 639 1064 688 Sed
1087 645 1295 689 nostrum
1323 645 1398 688 est
1435 638 1695 703 intelligere

639 706 764 756 Heu.
787 703 856 758 iii,
881 708 932 752 3.
953 708 1014 754 17
1068 703 1250 752 Munus
1285 709 1492 764 nostrum
1527 712 1695 754 ornato

640 770 796 818 verbis
839 767 932 818 Eu.
965 769 1022 829 ii,
1046 771 1144 816 158
1198 766 1320 818 Haec
1355 774 1406 814 te
1449 769 1695 818 admittere

638 833 840 898 indigna
887 848 1055 894 genere
1095 831 1280 886 nostro!
1323 830 1420 878 Ad.
1453 831 1526 890 iii,
1559 838 1607 884 3.
1630 839 1693 884 55

639 898 746 948 Nos
780 903 938 945 nostro
977 896 1134 945 officio
1171 895 1290 944 nihil
1325 896 1556 958 digressos
1593 913 1697 948 esse

639 962 734 1012 Ph.
768 961 841 1024 iv,
863 967 912 1010 5.
937 965 1000 1010 10
1052 961 1339 1024 Perpulchra
1373 962 1514 1009 credo
1551 963 1697 1019 donn,

637 1027 766 1076 baud
794 1025 964 1074 nostris
985 1026 1156 1076 similia
1185 1025 1278 1076 Eu.
1301 1025 1370 1085 iii,
1391 1029 1442 1074 2.
1462 1031 1522 1076 15
1555 1027 1699 1076 Bona

639 1099 800 1140 nostra
840 1093 943 1141 haec
983 1091 1071 1140 tibi
1109 1091 1328 1154 permitto
1381 1089 1447 1137 A.
1479 1090 1514 1148 i,
1547 1097 1597 1140 5.
1630 1097 1692 1142 61

640 1155 824 1206 Primus
845 1154 1000 1204 sentio
1031 1155 1155 1206 mala
1192 1161 1350 1205 nostru
1384 1153 1480 1202 Ad.
1503 1155 1569 1213 iv,
1591 1161 1641 1206 2.
1664 1161 1695 1206 7

639 1219 736 1268 Sed
809 1221 894 1268 uid
931 1219 1040 1280 ista,
1069 1219 1320 1277 Ezechiae,
1351 1219 1546 1281 (refert)
1585 1236 1697 1268 nos-

639 1285 742 1332 tre?
823 1285 874 1337 d,
895 1282 960 1340 iv,
983 1290 1032 1332 5.
1055 1288 1118 1334 44
1169 1283 1347 1333 Vereor
1375 1283 1695 1347 Pamphilum,

637 1364 702 1398 ne
736 1357 868 1400 oreta
901 1357 1060 1396 nostra
1095 1355 1300 1412 nequeat
1333 1347 1512 1396 diutius
1545 1349 1697 1398 celare

622 1413 738 1474 fle.
758 1413 824 1469 iv,
849 1418 896 1464 1.
917 1418 983 1462 60
1018 1413 1146 1469 Quid
1172 1413 1293 1460 istuc
1314 1412 1561 1477 (interest)
1585 1429 1695 1462 nos-

639 1479 738 1525 tru?
775 1478 864 1529 Ph.
881 1494 930 1534 v,
953 1482 1000 1526 3.
1027 1482 1086 1527 17
1143 1477 1276 1533 Quid
1299 1477 1346 1524 id
1372 1479 1564 1525 nostru?
1601 1479 1693 1530 Ph.

639 1541 774 1592 Nihil
808 1542 900 1589 Ph.
923 1557 970 1597 v,
992 1546 1042 1591 7.
1063 1546 1126 1591 47
1175 1541 1270 1589 Hic
1306 1543 1368 1589 de
1404 1542 1573 1590 nostris
1594 1559 1697 1592 ver-

641 1607 714 1660 bis
735 1614 856 1657 errat
875 1605 1100 1656 videlieet
1132 1605 1252 1654 Heu.
1271 1605 1322 1665 ii,
1345 1610 1392 1656 3.
1414 1611 1480 1656 22

704 1669 908 1721 Notitia.
973 1671 1094 1720 Haee
1111 1669 1234 1720 inter
1263 1685 1352 1717 nos
1389 1685 1540 1734 nuper
1571 1669 1695 1720 noti·

639 1735 708 1788 tia
729 1735 983 1786 admodum
1005 1741 1078 1783 est
1115 1733 1236 1784 Heu.
1261 1735 1296 1791 i,
1324 1739 1366 1784 1.
1391 1739 1416 1782 1

705 1797 882 1861 Notus,
907 1815 952 1855 u,
975 1815 1072 1847 um.
1137 1798 1416 1862 Peregrinus
1435 1805 1526 1859 est,
1543 1799 1697 1848 minus

640 1869 828 1925 potens,
857 1863 1010 1913 minus
1053 1871 1209 1920 notus,
1251 1864 1402 1910 minus
1443 1863 1695 1912 amicorum

638 1927 716 1974 hic
755 1927 936 1976 habens
981 1927 1072 1978 Eu.
1112 1927 1177 1980 iv,
1199 1932 1247 1977 6.
1271 1932 1336 1978 22
1389 1927 1547 1976 Notus
1579 1928 1697 1978 mihi

637 1991 832 2054 quidam
845 1991 1030 2042 obviam
1051 1991 1179 2040 venit
1209 1991 1302 2041 Eu.
1325 2009 1372 2052 v,
1390 1997 1440 2040 2.
1457 1997 1490 2042 4
1523 1991 1697 2056 Neque

637 2055 708 2105 illi
731 2056 1033 2114 benevolens,
1051 2071 1206 2118 neque
1227 2063 1385 2113 notus,
1407 2071 1564 2118 neque
1583 2072 1698 2120 cog-

637 2128 778 2169 nutus
810 2123 971 2172 aderet
1017 2121 1106 2169 Pb.
1142 2121 1179 2181 i,
1202 2125 1250 2170 2.
1271 2125 1337 2170 48
1377 2119 1555 2168 Omnes
1595 2123 1698 2171 noti

637 2181 734 2245 me,
755 2193 897 2262 utque
919 2186 1057 2234 amici
1079 2187 1298 2234 deserunt
1326 2183 1416 2235 Eu.
1439 2185 1494 2242 ii,
1515 2189 1564 2234 2.
1585 2190 1617 2236 7

701 2247 848 2300 Novi.
869 2251 1050 2315 (verb.)
1116 2249 1243 2296 Novi
1284 2265 1380 2296 rem
1413 2265 1599 2296 omnem
1632 2249 1697 2299 A.

637 2311 706 2369 iv,
727 2318 776 2364 4.
798 2320 862 2364 50
897 2309 1036 2370 Vidi,
1057 2314 1198 2362 novi:
1236 2313 1353 2376 scio,
1373 2329 1470 2377 quo
1491 2314 1699 2362 abducta

637 2377 716 2424 sit.
749 2378 839 2429 Cb.
861 2377 986 2434 Eho,
1015 2379 1240 2428 Parmeno
1256 2377 1340 2434 mi,
1363 2377 1570 2426 nostin'?
1610 2378 1697 2429 Pa.

637 2440 772 2491 Novi
821 2441 913 2495 Eu·
952 2443 1008 2499 ii,
1029 2447 1076 2493 3.
1097 2447 1180 2493 58.
1201 2447 1267 2493 59
1318 2441 1464 2499 Novi,
1504 2456 1697 2517 nempe,

638 2506 824 2571 opinor,
844 2507 1074 2557 Thaidem
1104 2507 1193 2558 Eu.
1215 2508 1291 2571 iii,
1309 2512 1358 2555 5.
1380 2511 1440 2555 15
1475 2504 1606 2553 Novi
1622 2523 1695 2553 m-

637 2571 828 2633 genium
845 2572 1088 2624 mulierum
1136 2574 1228 2621 Eu.
1247 2573 1314 2629 iv,
1334 2575 1385 2620 7.
1405 2574 1470 2621 42
1505 2570 1556 2619 Si
1576 2572 1697 2635 quid

635 2635 870 2698 collibuit,
889 2636 1002 2685 novi
1025 2644 1072 2689 te
1117 2636 1208 2685 Eu.
1246 2653 1294 2692 v,
1317 2640 1366 2684 9.
1384 2640 1450 2686 26
1501 2633 1607 2697 Ego
1646 2644 1693 2687 te

636 2709 794 2751 nutem
813 2702 943 2758 novi,
975 2718 1116 2766 quam
1146 2717 1248 2749 esse
1277 2698 1428 2747 soleas
1458 2699 1693 2762 impotens

635 2764 762 2815 Heu.
783 2765 836 2823 ii,
858 2771 906 2815 3.
933 2772 1025 2816 130
1059 2765 1187 2813 Novi
1207 2780 1297 2827 ego
1319 2764 1574 2814 amantium
1587 2764 1694 2813 uni·

636 2844 765 2881 mum
813 2831 938 2881 Hea.
977 2831 1050 2890 iii,
1083 2834 1132 2881 3.
1167 2832 1200 2876 9
1252 2827 1382 2877 Novi
1415 2844 1506 2891 ego
1543 2836 1693 2877 vestra

635 2893 740 2944 haec
770 2893 872 2945 Ad.
902 2895 958 2949 ii.
974 2899 1020 2944 1.
1046 2899 1105 2944 11
1157 2891 1282 2955 Age,
1304 2892 1416 2941 novi
1435 2901 1567 2940 tuum
1589 2894 1697 2941 uni-’

635 2973 764 3011 mum
797 2959 892 3009 Ad.
917 2958 970 3015 ii,
989 2964 1038 3009 2.
1061 2963 1118 3007 15
1166 2957 1262 3005 Sed
1281 2958 1435 3005 locum
1454 2958 1586 3018 novi,
1611 2959 1695 3007 ubi

635 3022 713 3071 sit.
744 3022 968 3074 Nostin'?
1015 3022 1111 3070 De.
1137 3020 1282 3069 Novi.
1335 3022 1420 3085 Sy.
1455 3021 1564 3071 Hae
1586 3038 1693 3085 per-

637 3085 736 3147 gito
783 3086 884 3136 Ad.
920 3086 992 3150 iv,
1007 3092 1056 3139 2.
1077 3091 1159 3139 33.
1177 3091 1244 3137 38
1290 3084 1542 3149 Ingenium
1579 3087 1693 3135 novi

637 3158 772 3200 tuum
791 3152 982 3201 liberale
1015 3151 1110 3199 Ad.
1147 3166 1194 3207 v,
1211 3156 1262 3199 4.
1279 3154 1345 3200 49
1394 3151 1458 3197 Et
1489 3150 1692 3214 diligen·

634 3214 748 3261 tiam
773 3226 992 3278 vostram,
1009 3224 1062 3263 et
1093 3215 1426 3278 benignitatem
1447 3216 1556 3263 novi
1594 3216 1692 3270 He.

634 3276 690 3333 ii.
711 3284 761 3329 2.
795 3284 862 3331 22
914 3280 984 3327 At
1011 3295 1109 3333 non
1139 3279 1250 3329 novi
1282 3280 1484 3328 hominis
1521 3280 1691 3327 faciem

634 3341 732 3392 He.
754 3342 894 3405 iii„4.
913 3348 976 3393 25
1028 3343 1231 3405 Egomet
1253 3359 1326 3391 me
1346 3344 1475 3399 novi,
1495 3351 1548 3391 et
1573 3360 1687 3407 pec-

634 3412 793 3455 eatum
829 3423 986 3458 meum
1039 3407 1130 3456 Ph.
1165 3409 1198 3465 i,
1221 3412 1272 3457 4.
1297 3412 1361 3459 40
1409 3408 1520 3465 Quo
1543 3409 1692 3471 magis

633 3470 766 3531 novi,
799 3478 932 3521 tanto
973 3474 1146 3537 saepius
1193 3473 1282 3524 Ph.
1318 3473 1374 3532 ii,
1392 3477 1442 3523 2.
1467 3478 1527 3524 14
1575 3472 1691 3521 Non

633 3534 762 3584 enim
793 3536 954 3590 ducet.
1006 3537 1103 3588 An.
1141 3536 1269 3587 Novi
1320 3538 1410 3587 Ph.
1443 3538 1512 3599 iv,
1539 3541 1591 3587 4.
1628 3542 1691 3588 14

631 3596 764 3648 Novi
797 3616 934 3665 aeque
964 3603 1121 3653 omniu
1158 3610 1313 3653 teeum
1361 3602 1454 3651 Ph.
1485 3619 1530 3657 v,
1553 3606 1605 3651 8.
1624 3606 1688 3652 43

631 3662 750 3722 Aut,
765 3666 808 3715 si
831 3667 970 3729 adeo,
989 3666 1122 3715 bidui
1139 3675 1211 3715 est
1230 3674 1314 3715 eut
1335 3665 1478 3715 tridui
1492 3667 1595 3715 haee
1613 3681 1689 3715 so-

630 3726 830 3779 licitudo
851 3747 864 3779 ι
889 3732 1065 3781 nosti?
1113 3732 1177 3781 A.
1209 3730 1262 3787 ii,
1285 3736 1333 3781 6.
1357 3735 1418 3781 10
1458 3730 1691 3781 Archide-

631 3793 805 3844 midem
827 3796 1086 3848 novistin'?
1120 3796 1212 3847 Eu.
1243 3796 1302 3852 ii.
1319 3799 1367 3845 3.
1387 3800 1454 3845 36
1495 3793 1689 3843 Nostin'

629 3872 738 3929 qun
758 3860 822 3907 sit
837 3860 854 3907 ?
870 3860 995 3925 Eho,
1010 3862 1242 3909 Parmeno
1256 3860 1336 3917 mi,
1359 3858 1533 3907 nostin’
1553 3860 1571 3906 Ξ
1592 3858 1687 3910 Ει).

630 3920 684 3977 il.
705 3928 756 3975 3.
775 3928 860 3974 57.
878 3930 944 3977 59
999 3925 1320 3987 Requiescere
1347 3924 1431 3973 ubi
1468 3923 1686 3983 volebat3

629 3988 764 4049 quasi
783 4006 800 4039 a
834 3990 1042 4042 nostin’?
1075 3988 1165 4039 Eu.
1203 3990 1276 4049 iii,
1309 3993 1353 4038 1.
1383 3992 1442 4037 15
1497 3986 1691 4035 Nostin'

629 4052 770 4109 hune,
791 4068 934 4116 quum
955 4062 1084 4104 amat
1095 4054 1272 4103 frater?
1329 4051 1418 4101 Eu.
1456 4051 1526 4107 iii,
1549 4058 1601 4101 5.
1626 4056 1686 4103 15

629 4114 774 4167 Hune
794 4118 1134 4169 Menedemum
1153 4115 1348 4173 nostin'‚
1381 4123 1588 4165 nostrum
1620 4116 1691 4163 vi-

631 4178 788 4233 einum
805 4183 824 4229 ἓ
861 4182 980 4231 Heu.
1003 4184 1038 4240 i,
1055 4188 1104 4233 2.
1125 4188 1159 4235 6
1190 4182 1336 4233 Nosti
1356 4194 1504 4229 mores
1521 4180 1689 4229 mulie-

601 4256 732 4293 ‘rum
763 4244 886 4299 Heu.
920 4248 976 4305 ii,
999 4254 1048 4299 2.
1072 4252 1133 4299 10
1179 4248 1367 4302 Patrem
1401 4244 1592 4307 novisti,
1626 4246 1689 4295 ed

630 4304 820 4369 haye}
853 4326 996 4373 quam
1029 4313 1093 4363 sit
1130 4312 1374 4377 perspicex
1403 4310 1528 4361 Heu.
1559 4310 1615 4367 ii,
1640 4314 1691 4363 3.

1614 423 1862 476 mnssx

1774 577 1870 627 129
1912 573 2103 630 ‘Habet
2128 581 2309 637 putrem
2359 573 2573 634 uvidum,
2627 574 2831 628 vicinum

1771 640 1915 702 hune,
1950 638 2158 688 nostin’?
2214 640 2340 688 Heu.
2373 641 2448 697 iii,
2470 646 2520 692 2.
2546 646 2609 692 16
2646 642 2791 698 -Quid
2810 645 2833 692 ἰ

1770 703 1944 752 nostin’
1984 705 2069 768 qui
2110 703 2231 754 sim?
2276 704 2373 756 Ad.
2394 707 2449 765 ii,
2471 711 2519 756 1.
2543 710 2607 756 23
2640 705 2831 756 Nostin’

1770 769 2037 832 porticum?
2092 768 2201 818 Illic
2252 770 2335 818 ubi
2388 771 2529 818 etiam
2576 771 2833 833 caprificus

1769 849 1943 897 magna
1977 841 2082 882 est:
2122 834 2337 882 nostin'?
2370 834 2465 884 Ad.
2501 834 2568 892 ἰν,
2589 841 2640 884 2.
2665 839 2745 886 34.
2764 841 2831 886 38

1766 897 1859 946 Est
1878 897 1997 946 alius
2050 898 2227 956 uidam,
2248 899 2543 962 parasitaster
2572 899 2791 962 parvolus
2814 918 2828 948 ε

1770 962 1981 1010 nostin’?
2060 963 2111 1012 d.
2145 979 2191 1020 v,
2214 968 2262 1012 2.
2284 969 2315 1012 5
2365 963 2567 1011 Fratrem
2598 962 2831 1013 ma'orem

1771 1025 2019 1076 Chremem
2040 1027 2252 1076 nostin’?
2288 1027 2381 1078 Ph.
2400 1027 2436 1089 i,
2454 1031 2507 1076 2.
2524 1031 2586 1076 14
2685 1043 2727 1074 ae
2748 1029 2834 1078 illa

1768 1091 1900 1140 illurn
1923 1092 2051 1140 haud
2072 1093 2207 1140 novit
2238 1092 2300 1140 A.
2321 1091 2386 1148 iv,
2402 1097 2452 1142 4.
2474 1097 2536 1142 33
2580 1091 2755 1156 Neque
2780 1101 2835 1142 te

1773 1157 2023 1232 qnisquam
2044 1157 2193 1214 novit,
2214 1173 2371 1231 neque
2390 1157 2499 1213 scit,
2521 1157 2605 1220 qui
2614 1156 2705 1204 sies
2738 1156 2836 1209 Eu.

1770 1220 1823 1281 ir,
1842 1225 1891 1270 3.
1912 1226 1977 1272 82
2025 1221 2345 1284 Vesper-escit,
2382 1229 2433 1269 et
2468 1235 2567 1269 non
2599 1231 2835 1269 noverunt:

1768 1285 1893 1334 vium
1924 1284 2047 1335 Hea.
2078 1285 2135 1340 ii,
2156 1290 2205 1334 3.
2227 1291 2257 1336 7
2294 1286 2429 1342 Qui?
2466 1285 2582 1350 quia
2602 1292 2649 1332 te
2668 1301 2831 1334 norum

1770 1348 1835 1400 A.
1854 1349 1928 1407 iii,
1950 1355 2003 1399 2.
2022 1354 2087 1400 22
2121 1349 2316 1407 Noram,
2338 1357 2389 1397 et
2408 1349 2507 1397 seio
2540 1348 2604 1398 A.
2628 1365 2677 1406 ν,
2699 1353 2749 1398 4.
2764 1355 2829 1400 sl

1770 1412 1848 1462 Ne
1868 1429 2029 1462 norum
2050 1414 2243 1477 quidem
2273 1413 2365 1462 Eu.
2394 1413 2468 1474 iii,
2490 1418 2538 1461 3.
2560 1419 2591 1462 5
2636 1413 2829 1476 Egon’?

1769 1477 2067 1541 Imperatoris
2090 1478 2306 1526 virtutem
2328 1493 2547 1526 noveram
2582 1477 2675 1524 Eu.
2697 1479 2832 1539 ἰν,7.

1768 1546 1801 1592 8
1856 1542 2025 1606 Neque
2046 1559 2135 1606 ego
2155 1543 2286 1592 illum
2308 1558 2470 1590 noram
2490 1559 2502 1590 ε
2536 1557 2693 1605 neque
2714 1543 2835 1591 mihi

1769 1615 1997 1670 cognatus
2032 1608 2123 1655 fuit
2175 1608 2265 1655 Ph.
2298 1607 2349 1663 ii,
2374 1612 2422 1655 3.
2443 1611 2508 1658 44
2552 1606 2647 1654 Hie
2681 1623 2831 1670 quan·

1771 1671 1879 1720 dam
1902 1687 2083 1731 norum,
2102 1671 2239 1735 cujus
2260 1671 2329 1718 vir
2350 1687 2541 1720 uxorem
2574 1671 2669 1720 Ph.
2709 1688 2757 1727 v,
2776 1677 2834 1723 7.

1767 1739 1835 1784 48
1867 1735 2082 1786 Norasne
2102 1752 2209 1785 eum
2232 1735 2391 1798 prius?
2441 1735 2539 1782 Do.
2572 1735 2685 1782 Non
2733 1735 2829 1786 Eu.

1770 1798 1837 1859 iv,
1854 1804 1982 1850 4.31
2020 1800 2193 1864 Neque
2214 1808 2269 1848 tu
2304 1800 2438 1848 illum
2470 1798 2583 1848 satis
2616 1816 2831 1860 noveras,

1771 1877 1859 1912 nee
1883 1872 1929 1912 te
1952 1865 2033 1914 ille
2063 1865 2239 1921 Hermi,
2265 1868 2312 1913 1.
2338 1868 2430 1913 101
2466 1863 2690 1912 Nostrum
2712 1865 2831 1912 emi-

1771 1943 1877 1976 cum
1916 1943 2053 1976 noras
2086 1929 2334 1984 Simulum.
2378 1935 2521 1992 atque
2563 1929 2827 1991 aequalem?

1770 1990 1869 2040 Ad.
1906 1991 2043 2056 iii,4.
2068 1999 2129 2043 19
2177 1993 2313 2040 Eho!
2350 2001 2403 2040 tu
2436 1991 2670 2041 sobrinum
2693 2001 2829 2042 tuum

1771 2071 1867 2104 non
1888 2059 2061 2105 noras?
2092 2057 2407 2120 Stilphonem,
2433 2057 2645 2120 inquam,
2680 2073 2835 2106 nove-

1771 2121 1873 2170 ras?
1906 2121 1997 2170 Ph.
2016 2121 2070 2182 ii,
2090 2127 2139 2171 3.
2161 2126 2242 2171 37.
2257 2126 2323 2173 43
2355 2121 2557 2170 stillum
2574 2122 2727 2170 minus
2741 2138 2828 2170 no-

1770 2192 1842 2231 rat
1896 2185 1987 2234 Ph.
2030 2187 2083 2242 ii.
2104 2191 2151 2235 3.
2174 2191 2235 2236 15
2286 2186 2335 2234 N
2336 2201 2401 2234 on
2444 2193 2581 2235 norat
2618 2188 2827 2250 patrem?

1773 2250 1866 2298 Ch.
1888 2249 2040 2298 Norat
2078 2251 2170 2300 Ph.
2205 2267 2255 2306 v,
2276 2255 2326 2299 3.
2347 2254 2429 2299 21.
2452 2255 2519 2300 22
2570 2251 2639 2314 Si,
2678 2251 2831 2308 Simo,

1771 2315 1897 2362 hunc
1919 2314 2045 2362 noris
2066 2315 2196 2370 sutis,
2218 2331 2317 2362 nou
2334 2315 2407 2362 itu
2426 2315 2643 2362 arbitrere
2676 2314 2739 2362 A.
2774 2332 2831 2372 v,

1770 2381 1819 2429 4.
1845 2383 1900 2427 11
1955 2379 2077 2427 Cum
2107 2379 2261 2443 ipsum
2282 2395 2361 2428 me
2380 2379 2509 2428 noris
2554 2379 2645 2428 Eu.
2686 2379 2757 2435 iii,
2778 2387 2829 2428 5.

1772 2445 1835 2491 18
1869 2443 2046 2506 Magis,
2068 2444 2108 2491 si
2132 2443 2277 2508 magis
2296 2442 2440 2505 noris,
2463 2449 2599 2507 putes
2630 2443 2755 2493 Heu.
2776 2461 2827 2501 v,

1771 2511 1819 2555 1.
1841 2512 1901 2557 16
1954 2506 2029 2557 At
2067 2508 2258 2566 facium,
2300 2516 2355 2557 ut
2384 2508 2603 2574 (faciem)
2638 2511 2829 2558 noveris

1770 2570 1864 2619 He.
1886 2571 1955 2627 iii,
1971 2576 2021 2621 4.
2037 2576 2101 2623 25
2136 2572 2297 2621 Unum
2314 2574 2547 2637 cognoris,
2562 2588 2725 2621 omnes
2738 2589 2827 2621 no·

1768 2636 1832 2685 ris
1862 2636 1953 2684 Ph.
1974 2636 2029 2697 ii,
2055 2642 2099 2686 1.
2120 2642 2181 2687 35
2218 2638 2369 2695 Quasi
2390 2654 2486 2687 uon
2506 2637 2651 2699 noris,
2670 2645 2826 2685 tenta-

1769 2706 1869 2749 tum
1891 2701 2085 2751 advenis
2117 2702 2208 2749 Ph.
2230 2702 2284 2764 ii,
2300 2706 2351 2753 3.
2368 2706 2431 2751 41
2482 2702 2581 2760 Qui
2600 2702 2825 2751 utramvis

1768 2774 1895 2813 recte
1932 2766 2072 2825 norit,
2104 2767 2267 2814 ambus
2300 2766 2503 2815 noverit.
2524 2764 2588 2813 A.
2610 2766 2739 2815 Prol.
2761 2772 2825 2815 10

1768 2827 1863 2877 Vel
1886 2831 1976 2877 boe
1996 2830 2103 2893 quis
2124 2847 2221 2878 uon
2242 2832 2421 2889 eredat,
2454 2831 2539 2893 qui
2570 2830 2695 2879 norit
2736 2837 2783 2878 te
2806 2830 2825 2878 ?

1771 2890 1835 2939 A.
1856 2893 1927 2951 iii,
1948 2898 1999 2943 2.
2022 2900 2055 2945 9
2086 2894 2210 2958 Age,
2230 2896 2390 2958 inepte
2408 2912 2421 2943 ε
2438 2894 2574 2959 quasi
2594 2910 2720 2943 nunc
2736 2910 2825 2944 no-

1768 2958 1909 3007 rimus
1930 2974 2017 3007 nos
2043 2960 2167 3007 inter
2195 2976 2281 3007 nos
2326 2958 2427 3009 Ad.
2462 2960 2516 3021 ii,
2532 2964 2583 3009 4.
2604 2963 2634 3010 7
2684 2958 2732 3009 N
2735 2975 2825 3006 un-

1768 3036 1909 3133 quam
1931 3024 2045 3135 mgis
2066 3024 2505 3137 ‘’cugi‘gmsssflwd
2528 3039 2731 3086 nossem,
2751 3024 2825 3071 vi-

1802 3102 1929 3135 eram
2009 3104 2055 3136 e.
2080 3105 2124 3143 v,
2180 3120 2197 3137 .
2376 3103 2390 3133 ι
2411 3104 2597 3136 nossem
2617 3102 2825 3145 causum,

1768 3152 2003 3199 crederem
2023 3168 2129 3199 vera
2149 3152 2274 3199 hune
2305 3152 2436 3213 loqui
2482 3152 2572 3201 Ph.
2611 3152 2665 3209 ii,
2689 3158 2737 3201 1.
2756 3157 2823 3203 48

1768 3214 1975 3264 Proinde
2017 3232 2071 3264 ex
2078 3216 2273 3278 piscare,
2326 3214 2463 3279 quasi
2494 3231 2591 3263 non
2645 3232 2829 3265 nosses.

1768 3278 1863 3327 De.
1884 3278 2120 3327 Nossem?
2164 3280 2253 3329 Ph.
2276 3279 2353 3329 Ita
2385 3280 2476 3329 Ph.
2510 3280 2564 3337 ii,
2586 3284 2635 3329 3.
2656 3286 2721 3331 35
2755 3281 2823 3328 Il·-

1767 3342 1861 3391 lam
1897 3358 1973 3391 me
2006 3345 2149 3393 credo
2184 3335 2312 3391 haud
2349 3360 2489 3393 nosse
2529 3343 2597 3393 A.
2620 3362 2668 3407 v,
2686 3349 2735 3393 4.
2755 3350 2823 3394 49

1767 3407 1921 3457 Nosse
1938 3410 2099 3457 omnia
2116 3410 2237 3466 haec,
2256 3408 2381 3457 salus
2402 3418 2475 3457 est
2494 3409 2827 3458 adolescentu-

1766 3471 1823 3520 lis
1876 3472 1971 3521 Eu.
1994 3490 2042 3531 v,
2065 3479 2115 3522 4.
2137 3478 2199 3523 18
2254 3473 2323 3522 Ut
2384 3474 2569 3537 opinor,
2604 3474 2689 3521 has
2724 3489 2823 3523 uon

1765 3552 1903 3585 nosse
1926 3545 1993 3595 te,
2014 3546 2065 3589 et
2082 3546 2210 3587 certo
2232 3537 2331 3585 scio
2362 3537 2463 3585 Ad.
2483 3538 2549 3593 iv,
2570 3542 2619 3585 5.
2644 3540 2704 3586 14
2734 3564 2747 3575 .

1830 3600 1880 3649 N
1882 3602 2081 3659 ovinius,
2097 3619 2143 3659 a,
2164 3618 2261 3649 um.
2306 3602 2497 3657 Pnucae,
2513 3616 2620 3664 quae
2640 3600 2821 3651 circum

1763 3665 1891 3713 illam
1908 3674 2082 3723 essent,
2106 3672 2294 3715 manent
2312 3664 2513 3715 noviciae
2533 3665 2707 3730 puellae
2728 3664 2821 3715 Eu.

1763 3729 1838 3792 iii,
1859 3735 1907 3777 5.
1926 3734 1988 3781 34

1828 3792 2011 3851 Novus,
2022 3810 2068 3849 a,
2080 3810 2175 3842 um.
2205 3792 2311 3857 Ego
2320 3809 2471 3845 novus
2481 3794 2671 3843 maritus
2679 3794 2787 3841 fiam
2800 3793 2815 3839 l

1764 3858 1862 3909 Ad.
1885 3874 1931 3933 y,
1952 3862 2003 3907 8.
2026 3864 2085 3907 15
2122 3858 2320 3907 Nullum
2340 3861 2548 3908 invenire
2567 3859 2817 3921 Prologum

1764 3931 2157 4051 3323331‘532332
2178 3923 2555 4053 ξῗὶῗῖἕὲἐέἒ
2542 3930 2819 4035 1:¹55.}“1‘›¹1¹:

1764 4068 1814 4112 v,
1834 4056 1887 4101 6.
1922 4058 1985 4101 50
2035 4053 2167 4109 Quin
2203 4068 2329 4103 novo
2371 4055 2515 4101 modo
2553 4053 2599 4100 ei
2640 4052 2817 4099 faceres

1764 4116 2094 4165 contumeliam
2127 4117 2219 4167 Ph.
2242 4134 2289 4180 v,
2310 4123 2361 4169 7.
2380 4122 2445 4167 79
2494 4116 2615 4172 Quae
2636 4122 2817 4163 veteres

1761 4180 2053 4239 factitarunt,
2076 4182 2115 4230 si
2134 4181 2315 4231 faciunt
2330 4181 2439 4229 novi
2487 4180 2576 4229 Eu.
2600 4178 2729 4227 Prol.
2746 4184 2813 4229 43

1763 4244 1905 4297 Nova
1942 4262 2071 4297 nune
2100 4247 2262 4309 religio
2290 4246 2340 4301 iu
2370 4254 2415 4293 te
2446 4243 2575 4293 istoec
2606 4244 2817 4300 incessit,

1762 4312 1918 4359 cedo?
1966 4311 2035 4363 A.
2070 4310 2137 4368 iv,
2174 4316 2222 4363 3.
2247 4314 2305 4361 15
2360 4308 2501 4361 Nova
2534 4308 2687 4373 figura
2722 4308 2813 4361 orit
