3192 4975
1206 417 1282 464 m
1333 416 1811 467 rnnsn‘rrum.
1884 406 1889 409 ’

434 565 633 615 tei-venit
675 562 946 613 adolescens
980 563 1172 629 quidam
1229 564 1495 617 lacrumans·

443 632 534 681 Ph.
557 630 592 685 i,
615 634 662 679 2.
682 633 748 677 42

501 693 795 757 Lscrymula.
859 692 971 741 Una
1003 694 1234 743 mehercle
1267 694 1386 742 falsa
1418 694 1488 742 la-

435 759 644 821 crymula
665 758 920 819 restinguet
950 757 1040 805 Eu.
1056 759 1094 814 i,
1119 763 1164 807 1.
1184 762 1250 808 22

498 822 661 870 Laeto.
741 821 1054 878 Solicitando,
1091 829 1143 869 et
1175 822 1488 885 pollicitando

433 901 593 933 eorum
627 884 806 935 animos
837 885 1016 936 lactas?
1068 885 1134 933 A.
1154 902 1204 944 v,
1223 891 1272 935 4.
1294 891 1327 936 9
1378 886 1488 934 Nisi

434 964 510 997 me
530 952 748 997 lactasses
787 958 1038 1006 amantem,
1059 958 1109 999 et
1128 951 1246 999 falsa
1268 966 1356 1015 spe
1377 966 1486 1014 pro·

431 1015 626 1064 duceres
647 1015 664 1061 ?
699 1015 760 1063 A.
781 1014 852 1073 iv,
878 1018 925 1063 l.
945 1018 1011 1064 24

493 1077 668 1127 Lacus.
729 1076 878 1141 Apud
900 1078 1054 1141 ipsum
1090 1076 1244 1127 laeum
1279 1086 1354 1127 est
1387 1080 1485 1143 pis-

432 1141 556 1191 trilla
620 1141 720 1190 Ad.
741 1143 804 1199 iv,
828 1146 878 1191 2.
901 1148 965 1193 44
1025 1142 1296 1205 Perreptavi
1335 1158 1486 1207 usque

430 1222 572 1253 omne
593 1206 822 1269 oppidum
842 1223 856 1253 z
905 1208 964 1253 ad
989 1216 1187 1269 portam,
1207 1208 1268 1255 ad
1289 1206 1443 1257 lacum
1469 1226 1483 1257 ι

429 1286 528 1335 quo
549 1272 678 1318 non?
707 1270 806 1319 Ad.
829 1270 897 1331 iv,
919 1275 967 1319 6.
989 1275 1020 1319 3

497 1334 662 1384 Laedo.
726 1334 894 1382 Minus
916 1334 1060 1381 multo
1083 1334 1322 1392 audacter,
1342 1350 1486 1398 quam

430 1413 558 1446 nune
579 1397 732 1455 laedit,
771 1398 966 1447 laederet
1010 1398 1102 1447 Ph.
1125 1399 1251 1447 Prol.
1281 1403 1336 1448 11
1385 1398 1486 1447 Re·

431 1477 676 1523 sponsum,
717 1478 812 1510 non
835 1464 1015 1511 dictum
1053 1476 1174 1518 esse,
1215 1462 1330 1525 quia
1368 1463 1490 1511 laesit

427 1527 555 1589 prior
603 1526 693 1573 Eu.
714 1527 843 1575 Prol.
863 1532 896 1575 6
942 1526 1110 1575 Minus
1139 1528 1290 1575 multo
1311 1528 1486 1575 audac·

431 1598 501 1637 ter
519 1590 711 1639 laederet
740 1592 834 1640 Ph.
859 1590 986 1638 Ptol.
1011 1596 1071 1640 11
1105 1590 1206 1647 Qui
1229 1592 1410 1654 plaeere
1433 1607 1486 1639 se

429 1656 616 1702 studeat
639 1656 790 1715 bonis,
811 1664 862 1704 et
882 1655 1074 1703 minime
1110 1654 1282 1703 multos
1316 1655 1485 1709 laedere

429 1717 520 1767 Eu.
543 1718 668 1766 Prol.
691 1724 722 1768 2
771 1719 822 1769 Si
845 1727 1009 1781 perget
1029 1719 1198 1767 loedere
1221 1720 1304 1773 ita.
1328 1728 1382 1767 ut
1412 1720 1483 1769 fa-

430 1797 535 1830 cere
570 1784 773 1830 instituit
825 1784 918 1831 Eu.
958 1782 1090 1830 Prol.
1128 1787 1192 1832 18
1245 1784 1488 1844 Placidus,

429 1846 550 1895 nulli
572 1847 741 1896 laedere
777 1863 848 1904 os,
880 1847 1080 1895 arridere
1117 1846 1334 1895 omnibus
1386 1848 1486 1898 Ad.

431 1926 479 1967 v,
497 1916 546 1959 4.
569 1916 632 1961 10

495 1974 700 2025 Laetitia.
742 1974 864 2032 Quae
885 1975 1000 2023 mihi
1021 1990 1060 2023 ae
1116 1974 1342 2023 'tudinem
1367 1976 1482 2024 affe·

431 2045 534 2085 ratz
567 2047 700 2086 tanta
722 2042 822 2087 haec
845 2040 1008 2087 lustitia
1043 2055 1072 2085 o
1137 2046 1206 2085 rta
1239 2048 1311 2086 est
1363 2039 1485 2087 Hes.

431 2101 500 2156 iv,
521 2107 572 2150 3.
593 2108 624 2152 2
659 2103 728 2151 Ut
761 2104 884 2150 hane
904 2102 1114 2151 laetitiam
1151 2118 1240 2149 nee
1271 2104 1486 2165 opinanti

431 2164 609 2227 primus
631 2167 676 2214 ei
696 2166 946 2229 objicerem
969 2167 1099 2213 domi
1145 2166 1266 2213 Heu.
1290 2168 1326 2221 i,
1349 2172 1395 2215 2.
1423 2172 1486 2219 ,12

427 2230 547 2293 Syre
579 2231 676 2290 mi3
723 2232 936 2290 obsecro,
979 2246 1040 2277 ne
1075 2246 1152 2277 me
1189 2230 1238 2277 in
1273 2231 1485 2278 laetitiam

427 2294 596 2341 frustra
633 2294 865 2357 conjicias
909 2294 1032 2343 Hes.
1053 2294 1110 2355 ii,
1133 2298 1182 2343 3.
1205 2299 1266 2343 51
1319 2295 1484 2351 Quan-

430 2365 526 2405 tam
549 2359 702 2407 obtuli
723 2360 929 2407 adventu
951 2374 1058 2405 meo
1100 2358 1308 2405 laetitiam
1343 2358 1485 2406 Pam-

430 2421 562 2483 philo
583 2424 752 2471 h'odie!
801 2423 896 2472 He.
916 2440 964 2478 v,
989 2427 1035 2471 3.
1062 2426 1122 2470 18
1177 2422 1320 2471 Hunc
1357 2424 1484 2471 diem

429 2486 591 2549 cupio,
613 2497 668 2536 ut
685 2489 826 2550 coepi,
847 2496 1124 2552 perpetuum
1147 2486 1197 2534 in
1217 2486 1386 2537 laetitia
1399 2490 1483 2536 de·
1507 2513 1512 2518 ·

429 2565 539 2614 gere
572 2553 668 2601 Ad.
691 2554 756 2612 iv,
778 2558 823 2600 1.
845 2558 879 2601 6
1163 2599 1174 2610 ,

495 2615 665 2663 Laetor.
731 2617 862 2664 Istue
899 2615 987 2662 tibi
1027 2630 1088 2662 ex
1129 2616 1362 2663 sententia
1402 2623 1484 2662 tua

427 2678 652 2742 obtigisse
686 2680 820 2728 laetor
867 2679 988 2726 Hea.
1014 2679 1079 2733 iv,
1119 2682 1169 2726 3.
1208 2685 1238 2726 5
1289 2679 1358 2726 Ut
1394 2695 1486 2740 ego

429 2755 558 2792 nune
623 2759 720 2790 non
771 2750 866 2789 tam
909 2750 1098 2804 meapte
1131 2756 1273 2788 causa
1336 2742 1483 2798 laetor,

431 2821 572 2868 quam
595 2808 722 2855 illius
769 2807 894 2854 Hea.
911 2806 978 2860 iv,
1001 2811 1046 2854 3.
1069 2809 1102 2852 9
1134 2805 1256 2852 Haee
1277 2813 1349 2852 tot
1371 2822 1484 2868 gau·

431 2871 511 2918 dia
535 2871 602 2918 illi
623 2869 1032 2933 contigisselaetor
1062 2867 1156 2914 He.
1181 2885 1227 2924 v,
1251 2873 1298 2916 3.
1321 2875 1380 2916 35
1417 2871 1485 2917 Ut

429 2935 680 2998 quisquam
697 2942 876 2982 amator
891 2933 1073 2996 nuptiis
1105 2933 1288 2979 laetetur
1320 2933 1414 2980 He.
1437 2951 1484 2990 v,

499 3061 674 3120 Lotus,
697 3078 746 3122 a,
767 3079 864 3109 um.
897 3060 1056 3108 Laetus
1075 3065 1164 3116 est,
1187 3059 1346 3106 nescio
1369 3060 1484 3122 quid

430 3125 496 3173 A.
521 3126 574 3184 ii,
593 3132 642 3176 2.
664 3132 693 3175 3
728 3125 861 3184 Quid
883 3126 1098 3188 gestiam,
1117 3132 1200 3170 aut
1221 3124 1334 3186 quid
1350 3124 1484 3171 laetus

431 3191 518 3239 sim
569 3191 660 3238 Eu.
681 3191 752 3248 iii,
775 3198 824 3239 5.
845 3195 875 3240 7
927 3189 1058 3245 Quid
1097 3189 1176 3236 hic
1211 3187 1344 3235 loetus
1377 3189 1482 3236 est?

431 3253 524 3304 Eu.
547 3273 594 3312 v,
615 3261 668 3306 9.
691 3260 722 3304 4
756 3256 914 3302 Limus
929 3262 1002 3300 est
1021 3255 1082 3300 de
1103 3253 1256 3300 amica
1303 3251 1404 3304 Ad.
1427 3253 1482 3309 ii,

429 3321 481 3367 2.
499 3324 564 3368 44
611 3321 769 3367 Laetus
789 3334 910 3375 sum,
929 3317 1056 3365 fratri
1089 3317 1334 3380 obtigisse,
1353 3319 1480 3380 quod

431 3383 533 3430 volt
586 3384 677 3431 Ph.
697 3401 744 3440 v,
765 3388 816 3433 4.
838 3386 865 3430 1
919 3382 1104 3430 Gnatus
1123 3383 1254 3444 quod
1295 3397 1345 3428 se
1367 3383 1481 3429 assi-

430 3446 578 3494 mulat
601 3449 776 3502 laetum,
797 3447 848 3493 id
880 3446 1029 3494 dieis?
1085 3445 1209 3494 Hea-
1247 3463 1294 3501 v,
1335 3451 1379 3494 1.
1421 3451 1480 3495 15

433 3509 732 3560 concurrunt
751 3511 850 3560 laeti
881 3511 948 3558 mi
969 3509 1154 3557 obviam
1191 3511 1484 3571 cupedinarii

431 3573 523 3623 Eu.
543 3576 596 3631 ii,
619 3582 668 3626 2.
691 3583 754 3626 25
788 3575 904 3623 Ain'
927 3576 1014 3622 tu?
1038 3575 1146 3620 laeta
1165 3574 1266 3620 est?
1299 3574 1389 3622 Eu.
1410 3575 1484 3632 iii,

437 3641 483 3686 1.
507 3643 538 3686 2
585 3641 714 3688 Laeta
755 3645 864 3688 v'ero
897 3643 956 3688 ad
996 3655 1045 3686 se
1079 3638 1272 3686 abducit
1293 3639 1482 3686 domum

435 3700 526 3750 Eu.
551 3701 621 3760 iii.
643 3711 691 3751 5.
711 3709 776 3752 28
823 3704 960 3752 Illico
994 3719 1157 3750 omnes
1189 3704 1326 3750 simul
1363 3704 1483 3750 laetae

435 3765 715 3822 exclamant,
753 3769 910 3816 venit!
963 3768 1057 3816 He.
1095 3768 1164 3823 iii,
1189 3772 1237 3816 3.
1261 3772 1294 3815 8
1347 3768 1483 3816 Nihil

429 3829 535 3876 vidi
555 3831 808 3894 quicquam
831 3833 984 3880 laetius
1015 3832 1106 3880 Ad.
1129 3833 1198 3891 iii,
1221 3837 1267 3880 3.
1294 3835 1355 3880 12

497 3895 766 3943 Laurentor.
829 3896 956 3950 Quia
977 3903 1074 3942 tum
1108 3897 1223 3943 mihi
1245 3896 1486 3945 lamentari

435 3967 604 4020 praeter
639 3969 816 4008 ceteras
840 3960 938 4006 visa
957 3967 1030 4007 est
1060 3960 1124 4008 A.
1147 3961 1181 4016 i,
1207 3966 1252 4008 1.
1274 3965 1339 4010 94
1371 3962 1484 4007 Μο-

433 4023 500 4070 do
523 4025 618 4072 vidi
637 4025 866 4088 virginem
889 4023 1118 4078 miserem,
1141 4038 1270 4072 suam
1293 4033 1484 4072 matrem

437 4086 678 4138 iannentari
703 4095 930 4136 mortuam
965 4087 1054 4138 Ph.
1076 4089 1113 4142 i,
1135 4094 1183 4138 2.
1205 4093 1270 4136 46

502 4152 720 4216 Lampas.
784 4153 938 4200 Missa
958 4153 1059 4199 haec
1081 4152 1213 4211 face5
1245 4155 1484 4216 hymenae-

436 4229 536 4328 1⁷1m,
558 4222 732 4278 turbes,
765 4219 1023 4284 lampadas,
1056 4217 1270 4266 tibicinas
1319 4217 1416 4266 Ad.
1437 4233 1484 4276 v,

2380 401 2625 469 clxxiii*

1629 566 1779 614 Lana.
1845 566 1983 627 Anus
2004 566 2067 617 ad
2090 566 2241 615 lanam
2268 568 2391 619 redit
2422 568 2545 619 Hea.
2566 573 2620 635 ii,

1559 635 1610 680 3.
1632 632 1695 681 ⁸⁷
1730 630 1860 679 Lana
1882 648 1938 680 8ο
1960 631 2052 679 tela
2076 633 2249 681 victum
2271 634 2519 698 quaeritans
2550 636 2618 685 A.

1560 695 1577 743 i
1624 700 1670 744 1.
1694 700 1761 745 48

1579 725 1596 751 ὗ
1626 758 1863 822 Languor.
1930 758 2023 807 Vel
2047 774 2120 807 me
2154 760 2257 809 haee
2278 760 2617 823 deambulatio,

1559 837 1701 886 quam
1724 839 1821 871 non
1854 823 2104 882 laboriosa,
2138 825 2201 871 ad
2227 825 2497 890 languorem
2530 830 2615 878 de·

1569 888 1667 935 dit!
1703 888 1825 935 Hea.
1847 886 1911 943 iv,
1932 892 1981 936 6.
2006 891 2035 935 8

1625 952 1817 1001 Lanius.
1881 952 2179 1001 Concurrunt
2204 951 2302 1002 iaeti
2326 953 2389 1000 mi
2410 955 2615 1013 obviam,

1559 1016 1853 1129 guzegiinarii
1888 1030 2068 1073 omnes,
2088 1016 2270 1075 cetarii,
2298 1017 2416 1065 lani-i
2448 1018 2541 1069 Eu.
2562 1019 2619 1083 ii,

1624 1144 1786 1207 Lapis.
1852 1145 1949 1193 Ubi
1966 1158 2151 1207 possem
2192 1145 2543 1207 persentiscere,
2564 1147 2617 1195 ui

1557 1224 1705 1258 essem
1725 1208 1879 1273 lapis?
1915 1208 2039 1257 Hes.
2058 1224 2105 1264 v,
2134 1212 2181 1256 1.
2201 1212 2265 1257 44
2298 1209 2389 1264 Τιι,
2404 1210 2618 1275 inquam,

1556 1274 1743 1333 mulier,
1782 1288 1889 1336 quae
1914 1288 1989 1320 me
2025 1272 2217 1319 omnino
2255 1273 2482 1336 lapidem,
2520 1290 2621 1323 non

1556 1338 1793 1385 homInem
1818 1342 1954 1400 putas
1987 1336 2081 1385 He.
2102 1337 2157 1391 ii,
2179 1341 2226 1384 1.
2252 1340 2309 1386 17
2360 1337 2475 1397 Hei,
2497 1340 2617 1403 quid

1558 1402 1686 1451 stas?
1712 1400 1855 1464 lapis!
1892 1400 2018 1451 Hea-
2037 1400 2103 1458 iv,
2124 1405 2173 1450 7.
2196 1405 2225 1449 3

1621 1466 1787 1529 Large.
1851 1465 2090 1529 Principio
2112 1472 2161 1511 et
2197 1465 2343 1512 habet
2358 1466 2485 1529 quod
2510 1467 2610 1525 det,

1558 1538 1609 1578 et
1631 1531 1715 1577 dat
1735 1542 1875 1577 nemo
1895 1529 2067 1592 largius
2098 1528 2191 1575 Eu.
2213 1546 2263 1589 v,
2286 1533 2334 1578 9.
2352 1534 2421 1578 48

1623 1594 1829 1658 Largior.
1896 1594 1975 1641 De
1998 1601 2044 1639 te
2066 1593 2273 1655 largitor,
2300 1608 2418 1655 puer
2448 1592 2547 1643 Ad.
2566 1612 2615 1651 v,

1559 1661 1611 1709 8.
1654 1664 1713 1708 17
1774 1657 1846 1704 Ex
1875 1657 2173 1713 assentando,
2214 1656 2524 1723 indulgendo,
2566 1668 2617 1707 et

1560 1722 1805 1785 largiundo
1840 1720 1939 1769 Ad.
1962 1738 2011 1777 v,
2032 1725 2081 1768 9.
2108 1724 2169 1769 31

1623 1786 1852 1849 Largitas.

1558 1852 1665 1899 tas?
1698 1850 1793 1897 Ad.
1817 1867 1864 1911 v,
1884 1854 1933 1897 9.
1958 1854 2023 1899 28
2067 1849 2334 1897 Vehemens
2368 1850 2419 1897 in
2442 1858 2617 1896 utram-

1557 1930 1653 1978 que
1674 1922 1852 1977 partem
1876 1928 1927 1987 “f''
1942 1913 2097 1970 nimis,
2120 1920 2203 1990 aut
2222 1913 2434 1975 largitate
2452 1914 2615 1971 nimia,

1561 1976 2199 2097 'uss'ssssffif’mzffssessaxss’
2216 1981 2416 2099 ιιᾱέῗῑ..
2452 2049 2504 2089 e.
2544 2040 2613 2088 ι..

1558 2106 1706 2157 scivia
1728 2106 1899 2153 diffluit
1928 2105 2050 2152 Hea.
2074 2120 2121 2159 v,
2147 2109 2193 2152 1.
2215 2109 2284 2153 72

1626 2170 1813 2225 Lassus,
1837 2186 1882 2226 a,
1904 2185 2001 2215 um.
2069 2168 2267 2214 Animus
2298 2166 2465 2228 lassus,
2502 2182 2616 2217 curn

1561 2234 1827 2289 confectus,
1852 2242 2012 2295 stupet
2066 2230 2131 2278 A.
2152 2231 2205 2286 ii.
2231 2237 2277 2280 l.
2299 2234 2333 2279 4
2382 2231 2616 2294 Vigilabis

1559 2297 1707 2345 lassus
1738 2298 1801 2345 A.
1822 2298 1877 2353 ii,
1900 2302 1949 2345 1.
1973 2300 2033 2346 15
2083 2296 2272 2343 Lassam
2294 2295 2475 2358 oppido
2514 2304 2615 2344 tum

1559 2376 1662 2409 esse
1686 2361 1875 2409 aiebant
1908 2360 2003 2407 He.
2024 2360 2081 2417 ii,
2106 2364 2150 2408 1.
2173 2364 2234 2408 41
2575 2398 2581 2406 .

1567 2439 1573 2445 ·
1626 2426 1781 2475 Later.
1849 2426 2053 2488 Purgem
2087 2424 2197 2471 rue?
2234 2423 2423 2471 laterem
2456 2423 2616 2481 *lavem

1562 2491 1655 2541 Ph.
1680 2492 1713 2547 i,
1736 2496 1787 2540 4.
1813 2495 1846 2539 9

1623 2554 1837 2612 Latinus,
1861 2569 1907 2609 a,
1930 2569 2025 2602 um.
2090 2551 2249 2600 Latini
2284 2547 2615 2600 Phormionem

1559 2619 1809 2666 nominant
1860 2618 1948 2664 Ph.
1972 2617 2096 2663 Prol.
2119 2621 2180 2665 27
2232 2615 2303 2663 Ex
2328 2616 2506 2663 Graecis
2528 2617 2613 2662 bo·-

1559 2683 1633 2727 nis
1654 2683 1846 2728 Latinas
1866 2681 1982 2727 fecit
2002 2696 2099 2726 non
2122 2680 2268 2726 bonas
2319 2679 2413 2725 Eu.
2433 2679 2561 2728 Ptol.
2582 2685 2614 2727 8

1918 1786 2041 1842 Quae
2060 1786 2193 1833 istinc
2214 1784 2368 1831 subita
2384 1794 2456 1833 est
2476 1785 2617 1848 largi-

1560 2745 1655 2792 Eas
1676 2746 1856 2792 fabulas
1877 2745 2026 2790 factas
2062 2744 2188 2808 prius
2226 2743 2435 2798 Latinas,
2472 2744 2616 2790 scisse

1559 2823 1627 2868 se,
1648 2809 1699 2856 id
1722 2825 1831 2855 vero
1852 2814 2078 2870 pernegat
2108 2806 2199 2857 Eu.
2224 2806 2350 2854 Prol.
2374 2811 2437 2854 34
2482 2805 2613 2852 Dum

1560 2872 1675 2919 facit
1700 2887 1871 2934 paucas
1889 2871 2081 2918 Latinas
2114 2869 2235 2918 Hea.
2257 2869 2383 2916 Prol.
2406 2873 2469 2917 18

1626 2937 1787 2985 Latus.
1848 2935 2125 2994 Triumpho,
2156 2935 2195 2980 si
2232 2933 2344 2980 licet
2368 2949 2441 2980 me
2468 2931 2634 2997 latere,

1563 3007 1692 3048 tecto
1714 3001 1967 3047 abscedere
1998 2999 2120 3046 Hea.
2144 2997 2206 3053 iv,
2228 3001 2278 3046 2.
2302 3003 2330 3045 5
2624 2999 2630 3009 '⁴

1624 3065 1809 3112 Laudo.
1877 3062 2042 3110 Laudo
2088 3062 2152 3110 A.
2174 3063 2229 3117 ii,
2250 3067 2297 3110 6.
2326 3065 2405 3110 12.
2438 3059 2529 3107 Eu.
2562 3058 2615 3116 ii,-

1560 3127 1609 3176 2.
1631 3133 1714 3177 48.
1766 3129 1855 3175 Ph.
1879 3128 1911 3184 i,
1930 3133 1977 3176 2.
2000 3132 2064 3175 90
2097 3125 2210 3173 Non
2241 3125 2381 3172 laudo
2412 3123 2474 3171 A.
2494 3125 2543 3180 ii,
2562 3130 2615 3173 6.

1559 3196 1625 3240 24
1658 3193 1731 3238 Eu
1750 3191 1933 3239 noster!
1973 3191 2113 3238 laudo
2146 3189 2238 3236 Eu.
2252 3190 2287 3245 i,
2302 3195 2351 3238 2.
2364 3193 2425 3237 'n
2462 3189 2613 3244 Quic-

1559 3256 1673 3318 quid
1699 3258 1881 3316 dicunt,
1903 3256 2043 3302 laudo
2062 3273 2073 3301 ε
2110 3254 2159 3300 id
2178 3269 2355 3300 rursum
2372 3253 2412 3299 si
2422 3259 2613 3314 negant,

1555 3320 1703 3368 laudo
1726 3322 1773 3368 id
1794 3335 1985 3383 quoque
2028 3319 2118 3366 Eu.
2142 3319 2195 3378 ii,
2212 3323 2261 3367 2.
2286 3323 2349 3366 20
2385 3303 2616 3376 AEdepoi,

1557 3399 1665 3432 mea
1702 3393 1748 3432 te
1778 3383 2045 3446 Antiphila,
2099 3383 2241 3430 laudo
2296 3381 2417 3430 Hea.
2442 3380 2493 3441 ii,
2508 3385 2557 3429 4.
2582 3387 2609 3430 l

1558 3449 1619 3495 In
1642 3451 1746 3496 loco
1778 3463 1868 3511 ego
1908 3461 2015 3495 vero
2050 3447 2207 3494 laudo¹
2240 3446 2359 3493 Hea.
2384 3445 2452 3501 iii,
2476 3449 2523 3494 2.
2544 3447 2615 3494 27

1557 3512 1704 3560 Nunc
1736 3513 1878 3560 laudo
1912 3521 1978 3568 te,
2020 3521 2161 3574 gnate
2216 3509 2337 3558 Hes..
2374 3525 2422 3568 V,
2460 3515 2509 3556 5.
2542 3513 2606 3557 21

1557 3574 1743 3634 Laudo,
1766 3577 2026 3639 Ctesipho:
2065 3576 2279 3637 petrissae
2334 3574 2429 3621 Ad.
2462 3572 2527 3625 iv,
2556 3576 2608 3622 2.

1557 3647 1620 3691 25
1658 3641 1893 3703 Amoque,
1918 3649 1967 3688 et
1980 3641 2198 3693 laudo,et
2214 3640 2510 3684 vehementer
2526 3637 2610 3683 de-

1556 3707 1711 3752 sidero
1746 3707 1839 3752 He.
1858 3705 1931 3766 iii,
1952 3711 2000 3752 5.
2022 3709 2085 3753 88
2119 3703 2283 3750 Laudo
2300 3703 2423 3748 hunc
2456 3700 2544 3747 Ph.
2562 3701 2614 3762 ii,

1562 3774 1693 3817 k‘55
1750 3769 1872 3816 Mihi
1896 3766 2025 3816 illam
2058 3767 2256 3814 laudas?
2290 3765 2381 3812 Eu.
2406 3781 2452 3819 v,
2474 3769 2522 3812 9.
2544 3768 2609 3812 23

1557 3833 1665 3880 Eho
1684 3835 1695 3879 l
1722 3834 1885 3880 laudas
1898 3827 2101 3896 ⁸Quaeso,
2143 3831 2277 3878 beros
2298 3829 2379 3892 qui
2402 3827 2607 3874 fallunt?

1555 3897 1681 3947 Hes.
1702 3899 1773 3958 iii,
1795 3903 1843 3945 2.
1864 3901 1930 3946 26
1978 3897 2163 3943 Laudas
2182 3896 2199 3940 ?
2255 3893 2347 3939 Ad.
2380 3893 2448 3952 iv,
2469 3897 2519 3940 2.
2542 3895 2608 3940 26

1557 3957 1720 4010 Scelus
1742 3977 1989 4025 quemnam
2011 3954 2089 4007 'hic
2123 3958 2316 4007 laudat?
2349 3955 2415 4003 A.
2435 3973 2481 4010 v,
2504 3960 2553 4004 2.
2574 3960 2607 4003 4

1560 4029 1664 4074 Aut
1682 4027 1717 4073 si
1740 4027 1919 4081 laudat,
1943 4032 1989 4072 te
2011 4031 2066 4072 ut
2085 4025 2207 4071 male
2226 4029 2327 4068 urat
2357 4021 2446 4066 Eu.
2470 4021 2535 4074 iii,
2562 4024 2608 4068 1.

1557 4095 1623 4140 48
1670 4089 1917 4152 Numquid
1940 4091 2100 4145 habes»,
2136 4087 2264 4150 quod
2298 4083 2605 4132 contemnas?

1557 4162 1745 4208 tacent:
1772 4155 1881 4202 satis
1894 4154 2087 4201 laudant
2104 4153 2194 4202 En.
2214 4151 2285 4206 iii,
2307 4155 2356 4198 2.
2379 4153 2441 4204 23
2477 4148 2607 4196 Gau·

1558 4221 1735 4266 debat:
1770 4235 1843 4266 me
1881 4219 2105 4266 laudabat
2149 4217 2241 4265 Ph.
2264 4217 2327 4271 iv,
2350 4219 2397 4263 2.
2418 4220 2447 4262 5
2484 4214 2627 4260 Lau-⁴

1561 4283 1697 4332 dabis
1741 4284 1862 4335 flea.
1884 4284 1945 4342 ii,⁸
1959 4288 2005 4332 3.
2033 4287 2125 4334 133
2172 4280 2223 4328 Si
2255 4279 2468 4329 laudabit
2504 4279 2607 4326 haec
