<?xml version="1.0" encoding="UTF-8"?>
<!DOCTYPE html PUBLIC "-//W3C//DTD XHTML 1.0 Transitional//EN"
    "http://www.w3.org/TR/xhtml1/DTD/xhtml1-transitional.dtd">
<html xmlns="http://www.w3.org/1999/xhtml" xml:lang="en" lang="en">
 <head>
  <title>
</title>
<meta http-equiv="Content-Type" content="text/html;charset=utf-8" />
  <meta name='ocr-system' content='tesseract 3.04.00' />
  <meta name='ocr-capabilities' content='ocr_page ocr_carea ocr_par ocr_line ocrx_word'/>
</head>
<body>
  <div class='ocr_page' id='page_1' title='image "./comoedisex09westgoog_0258.png"; bbox 0 0 3192 4975; ppageno 0'>
   <div class='ocr_carea' id='block_1_1' title="bbox 553 357 679 425">
    <p class='ocr_par' dir='ltr' id='par_1_1' title="bbox 553 357 679 425">
     <span class='ocr_line' id='line_1_1' title="bbox 553 357 679 425; baseline 0 -1"><span class='ocrx_word' id='word_1_1' title='bbox 553 357 679 425; x_wconf 76' lang='lat' dir='ltr'>civ·</span> 
     </span>
    </p>
   </div>
   <div class='ocr_carea' id='block_1_2' title="bbox 549 517 1626 4299">
    <p class='ocr_par' dir='ltr' id='par_1_2' title="bbox 553 517 1620 643">
     <span class='ocr_line' id='line_1_2' title="bbox 553 517 1620 588; baseline -0.008 -9"><span class='ocrx_word' id='word_1_2' title='bbox 553 541 663 578; x_wconf 78' lang='lat' dir='ltr'>mor</span> <span class='ocrx_word' id='word_1_3' title='bbox 692 517 847 588; x_wconf 75' lang='lat' dir='ltr'>venit,</span> <span class='ocrx_word' id='word_1_4' title='bbox 886 521 1055 578; x_wconf 65' lang='lat' dir='ltr'>datum</span> <span class='ocrx_word' id='word_1_5' title='bbox 1092 517 1147 571; x_wconf 85' lang='lat' dir='ltr'>iri</span> <span class='ocrx_word' id='word_1_6' title='bbox 1186 517 1469 586; x_wconf 62' lang='lat' dir='ltr'>gladiatore·</span> <span class='ocrx_word' id='word_1_7' title='bbox 1518 519 1620 572; x_wconf 79' lang='lat' dir='ltr'>He.</span> 
     </span>
     <span class='ocr_line' id='line_1_3' title="bbox 555 589 1011 643; baseline -0.015 0"><span class='ocrx_word' id='word_1_8' title='bbox 555 593 661 643; x_wconf 78' lang='lat' dir='ltr'>Alt.</span> <span class='ocrx_word' id='word_1_9' title='bbox 685 589 815 641; x_wconf 82' lang='lat' dir='ltr'>Prol.</span> <span class='ocrx_word' id='word_1_10' title='bbox 834 591 899 637; x_wconf 79' lang='grc'>32</span> <span class='ocrx_word' id='word_1_11' title='bbox 930 605 935 610; x_wconf 85' lang='grc'><em>·</em></span> <span class='ocrx_word' id='word_1_12' title='bbox 1004 589 1011 594; x_wconf 83' lang='grc'><em>’</em></span> 
     </span>
    </p>

    <p class='ocr_par' dir='ltr' id='par_1_3' title="bbox 550 649 1619 850">
     <span class='ocr_line' id='line_1_4' title="bbox 619 649 1618 720; baseline -0.005 -15"><span class='ocrx_word' id='word_1_13' title='bbox 619 655 865 720; x_wconf 77' lang='lat' dir='ltr'>Ephebus.</span> <span class='ocrx_word' id='word_1_14' title='bbox 926 651 1051 708; x_wconf 71' lang='lat' dir='ltr'>Quis</span> <span class='ocrx_word' id='word_1_15' title='bbox 1068 649 1163 698; x_wconf 78' lang='lat' dir='ltr'>fuit</span> <span class='ocrx_word' id='word_1_16' title='bbox 1178 649 1359 715; x_wconf 80' lang='lat' dir='ltr'>igitur?</span> <span class='ocrx_word' id='word_1_17' title='bbox 1380 650 1475 716; x_wconf 77' lang='lat' dir='ltr'><strong>Py.</strong></span> <span class='ocrx_word' id='word_1_18' title='bbox 1514 649 1618 700; x_wconf 69' lang='lat' dir='ltr'>Iste</span> 
     </span>
     <span class='ocr_line' id='line_1_5' title="bbox 550 714 1616 786; baseline -0.008 -16"><span class='ocrx_word' id='word_1_19' title='bbox 550 722 767 786; x_wconf 72' lang='lat' dir='ltr'>ephebus</span> <span class='ocrx_word' id='word_1_20' title='bbox 787 717 928 765; x_wconf 66' lang='lat' dir='ltr'>frater</span> <span class='ocrx_word' id='word_1_21' title='bbox 946 715 1180 764; x_wconf 71' lang='lat' dir='ltr'>Phoedriae</span> <span class='ocrx_word' id='word_1_22' title='bbox 1224 714 1320 763; x_wconf 81' lang='lat' dir='ltr'>En.</span> <span class='ocrx_word' id='word_1_23' title='bbox 1350 731 1399 772; x_wconf 79' lang='lat' dir='ltr'>v,</span> <span class='ocrx_word' id='word_1_24' title='bbox 1420 720 1467 766; x_wconf 86' lang='lat'><strong>1.</strong></span> <span class='ocrx_word' id='word_1_25' title='bbox 1489 720 1522 765; x_wconf 86' lang='grc'><strong>8</strong></span> <span class='ocrx_word' id='word_1_26' title='bbox 1564 714 1616 763; x_wconf 70' lang='lat' dir='ltr'>Ie</span> 
     </span>
     <span class='ocr_line' id='line_1_6' title="bbox 551 779 1619 850; baseline -0.004 -18"><span class='ocrx_word' id='word_1_27' title='bbox 551 793 803 850; x_wconf 66' lang='lat' dir='ltr'>postquem</span> <span class='ocrx_word' id='word_1_28' title='bbox 836 779 1038 832; x_wconf 71' lang='lat' dir='ltr'>excessit</span> <span class='ocrx_word' id='word_1_29' title='bbox 1068 796 1129 829; x_wconf 83' lang='lat' dir='ltr'>ex</span> <span class='ocrx_word' id='word_1_30' title='bbox 1170 779 1367 843; x_wconf 71' lang='lat' dir='ltr'>ephebis</span> <span class='ocrx_word' id='word_1_31' title='bbox 1408 779 1476 831; x_wconf 85' lang='lat' dir='ltr'>A.</span> <span class='ocrx_word' id='word_1_32' title='bbox 1506 781 1543 838; x_wconf 84' lang='lat' dir='ltr'>i,</span> <span class='ocrx_word' id='word_1_33' title='bbox 1567 785 1619 829; x_wconf 82' lang='lat'><strong>1.-</strong></span> 
     </span>
    </p>

    <p class='ocr_par' dir='ltr' id='par_1_4' title="bbox 550 907 1620 1090">
     <span class='ocr_line' id='line_1_7' title="bbox 616 907 1620 976; baseline -0.006 -16"><span class='ocrx_word' id='word_1_34' title='bbox 616 911 1060 976; x_wconf 70' lang='lat' dir='ltr'>Epidieezomenos.</span> <span class='ocrx_word' id='word_1_35' title='bbox 1143 907 1364 973; x_wconf 82' lang='lat' dir='ltr'>Apporto</span> <span class='ocrx_word' id='word_1_36' title='bbox 1423 921 1593 955; x_wconf 78' lang='lat' dir='ltr'>novam</span> <span class='ocrx_word' id='word_1_37' title='bbox 1599 937 1620 964; x_wconf 60' lang='lat' dir='ltr'><em>a</em></span> 
     </span>
     <span class='ocr_line' id='line_1_8' title="bbox 550 971 1620 1040; baseline -0.005 -15"><span class='ocrx_word' id='word_1_38' title='bbox 550 976 985 1040; x_wconf 68' lang='lat' dir='ltr'><strong>Epidicazomenon</strong></span> <span class='ocrx_word' id='word_1_39' title='bbox 1009 989 1149 1037; x_wconf 74' lang='lat' dir='ltr'>quam</span> <span class='ocrx_word' id='word_1_40' title='bbox 1170 980 1345 1022; x_wconf 73' lang='lat' dir='ltr'>vocant</span> <span class='ocrx_word' id='word_1_41' title='bbox 1372 971 1620 1023; x_wconf 80' lang='lat' dir='ltr'>Comoedi·</span> 
     </span>
     <span class='ocr_line' id='line_1_9' title="bbox 553 1037 1165 1090; baseline -0.003 0"><span class='ocrx_word' id='word_1_42' title='bbox 553 1055 631 1090; x_wconf 74' lang='lat' dir='ltr'>mn</span> <span class='ocrx_word' id='word_1_43' title='bbox 652 1039 810 1089; x_wconf 64' lang='lat' dir='ltr'>Greci</span> <span class='ocrx_word' id='word_1_44' title='bbox 842 1040 933 1088; x_wconf 88' lang='lat' dir='ltr'><strong>Ph.</strong></span> <span class='ocrx_word' id='word_1_45' title='bbox 951 1037 1078 1086; x_wconf 88' lang='lat' dir='ltr'>Prol.</span> <span class='ocrx_word' id='word_1_46' title='bbox 1094 1041 1165 1088; x_wconf 88' lang='grc'>26</span> 
     </span>
    </p>

    <p class='ocr_par' dir='ltr' id='par_1_5' title="bbox 549 1098 1618 1298">
     <span class='ocr_line' id='line_1_10' title="bbox 617 1098 1618 1169; baseline -0.005 -16"><span class='ocrx_word' id='word_1_47' title='bbox 617 1103 851 1169; x_wconf 68' lang='lat' dir='ltr'>Epistola.</span> <span class='ocrx_word' id='word_1_48' title='bbox 918 1101 1180 1166; x_wconf 73' lang='lat' dir='ltr'>Epistulam</span> <span class='ocrx_word' id='word_1_49' title='bbox 1223 1101 1285 1150; x_wconf 78' lang='lat' dir='ltr'>ab</span> <span class='ocrx_word' id='word_1_50' title='bbox 1326 1117 1387 1150; x_wconf 89' lang='lat' dir='ltr'>eo</span> <span class='ocrx_word' id='word_1_51' title='bbox 1424 1098 1618 1148; x_wconf 71' lang='lat' dir='ltr'>allatam</span> 
     </span>
     <span class='ocr_line' id='line_1_11' title="bbox 549 1164 1616 1225; baseline -0.006 -5"><span class='ocrx_word' id='word_1_52' title='bbox 549 1184 656 1220; x_wconf 70' lang='lat' dir='ltr'>esse</span> <span class='ocrx_word' id='word_1_53' title='bbox 676 1168 837 1218; x_wconf 76' lang='lat' dir='ltr'>audivi</span> <span class='ocrx_word' id='word_1_54' title='bbox 858 1167 1001 1216; x_wconf 86' lang='lat' dir='ltr'>modo</span> <span class='ocrx_word' id='word_1_55' title='bbox 1034 1166 1125 1216; x_wconf 72' lang='lat' dir='ltr'><strong>Plu.</strong></span> <span class='ocrx_word' id='word_1_56' title='bbox 1146 1165 1183 1225; x_wconf 90' lang='lat' dir='ltr'>i,</span> <span class='ocrx_word' id='word_1_57' title='bbox 1202 1171 1253 1216; x_wconf 98' lang='grc'>2.</span> <span class='ocrx_word' id='word_1_58' title='bbox 1278 1170 1343 1215; x_wconf 87' lang='grc'>99</span> <span class='ocrx_word' id='word_1_59' title='bbox 1385 1164 1437 1213; x_wconf 80' lang='lat' dir='ltr'>Is</span> <span class='ocrx_word' id='word_1_60' title='bbox 1455 1180 1616 1214; x_wconf 71' lang='lat' dir='ltr'>senem</span> 
     </span>
     <span class='ocr_line' id='line_1_12' title="bbox 550 1230 1438 1298; baseline -0.002 -16"><span class='ocrx_word' id='word_1_61' title='bbox 550 1248 641 1298; x_wconf 78' lang='lat' dir='ltr'>per</span> <span class='ocrx_word' id='word_1_62' title='bbox 657 1232 883 1298; x_wconf 72' lang='lat' dir='ltr'><strong>epistolas</strong></span> <span class='ocrx_word' id='word_1_63' title='bbox 902 1231 1099 1296; x_wconf 77' lang='lat' dir='ltr'>‘pellexit</span> <span class='ocrx_word' id='word_1_64' title='bbox 1128 1230 1220 1279; x_wconf 87' lang='lat' dir='ltr'><strong>Ph.</strong></span> <span class='ocrx_word' id='word_1_65' title='bbox 1242 1230 1277 1285; x_wconf 87' lang='lat' dir='ltr'>i,</span> <span class='ocrx_word' id='word_1_66' title='bbox 1300 1235 1351 1280; x_wconf 97' lang='grc'>2.</span> <span class='ocrx_word' id='word_1_67' title='bbox 1376 1234 1438 1280; x_wconf 95' lang='grc'>17</span> 
     </span>
    </p>

    <p class='ocr_par' dir='ltr' id='par_1_6' title="bbox 551 1291 1624 3274">
     <span class='ocr_line' id='line_1_13' title="bbox 618 1291 1617 1362; baseline -0.005 -16"><span class='ocrx_word' id='word_1_68' title='bbox 618 1297 875 1362; x_wconf 82' lang='lat' dir='ltr'>Equidem.</span> <span class='ocrx_word' id='word_1_69' title='bbox 937 1294 1081 1344; x_wconf 80' lang='lat' dir='ltr'>Dabo</span> <span class='ocrx_word' id='word_1_70' title='bbox 1096 1294 1319 1358; x_wconf 83' lang='lat' dir='ltr'>equidem</span> <span class='ocrx_word' id='word_1_71' title='bbox 1332 1309 1521 1358; x_wconf 77' lang='lat' dir='ltr'>opernm</span> <span class='ocrx_word' id='word_1_72' title='bbox 1544 1291 1617 1342; x_wconf 75' lang='lat' dir='ltr'>‘A-</span> 
     </span>
     <span class='ocr_line' id='line_1_14' title="bbox 551 1357 1616 1424; baseline -0.005 -14"><span class='ocrx_word' id='word_1_73' title='bbox 551 1361 611 1424; x_wconf 87' lang='lat' dir='ltr'>ii,</span> <span class='ocrx_word' id='word_1_74' title='bbox 631 1366 760 1413; x_wconf 91' lang='grc'><strong>1.27</strong></span> <span class='ocrx_word' id='word_1_75' title='bbox 804 1361 915 1410; x_wconf 80' lang='lat' dir='ltr'>Soio</span> <span class='ocrx_word' id='word_1_76' title='bbox 943 1357 1167 1424; x_wconf 80' lang='lat' dir='ltr'>equidem</span> <span class='ocrx_word' id='word_1_77' title='bbox 1196 1359 1333 1406; x_wconf 76' lang='lat' dir='ltr'>illam</span> <span class='ocrx_word' id='word_1_78' title='bbox 1366 1358 1616 1406; x_wconf 85' lang='lat' dir='ltr'>ducturum</span> 
     </span>
     <span class='ocr_line' id='line_1_15' title="bbox 554 1422 1617 1488; baseline -0.005 -13"><span class='ocrx_word' id='word_1_79' title='bbox 554 1441 661 1475; x_wconf 74' lang='lat' dir='ltr'>ense</span> <span class='ocrx_word' id='word_1_80' title='bbox 681 1433 734 1475; x_wconf 80' lang='lat' dir='ltr'>te</span> <span class='ocrx_word' id='word_1_81' title='bbox 761 1425 825 1474; x_wconf 86' lang='lat' dir='ltr'>A.</span> <span class='ocrx_word' id='word_1_82' title='bbox 844 1425 913 1482; x_wconf 81' lang='lat' dir='ltr'>iv,</span> <span class='ocrx_word' id='word_1_83' title='bbox 934 1430 983 1475; x_wconf 85' lang='lat'><strong>1.</strong></span> <span class='ocrx_word' id='word_1_84' title='bbox 1000 1428 1062 1473; x_wconf 76' lang='grc'><strong>35</strong></span> <span class='ocrx_word' id='word_1_85' title='bbox 1097 1422 1339 1481; x_wconf 78' lang='lat' dir='ltr'><strong>Quidnam</strong></span> <span class='ocrx_word' id='word_1_86' title='bbox 1354 1423 1617 1488; x_wconf 76' lang='lat' dir='ltr'>apportas?</span> 
     </span>
     <span class='ocr_line' id='line_1_16' title="bbox 553 1486 1616 1554; baseline -0.003 -14"><span class='ocrx_word' id='word_1_87' title='bbox 553 1490 661 1542; x_wconf 77' lang='lat' dir='ltr'><strong>Da.</strong></span> <span class='ocrx_word' id='word_1_88' title='bbox 712 1489 848 1540; x_wconf 83' lang='lat' dir='ltr'>Nihil</span> <span class='ocrx_word' id='word_1_89' title='bbox 890 1489 1131 1554; x_wconf 79' lang='lat' dir='ltr'>equidem,</span> <span class='ocrx_word' id='word_1_90' title='bbox 1172 1488 1265 1537; x_wconf 73' lang='lat' dir='ltr'>nisi</span> <span class='ocrx_word' id='word_1_91' title='bbox 1312 1486 1377 1535; x_wconf 83' lang='lat' dir='ltr'>A.</span> <span class='ocrx_word' id='word_1_92' title='bbox 1412 1503 1459 1547; x_wconf 77' lang='lat' dir='ltr'>v,</span> <span class='ocrx_word' id='word_1_93' title='bbox 1480 1491 1529 1536; x_wconf 91' lang='grc'>2.</span> <span class='ocrx_word' id='word_1_94' title='bbox 1553 1491 1616 1537; x_wconf 88' lang='grc'>17</span> 
     </span>
     <span class='ocr_line' id='line_1_17' title="bbox 556 1551 1618 1616; baseline -0.001 -13"><span class='ocrx_word' id='word_1_95' title='bbox 556 1554 688 1612; x_wconf 79' lang='lat' dir='ltr'>Quin</span> <span class='ocrx_word' id='word_1_96' title='bbox 707 1553 852 1603; x_wconf 69' lang='lat' dir='ltr'>tristis</span> <span class='ocrx_word' id='word_1_97' title='bbox 872 1569 943 1604; x_wconf 77' lang='lat' dir='ltr'>es·</span> <span class='ocrx_word' id='word_1_98' title='bbox 981 1553 1074 1602; x_wconf 73' lang='lat' dir='ltr'><strong>Pa.</strong></span> <span class='ocrx_word' id='word_1_99' title='bbox 1104 1551 1239 1601; x_wconf 88' lang='lat' dir='ltr'>Nihil</span> <span class='ocrx_word' id='word_1_100' title='bbox 1260 1552 1483 1616; x_wconf 81' lang='lat' dir='ltr'>equidem</span> <span class='ocrx_word' id='word_1_101' title='bbox 1521 1551 1618 1602; x_wconf 89' lang='lat' dir='ltr'>Eu.</span> 
     </span>
     <span class='ocr_line' id='line_1_18' title="bbox 553 1617 1618 1683; baseline -0.004 -15"><span class='ocrx_word' id='word_1_102' title='bbox 553 1619 611 1677; x_wconf 81' lang='lat' dir='ltr'>ii,</span> <span class='ocrx_word' id='word_1_103' title='bbox 632 1625 681 1670; x_wconf 92' lang='grc'>2.</span> <span class='ocrx_word' id='word_1_104' title='bbox 697 1623 763 1670; x_wconf 93' lang='grc'>42</span> <span class='ocrx_word' id='word_1_105' title='bbox 812 1618 875 1666; x_wconf 91' lang='lat' dir='ltr'>Id</span> <span class='ocrx_word' id='word_1_106' title='bbox 902 1618 1127 1683; x_wconf 77' lang='lat' dir='ltr'>equidem</span> <span class='ocrx_word' id='word_1_107' title='bbox 1146 1617 1403 1665; x_wconf 67' lang='lat' dir='ltr'>adveniens</span> <span class='ocrx_word' id='word_1_108' title='bbox 1432 1631 1618 1664; x_wconf 88' lang='lat' dir='ltr'>mecum</span> 
     </span>
     <span class='ocr_line' id='line_1_19' title="bbox 556 1679 1618 1738; baseline -0.004 -7"><span class='ocrx_word' id='word_1_109' title='bbox 556 1683 883 1733; x_wconf 69' lang='lat' dir='ltr'>stomachabor</span> <span class='ocrx_word' id='word_1_110' title='bbox 920 1682 1065 1730; x_wconf 88' lang='lat' dir='ltr'>modo</span> <span class='ocrx_word' id='word_1_111' title='bbox 1108 1681 1201 1729; x_wconf 86' lang='lat' dir='ltr'>Eu.</span> <span class='ocrx_word' id='word_1_112' title='bbox 1222 1680 1276 1738; x_wconf 89' lang='lat' dir='ltr'>ii,</span> <span class='ocrx_word' id='word_1_113' title='bbox 1298 1686 1348 1730; x_wconf 87' lang='grc'>3.</span> <span class='ocrx_word' id='word_1_114' title='bbox 1370 1685 1433 1730; x_wconf 87' lang='grc'><strong>31</strong></span> <span class='ocrx_word' id='word_1_115' title='bbox 1483 1679 1618 1737; x_wconf 84' lang='lat' dir='ltr'><strong>Quid</strong></span> 
     </span>
     <span class='ocr_line' id='line_1_20' title="bbox 556 1744 1622 1872; baseline -0.004 -13"><span class='ocrx_word' id='word_1_116' title='bbox 556 1747 667 1861; x_wconf 58' lang='lat'>32³3,</span> <span class='ocrx_word' id='word_1_117' title='bbox 678 1749 699 1796; x_wconf 71' lang='lat'>³</span> <span class='ocrx_word' id='word_1_118' title='bbox 710 1745 1223 1860; x_wconf 52' lang='lat' dir='ltr'>uii’ssbi&#39;ffluiifffd.</span> <span class='ocrx_word' id='word_1_119' title='bbox 1246 1744 1622 1872; x_wconf 51' lang='grc' dir='ltr'>ἒῖἕδέἒιΐὲἶῐῗῖ</span> 
     </span>
     <span class='ocr_line' id='line_1_21' title="bbox 556 1844 1620 1937; baseline -0.004 -13"><span class='ocrx_word' id='word_1_120' title='bbox 556 1845 811 1925; x_wconf 69' lang='grc' dir='ltr'>ἁειιι’ἰείιιο</span> <span class='ocrx_word' id='word_1_121' title='bbox 832 1891 885 1924; x_wconf 73' lang='lat' dir='ltr'>os</span> <span class='ocrx_word' id='word_1_122' title='bbox 906 1844 1049 1923; x_wconf 66' lang='lat' dir='ltr'>tuum⁸</span> <span class='ocrx_word' id='word_1_123' title='bbox 1067 1873 1322 1937; x_wconf 73' lang='lat' dir='ltr'>impudens</span> <span class='ocrx_word' id='word_1_124' title='bbox 1351 1873 1507 1921; x_wconf 80' lang='lat' dir='ltr'>videre</span> <span class='ocrx_word' id='word_1_125' title='bbox 1540 1873 1620 1920; x_wconf 80' lang='lat' dir='ltr'>ni-</span> 
     </span>
     <span class='ocr_line' id='line_1_22' title="bbox 556 1937 1620 2001; baseline -0.007 -12"><span class='ocrx_word' id='word_1_126' title='bbox 556 1939 705 1989; x_wconf 80' lang='lat' dir='ltr'>mium</span> <span class='ocrx_word' id='word_1_127' title='bbox 728 1939 895 1990; x_wconf 76' lang='lat' dir='ltr'>vellem</span> <span class='ocrx_word' id='word_1_128' title='bbox 928 1939 1022 1989; x_wconf 87' lang='lat' dir='ltr'>Eu.</span> <span class='ocrx_word' id='word_1_129' title='bbox 1042 1938 1115 1993; x_wconf 83' lang='lat' dir='ltr'>iii,</span> <span class='ocrx_word' id='word_1_130' title='bbox 1133 1945 1185 1988; x_wconf 88' lang='lat'><strong>5.</strong></span> <span class='ocrx_word' id='word_1_131' title='bbox 1203 1942 1271 1987; x_wconf 91' lang='grc'><strong>49</strong></span> <span class='ocrx_word' id='word_1_132' title='bbox 1284 1937 1461 1986; x_wconf 66' lang='lat' dir='ltr'>Credo</span> <span class='ocrx_word' id='word_1_133' title='bbox 1482 1937 1620 2001; x_wconf 82' lang='lat' dir='ltr'>equi-</span> 
     </span>
     <span class='ocr_line' id='line_1_23' title="bbox 557 2000 1624 2069; baseline 0 -17"><span class='ocrx_word' id='word_1_134' title='bbox 557 2003 667 2053; x_wconf 90' lang='lat' dir='ltr'>dem</span> <span class='ocrx_word' id='word_1_135' title='bbox 688 2004 823 2052; x_wconf 88' lang='lat' dir='ltr'>illum</span> <span class='ocrx_word' id='word_1_136' title='bbox 838 2004 943 2069; x_wconf 72' lang='lat' dir='ltr'>jem</span> <span class='ocrx_word' id='word_1_137' title='bbox 961 2003 1216 2051; x_wconf 77' lang='lat' dir='ltr'>affuturum</span> <span class='ocrx_word' id='word_1_138' title='bbox 1236 2017 1338 2050; x_wconf 81' lang='lat' dir='ltr'>esse</span> <span class='ocrx_word' id='word_1_139' title='bbox 1370 2000 1463 2050; x_wconf 83' lang='lat' dir='ltr'>Eu.</span> <span class='ocrx_word' id='word_1_140' title='bbox 1482 2001 1551 2058; x_wconf 80' lang='lat' dir='ltr'>iv,</span> <span class='ocrx_word' id='word_1_141' title='bbox 1570 2007 1624 2052; x_wconf 91' lang='grc'>6.</span> 
     </span>
     <span class='ocr_line' id='line_1_24' title="bbox 556 2065 1620 2134; baseline -0.006 -15"><span class='ocrx_word' id='word_1_142' title='bbox 556 2073 585 2119; x_wconf 86' lang='grc'><strong>1</strong></span> <span class='ocrx_word' id='word_1_143' title='bbox 626 2069 863 2134; x_wconf 82' lang='lat' dir='ltr'><strong>Equidem</strong></span> <span class='ocrx_word' id='word_1_144' title='bbox 928 2068 977 2116; x_wconf 94' lang='lat' dir='ltr'>ol</span> <span class='ocrx_word' id='word_1_145' title='bbox 1012 2067 1064 2116; x_wconf 86' lang='lat' dir='ltr'>in</span> <span class='ocrx_word' id='word_1_146' title='bbox 1084 2082 1190 2114; x_wconf 77' lang='lat' dir='ltr'>enm</span> <span class='ocrx_word' id='word_1_147' title='bbox 1212 2073 1392 2130; x_wconf 79' lang='lat' dir='ltr'>partem</span> <span class='ocrx_word' id='word_1_148' title='bbox 1410 2065 1620 2130; x_wconf 81' lang='lat' dir='ltr'>accipio-</span> 
     </span>
     <span class='ocr_line' id='line_1_25' title="bbox 555 2129 1623 2196; baseline -0.002 -16"><span class='ocrx_word' id='word_1_149' title='bbox 555 2147 669 2196; x_wconf 85' lang='lat' dir='ltr'>que,</span> <span class='ocrx_word' id='word_1_150' title='bbox 691 2141 741 2183; x_wconf 88' lang='lat' dir='ltr'>et</span> <span class='ocrx_word' id='word_1_151' title='bbox 762 2133 869 2181; x_wconf 80' lang='lat' dir='ltr'>volo</span> <span class='ocrx_word' id='word_1_152' title='bbox 948 2133 1076 2190; x_wconf 79' lang='lat' dir='ltr'>u.‘v,</span> <span class='ocrx_word' id='word_1_153' title='bbox 1096 2135 1145 2182; x_wconf 87' lang='grc'>2.</span> <span class='ocrx_word' id='word_1_154' title='bbox 1165 2135 1227 2182; x_wconf 89' lang='grc'><strong>37</strong></span> <span class='ocrx_word' id='word_1_155' title='bbox 1281 2129 1445 2194; x_wconf 82' lang='lat' dir='ltr'>Atque</span> <span class='ocrx_word' id='word_1_156' title='bbox 1486 2147 1513 2178; x_wconf 92' lang='lat' dir='ltr'>e</span> <span class='ocrx_word' id='word_1_157' title='bbox 1547 2131 1623 2178; x_wconf 79' lang='lat' dir='ltr'>ui·-</span> 
     </span>
     <span class='ocr_line' id='line_1_26' title="bbox 556 2146 1621 2258; baseline -0.004 -12"><span class='ocrx_word' id='word_1_158' title='bbox 556 2197 669 2246; x_wconf 89' lang='lat' dir='ltr'>dem</span> <span class='ocrx_word' id='word_1_159' title='bbox 690 2205 872 2258; x_wconf 75' lang='lat' dir='ltr'>orante,</span> <span class='ocrx_word' id='word_1_160' title='bbox 894 2203 949 2246; x_wconf 87' lang='lat' dir='ltr'>ut</span> <span class='ocrx_word' id='word_1_161' title='bbox 968 2213 1029 2245; x_wconf 90' lang='lat' dir='ltr'>ne</span> <span class='ocrx_word' id='word_1_162' title='bbox 1050 2197 1098 2244; x_wconf 88' lang='lat' dir='ltr'>id</span> <span class='ocrx_word' id='word_1_163' title='bbox 1116 2196 1310 2251; x_wconf 76' lang='lat' dir='ltr'>faceret,</span> <span class='ocrx_word' id='word_1_164' title='bbox 1324 2146 1621 2248; x_wconf 54' lang='lat' dir='ltr'>Thaide‘iilu.</span> 
     </span>
     <span class='ocr_line' id='line_1_27' title="bbox 555 2257 1614 2324; baseline 0 -18"><span class='ocrx_word' id='word_1_165' title='bbox 555 2277 606 2316; x_wconf 78' lang='lat' dir='ltr'>v,</span> <span class='ocrx_word' id='word_1_166' title='bbox 628 2268 678 2310; x_wconf 76' lang='lat'><strong>5.</strong></span> <span class='ocrx_word' id='word_1_167' title='bbox 699 2265 761 2310; x_wconf 84' lang='grc'><strong>14</strong></span> <span class='ocrx_word' id='word_1_168' title='bbox 801 2261 931 2319; x_wconf 87' lang='lat' dir='ltr'>Quid</span> <span class='ocrx_word' id='word_1_169' title='bbox 956 2269 1008 2308; x_wconf 89' lang='lat' dir='ltr'>tu</span> <span class='ocrx_word' id='word_1_170' title='bbox 1029 2260 1135 2308; x_wconf 73' lang='lat' dir='ltr'>istic</span> <span class='ocrx_word' id='word_1_171' title='bbox 1153 2260 1170 2306; x_wconf 86' lang='lat'>?</span> <span class='ocrx_word' id='word_1_172' title='bbox 1194 2259 1281 2324; x_wconf 79' lang='lat' dir='ltr'><strong>Sy.</strong></span> <span class='ocrx_word' id='word_1_173' title='bbox 1302 2257 1457 2307; x_wconf 78' lang='lat' dir='ltr'>Recte</span> <span class='ocrx_word' id='word_1_174' title='bbox 1476 2259 1614 2323; x_wconf 86' lang='lat' dir='ltr'>equi·</span> 
     </span>
     <span class='ocr_line' id='line_1_28' title="bbox 558 2322 1620 2387; baseline -0.002 -15"><span class='ocrx_word' id='word_1_175' title='bbox 558 2326 671 2373; x_wconf 84' lang='lat' dir='ltr'>dem</span> <span class='ocrx_word' id='word_1_176' title='bbox 702 2325 826 2372; x_wconf 70' lang='lat' dir='ltr'>Heu.</span> <span class='ocrx_word' id='word_1_177' title='bbox 847 2325 917 2387; x_wconf 84' lang='lat' dir='ltr'>iii,</span> <span class='ocrx_word' id='word_1_178' title='bbox 936 2330 985 2374; x_wconf 90' lang='grc'><strong>2.</strong></span> <span class='ocrx_word' id='word_1_179' title='bbox 1005 2330 1036 2374; x_wconf 91' lang='grc'><strong>7</strong></span> <span class='ocrx_word' id='word_1_180' title='bbox 1093 2323 1131 2370; x_wconf 90' lang='lat' dir='ltr'><strong>F</strong></span> <span class='ocrx_word' id='word_1_181' title='bbox 1132 2323 1251 2370; x_wconf 82' lang='lat' dir='ltr'>acile</span> <span class='ocrx_word' id='word_1_182' title='bbox 1287 2323 1508 2386; x_wconf 82' lang='lat' dir='ltr'>equidem</span> <span class='ocrx_word' id='word_1_183' title='bbox 1544 2322 1620 2370; x_wconf 69' lang='lat' dir='ltr'>fn-</span> 
     </span>
     <span class='ocr_line' id='line_1_29' title="bbox 558 2385 1616 2454; baseline 0 -18"><span class='ocrx_word' id='word_1_184' title='bbox 558 2401 666 2438; x_wconf 81' lang='lat' dir='ltr'>cere</span> <span class='ocrx_word' id='word_1_185' title='bbox 706 2403 915 2454; x_wconf 72' lang='lat' dir='ltr'>possum,</span> <span class='ocrx_word' id='word_1_186' title='bbox 958 2389 996 2436; x_wconf 74' lang='lat' dir='ltr'>si</span> <span class='ocrx_word' id='word_1_187' title='bbox 1038 2388 1177 2450; x_wconf 72' lang='lat' dir='ltr'>jubes</span> <span class='ocrx_word' id='word_1_188' title='bbox 1230 2386 1355 2434; x_wconf 71' lang='lat' dir='ltr'>Heu.</span> <span class='ocrx_word' id='word_1_189' title='bbox 1386 2385 1460 2442; x_wconf 87' lang='lat' dir='ltr'>iii,</span> <span class='ocrx_word' id='word_1_190' title='bbox 1480 2390 1528 2434; x_wconf 91' lang='grc'>2.</span> <span class='ocrx_word' id='word_1_191' title='bbox 1550 2390 1616 2436; x_wconf 86' lang='grc'>36</span> 
     </span>
     <span class='ocr_line' id='line_1_30' title="bbox 558 2449 1618 2528; baseline -0.005 -27"><span class='ocrx_word' id='word_1_192' title='bbox 558 2452 717 2528; x_wconf 50' lang='lat' dir='ltr'>Quum</span> <span class='ocrx_word' id='word_1_193' title='bbox 762 2451 1016 2527; x_wconf 61' lang='lat' dir='ltr'>molegtus!</span> <span class='ocrx_word' id='word_1_194' title='bbox 1078 2460 1161 2526; x_wconf 46' lang='lat' dir='ltr'>uta·</span> <span class='ocrx_word' id='word_1_195' title='bbox 1188 2449 1411 2526; x_wconf 73' lang='lat' dir='ltr'>equidem</span> <span class='ocrx_word' id='word_1_196' title='bbox 1451 2450 1618 2526; x_wconf 67' lang='lat' dir='ltr'>metui3</span> 
     </span>
     <span class='ocr_line' id='line_1_31' title="bbox 558 2514 1622 2638; baseline 0.005 -8"><span class='ocrx_word' id='word_1_197' title='bbox 558 2514 1240 2638; x_wconf 47' lang='lat' dir='ltr'><strong>affin..</strong></span> <span class='ocrx_word' id='word_1_198' title='bbox 1253 2515 1622 2635; x_wconf 41' lang='lat' dir='ltr'>{queue}</span> 
     </span>
     <span class='ocr_line' id='line_1_32' title="bbox 561 2644 1620 2721; baseline -0.005 -25"><span class='ocrx_word' id='word_1_199' title='bbox 561 2650 609 2696; x_wconf 87' lang='lat'><strong>1.</strong></span> <span class='ocrx_word' id='word_1_200' title='bbox 630 2651 663 2696; x_wconf 86' lang='grc'><strong>3</strong></span> <span class='ocrx_word' id='word_1_201' title='bbox 717 2645 777 2695; x_wconf 86' lang='lat' dir='ltr'>Id</span> <span class='ocrx_word' id='word_1_202' title='bbox 800 2645 1019 2721; x_wconf 81' lang='lat' dir='ltr'>equidem</span> <span class='ocrx_word' id='word_1_203' title='bbox 1040 2660 1149 2709; x_wconf 79' lang='lat' dir='ltr'>ego,</span> <span class='ocrx_word' id='word_1_204' title='bbox 1172 2644 1211 2692; x_wconf 74' lang='lat' dir='ltr'>si</span> <span class='ocrx_word' id='word_1_205' title='bbox 1232 2651 1285 2691; x_wconf 88' lang='lat' dir='ltr'>tu</span> <span class='ocrx_word' id='word_1_206' title='bbox 1306 2659 1468 2707; x_wconf 74' lang='lat' dir='ltr'>neges,</span> <span class='ocrx_word' id='word_1_207' title='bbox 1490 2650 1620 2691; x_wconf 85' lang='lat' dir='ltr'>certo</span> 
     </span>
     <span class='ocr_line' id='line_1_33' title="bbox 558 2708 1620 2772; baseline -0.004 -13"><span class='ocrx_word' id='word_1_208' title='bbox 558 2710 661 2759; x_wconf 71' lang='lat' dir='ltr'>scio</span> <span class='ocrx_word' id='word_1_209' title='bbox 693 2710 818 2759; x_wconf 67' lang='lat' dir='ltr'>Heu.</span> <span class='ocrx_word' id='word_1_210' title='bbox 841 2724 907 2770; x_wconf 78' lang='lat' dir='ltr'>w,</span> <span class='ocrx_word' id='word_1_211' title='bbox 932 2712 979 2757; x_wconf 91' lang='lat'><strong>1.</strong></span> <span class='ocrx_word' id='word_1_212' title='bbox 1002 2714 1065 2761; x_wconf 84' lang='lat'>19</span> <span class='ocrx_word' id='word_1_213' title='bbox 1096 2708 1291 2758; x_wconf 77' lang='lat' dir='ltr'>Scilicet</span> <span class='ocrx_word' id='word_1_214' title='bbox 1310 2708 1532 2772; x_wconf 87' lang='lat' dir='ltr'>equidem</span> <span class='ocrx_word' id='word_1_215' title='bbox 1556 2709 1620 2755; x_wconf 79' lang='lat' dir='ltr'>is·-</span> 
     </span>
     <span class='ocr_line' id='line_1_34' title="bbox 560 2772 1620 2838; baseline 0.001 -16"><span class='ocrx_word' id='word_1_216' title='bbox 560 2782 645 2824; x_wconf 80' lang='lat' dir='ltr'>tuc</span> <span class='ocrx_word' id='word_1_217' title='bbox 680 2774 855 2823; x_wconf 74' lang='lat' dir='ltr'>sactum</span> <span class='ocrx_word' id='word_1_218' title='bbox 898 2773 1139 2838; x_wconf 73' lang='lat' dir='ltr'>ignoscam</span> <span class='ocrx_word' id='word_1_219' title='bbox 1203 2772 1327 2821; x_wconf 71' lang='lat' dir='ltr'>Heu.</span> <span class='ocrx_word' id='word_1_220' title='bbox 1367 2773 1432 2830; x_wconf 80' lang='lat' dir='ltr'>iv,</span> <span class='ocrx_word' id='word_1_221' title='bbox 1473 2777 1519 2822; x_wconf 93' lang='lat'><strong>1.</strong></span> <span class='ocrx_word' id='word_1_222' title='bbox 1554 2776 1620 2823; x_wconf 84' lang='grc'>34</span> 
     </span>
     <span class='ocr_line' id='line_1_35' title="bbox 559 2835 1622 2904; baseline 0 -17"><span class='ocrx_word' id='word_1_223' title='bbox 559 2838 689 2889; x_wconf 85' lang='lat' dir='ltr'>Huic</span> <span class='ocrx_word' id='word_1_224' title='bbox 708 2839 928 2904; x_wconf 82' lang='lat' dir='ltr'>equidem</span> <span class='ocrx_word' id='word_1_225' title='bbox 950 2838 1149 2887; x_wconf 78' lang='lat' dir='ltr'>consilio</span> <span class='ocrx_word' id='word_1_226' title='bbox 1173 2836 1377 2901; x_wconf 75' lang='lat' dir='ltr'>palmam</span> <span class='ocrx_word' id='word_1_227' title='bbox 1396 2837 1460 2884; x_wconf 92' lang='lat' dir='ltr'>do</span> <span class='ocrx_word' id='word_1_228' title='bbox 1494 2835 1622 2888; x_wconf 75' lang='lat' dir='ltr'>Heu.</span> 
     </span>
     <span class='ocr_line' id='line_1_36' title="bbox 558 2900 1624 2979; baseline -0.003 -27"><span class='ocrx_word' id='word_1_229' title='bbox 558 2902 625 2961; x_wconf 86' lang='lat' dir='ltr'>iv,</span> <span class='ocrx_word' id='word_1_230' title='bbox 649 2909 699 2956; x_wconf 84' lang='grc'>3.</span> <span class='ocrx_word' id='word_1_231' title='bbox 722 2908 783 2955; x_wconf 86' lang='grc'><strong>31</strong></span> <span class='ocrx_word' id='word_1_232' title='bbox 825 2902 1047 2979; x_wconf 75' lang='lat' dir='ltr'>Ceterum</span> <span class='ocrx_word' id='word_1_233' title='bbox 1066 2903 1287 2978; x_wconf 77' lang='lat' dir='ltr'>equidem</span> <span class='ocrx_word' id='word_1_234' title='bbox 1307 2901 1451 2979; x_wconf 71' lang='lat' dir='ltr'>istuc,</span> <span class='ocrx_word' id='word_1_235' title='bbox 1473 2900 1624 2950; x_wconf 85' lang='lat' dir='ltr'>Chre·</span> 
     </span>
     <span class='ocr_line' id='line_1_37' title="bbox 558 2966 1624 3096; baseline 0 -17"><span class='ocrx_word' id='word_1_236' title='bbox 558 2967 1194 3096; x_wconf 55' lang='lat'>32232235322022522</span> <span class='ocrx_word' id='word_1_237' title='bbox 1220 2966 1624 3094; x_wconf 56' lang='lat'>33:531252123</span> 
     </span>
     <span class='ocr_line' id='line_1_38' title="bbox 560 3094 1623 3160; baseline -0.002 -15"><span class='ocrx_word' id='word_1_238' title='bbox 560 3103 660 3145; x_wconf 73' lang='lat' dir='ltr'>tam</span> <span class='ocrx_word' id='word_1_239' title='bbox 702 3096 846 3160; x_wconf 78' lang='lat' dir='ltr'>plane</span> <span class='ocrx_word' id='word_1_240' title='bbox 884 3098 1007 3146; x_wconf 76' lang='lat' dir='ltr'>scias</span> <span class='ocrx_word' id='word_1_241' title='bbox 1061 3096 1187 3145; x_wconf 71' lang='lat' dir='ltr'>Heu.</span> <span class='ocrx_word' id='word_1_242' title='bbox 1224 3112 1273 3152; x_wconf 86' lang='lat' dir='ltr'>v,</span> <span class='ocrx_word' id='word_1_243' title='bbox 1302 3100 1348 3144; x_wconf 86' lang='lat'><strong>1.</strong></span> <span class='ocrx_word' id='word_1_244' title='bbox 1379 3098 1443 3145; x_wconf 82' lang='grc'>24</span> <span class='ocrx_word' id='word_1_245' title='bbox 1493 3094 1623 3143; x_wconf 87' lang='lat' dir='ltr'>Scire</span> 
     </span>
     <span class='ocr_line' id='line_1_39' title="bbox 558 3158 1624 3274; baseline -0.003 -65"><span class='ocrx_word' id='word_1_246' title='bbox 558 3161 953 3274; x_wconf 50' lang='lat' dir='ltr'>gqgidemssvqg),</span> <span class='ocrx_word' id='word_1_247' title='bbox 996 3168 1115 3271; x_wconf 58' lang='grc' dir='ltr'>ςυρὲ</span> <span class='ocrx_word' id='word_1_248' title='bbox 1150 3158 1270 3208; x_wconf 86' lang='lat' dir='ltr'>mihi</span> <span class='ocrx_word' id='word_1_249' title='bbox 1310 3159 1403 3269; x_wconf 47' lang='lat' dir='ltr'>{init</span> <span class='ocrx_word' id='word_1_250' title='bbox 1417 3159 1624 3270; x_wconf 51' lang='grc' dir='ltr'>Λἑίἆπιιξιιί</span> 
     </span>
    </p>

    <p class='ocr_par' dir='ltr' id='par_1_7' title="bbox 558 3224 1626 3982">
     <span class='ocr_line' id='line_1_40' title="bbox 650 3238 1603 3275; baseline -0.007 0"><span class='ocrx_word' id='word_1_251' title='bbox 650 3260 665 3275; x_wconf 90' lang='grc'>.</span> <span class='ocrx_word' id='word_1_252' title='bbox 699 3241 747 3274; x_wconf 75' lang='grc' dir='ltr'>ιν</span> <span class='ocrx_word' id='word_1_253' title='bbox 822 3258 838 3275; x_wconf 90' lang='grc'>.</span> <span class='ocrx_word' id='word_1_254' title='bbox 1035 3241 1080 3272; x_wconf 79' lang='grc' dir='ltr'>ιιι</span> <span class='ocrx_word' id='word_1_255' title='bbox 1116 3240 1190 3272; x_wconf 89' lang='lat' dir='ltr'>em</span> <span class='ocrx_word' id='word_1_256' title='bbox 1294 3238 1352 3270; x_wconf 80' lang='lat' dir='ltr'>ni</span> <span class='ocrx_word' id='word_1_257' title='bbox 1502 3254 1517 3268; x_wconf 89' lang='lat'><strong>.</strong></span> <span class='ocrx_word' id='word_1_258' title='bbox 1552 3238 1603 3269; x_wconf 79' lang='lat' dir='ltr'>iv</span> 
     </span>
     <span class='ocr_line' id='line_1_41' title="bbox 560 3224 1622 3350; baseline -0.004 -11"><span class='ocrx_word' id='word_1_259' title='bbox 560 3293 615 3339; x_wconf 85' lang='grc'>2.</span> <span class='ocrx_word' id='word_1_260' title='bbox 641 3293 703 3339; x_wconf 92' lang='grc'>18</span> <span class='ocrx_word' id='word_1_261' title='bbox 736 3260 851 3336; x_wconf 57' lang='grc' dir='ltr'><strong>Ῑῖἶοιι</strong></span> <span class='ocrx_word' id='word_1_262' title='bbox 872 3224 1095 3350; x_wconf 53' lang='grc' dir='ltr'>οφιξεὶιεω</span> <span class='ocrx_word' id='word_1_263' title='bbox 1114 3238 1414 3350; x_wconf 47' lang='lat' dir='ltr'>istasfffores</span> <span class='ocrx_word' id='word_1_264' title='bbox 1428 3256 1622 3349; x_wconf 49' lang='lat' dir='ltr'>pepuli),</span> 
     </span>
     <span class='ocr_line' id='line_1_42' title="bbox 560 3349 1620 3415; baseline 0.001 -17"><span class='ocrx_word' id='word_1_265' title='bbox 560 3352 693 3415; x_wconf 86' lang='lat' dir='ltr'>quod</span> <span class='ocrx_word' id='word_1_266' title='bbox 715 3352 859 3400; x_wconf 73' lang='lat' dir='ltr'>sciam</span> <span class='ocrx_word' id='word_1_267' title='bbox 889 3352 988 3402; x_wconf 88' lang='lat' dir='ltr'>Ad.</span> <span class='ocrx_word' id='word_1_268' title='bbox 1008 3351 1074 3408; x_wconf 77' lang='lat' dir='ltr'>ir,</span> <span class='ocrx_word' id='word_1_269' title='bbox 1092 3357 1140 3400; x_wconf 83' lang='grc' dir='ltr'>ὅ.</span> <span class='ocrx_word' id='word_1_270' title='bbox 1158 3355 1189 3401; x_wconf 95' lang='grc'><strong>7</strong></span> <span class='ocrx_word' id='word_1_271' title='bbox 1237 3349 1471 3415; x_wconf 85' lang='lat' dir='ltr'>Equidem</span> <span class='ocrx_word' id='word_1_272' title='bbox 1496 3352 1620 3399; x_wconf 76' lang='lat' dir='ltr'>arbi-</span> 
     </span>
     <span class='ocr_line' id='line_1_43' title="bbox 562 3414 1622 3479; baseline 0.002 -16"><span class='ocrx_word' id='word_1_273' title='bbox 562 3423 661 3463; x_wconf 82' lang='lat' dir='ltr'>tror</span> <span class='ocrx_word' id='word_1_274' title='bbox 688 3415 788 3465; x_wconf 80' lang='lat' dir='ltr'>Ad.</span> <span class='ocrx_word' id='word_1_275' title='bbox 809 3416 876 3473; x_wconf 77' lang='lat' dir='ltr'>iv,</span> <span class='ocrx_word' id='word_1_276' title='bbox 890 3420 941 3467; x_wconf 93' lang='grc'><strong>7.</strong></span> <span class='ocrx_word' id='word_1_277' title='bbox 959 3420 1023 3465; x_wconf 86' lang='grc'><strong>30</strong></span> <span class='ocrx_word' id='word_1_278' title='bbox 1057 3414 1221 3479; x_wconf 86' lang='lat' dir='ltr'>Atque</span> <span class='ocrx_word' id='word_1_279' title='bbox 1232 3414 1453 3479; x_wconf 88' lang='lat' dir='ltr'>equidem</span> <span class='ocrx_word' id='word_1_280' title='bbox 1471 3414 1622 3465; x_wconf 85' lang='lat' dir='ltr'>filium</span> 
     </span>
     <span class='ocr_line' id='line_1_44' title="bbox 562 3477 1620 3544; baseline 0.002 -16"><span class='ocrx_word' id='word_1_281' title='bbox 562 3487 665 3529; x_wconf 73' lang='lat' dir='ltr'>tum</span> <span class='ocrx_word' id='word_1_282' title='bbox 684 3480 845 3537; x_wconf 77' lang='lat' dir='ltr'>etiam,</span> <span class='ocrx_word' id='word_1_283' title='bbox 866 3480 909 3529; x_wconf 76' lang='lat' dir='ltr'>si</span> <span class='ocrx_word' id='word_1_284' title='bbox 927 3479 1066 3535; x_wconf 83' lang='lat' dir='ltr'>nolit.</span> <span class='ocrx_word' id='word_1_285' title='bbox 1088 3496 1248 3544; x_wconf 79' lang='lat' dir='ltr'>cogas,</span> <span class='ocrx_word' id='word_1_286' title='bbox 1270 3487 1325 3527; x_wconf 91' lang='lat' dir='ltr'>ut</span> <span class='ocrx_word' id='word_1_287' title='bbox 1372 3477 1472 3529; x_wconf 88' lang='lat' dir='ltr'>Ad.</span> <span class='ocrx_word' id='word_1_288' title='bbox 1496 3496 1545 3537; x_wconf 85' lang='lat' dir='ltr'>v,</span> <span class='ocrx_word' id='word_1_289' title='bbox 1567 3483 1620 3530; x_wconf 87' lang='grc'>3.</span> 
     </span>
     <span class='ocr_line' id='line_1_45' title="bbox 558 3544 1624 3610; baseline 0 -15"><span class='ocrx_word' id='word_1_290' title='bbox 558 3550 629 3595; x_wconf 84' lang='grc'>64</span> <span class='ocrx_word' id='word_1_291' title='bbox 660 3544 865 3594; x_wconf 84' lang='lat' dir='ltr'>Minime</span> <span class='ocrx_word' id='word_1_292' title='bbox 901 3546 1120 3610; x_wconf 87' lang='lat' dir='ltr'>equidem</span> <span class='ocrx_word' id='word_1_293' title='bbox 1154 3560 1229 3593; x_wconf 91' lang='lat' dir='ltr'>me</span> <span class='ocrx_word' id='word_1_294' title='bbox 1250 3544 1486 3593; x_wconf 78' lang='lat' dir='ltr'>oblectavi</span> <span class='ocrx_word' id='word_1_295' title='bbox 1525 3545 1624 3595; x_wconf 81' lang='lat' dir='ltr'>He.</span> 
     </span>
     <span class='ocr_line' id='line_1_46' title="bbox 558 3608 1624 3673; baseline -0.001 -14"><span class='ocrx_word' id='word_1_296' title='bbox 558 3609 602 3669; x_wconf 81' lang='lat' dir='ltr'>i,</span> <span class='ocrx_word' id='word_1_297' title='bbox 622 3614 673 3659; x_wconf 95' lang='grc'>2.</span> <span class='ocrx_word' id='word_1_298' title='bbox 702 3614 768 3660; x_wconf 85' lang='grc'>10</span> <span class='ocrx_word' id='word_1_299' title='bbox 816 3610 926 3659; x_wconf 73' lang='lat' dir='ltr'>Jam</span> <span class='ocrx_word' id='word_1_300' title='bbox 971 3610 1151 3673; x_wconf 86' lang='lat' dir='ltr'>pridem</span> <span class='ocrx_word' id='word_1_301' title='bbox 1192 3608 1415 3673; x_wconf 88' lang='lat' dir='ltr'>equidem</span> <span class='ocrx_word' id='word_1_302' title='bbox 1458 3609 1624 3658; x_wconf 79' lang='lat' dir='ltr'>audivi</span> 
     </span>
     <span class='ocr_line' id='line_1_47' title="bbox 560 3673 1626 3737; baseline 0 -14"><span class='ocrx_word' id='word_1_303' title='bbox 560 3673 661 3724; x_wconf 84' lang='lat' dir='ltr'>He.</span> <span class='ocrx_word' id='word_1_304' title='bbox 682 3674 738 3737; x_wconf 84' lang='lat' dir='ltr'>ii,</span> <span class='ocrx_word' id='word_1_305' title='bbox 762 3678 809 3725; x_wconf 89' lang='lat'><strong>1.</strong></span> <span class='ocrx_word' id='word_1_306' title='bbox 830 3679 895 3726; x_wconf 87' lang='grc'>22</span> <span class='ocrx_word' id='word_1_307' title='bbox 948 3674 1094 3723; x_wconf 79' lang='lat' dir='ltr'>Haud</span> <span class='ocrx_word' id='word_1_308' title='bbox 1128 3676 1350 3737; x_wconf 88' lang='lat' dir='ltr'>equidem</span> <span class='ocrx_word' id='word_1_309' title='bbox 1388 3673 1518 3734; x_wconf 87' lang='lat' dir='ltr'>dico,</span> <span class='ocrx_word' id='word_1_310' title='bbox 1553 3674 1626 3723; x_wconf 87' lang='lat' dir='ltr'>mi</span> 
     </span>
     <span class='ocr_line' id='line_1_48' title="bbox 560 3738 1620 3813; baseline -0.002 -26"><span class='ocrx_word' id='word_1_311' title='bbox 560 3738 745 3788; x_wconf 71' lang='lat' dir='ltr'>Lache·</span> <span class='ocrx_word' id='word_1_312' title='bbox 791 3738 885 3787; x_wconf 85' lang='lat' dir='ltr'>He.</span> <span class='ocrx_word' id='word_1_313' title='bbox 905 3739 961 3797; x_wconf 83' lang='lat' dir='ltr'>ii,</span> <span class='ocrx_word' id='word_1_314' title='bbox 982 3744 1029 3790; x_wconf 90' lang='lat'><strong>1.</strong></span> <span class='ocrx_word' id='word_1_315' title='bbox 1048 3744 1113 3790; x_wconf 78' lang='grc'><strong>35</strong></span> <span class='ocrx_word' id='word_1_316' title='bbox 1170 3740 1407 3813; x_wconf 83' lang='lat' dir='ltr'>Equidem</span> <span class='ocrx_word' id='word_1_317' title='bbox 1448 3746 1495 3786; x_wconf 80' lang='lat' dir='ltr'>te</span> <span class='ocrx_word' id='word_1_318' title='bbox 1536 3754 1620 3787; x_wconf 85' lang='lat' dir='ltr'>ex-</span> 
     </span>
     <span class='ocr_line' id='line_1_49' title="bbox 560 3802 1624 3867; baseline 0 -16"><span class='ocrx_word' id='word_1_319' title='bbox 560 3810 705 3867; x_wconf 79' lang='lat' dir='ltr'>pecto</span> <span class='ocrx_word' id='word_1_320' title='bbox 736 3802 831 3855; x_wconf 79' lang='lat' dir='ltr'>He.</span> <span class='ocrx_word' id='word_1_321' title='bbox 850 3802 924 3861; x_wconf 86' lang='lat' dir='ltr'>iii,</span> <span class='ocrx_word' id='word_1_322' title='bbox 944 3808 996 3854; x_wconf 97' lang='grc'>4.</span> <span class='ocrx_word' id='word_1_323' title='bbox 1022 3808 1087 3854; x_wconf 90' lang='grc'><strong>16</strong></span> <span class='ocrx_word' id='word_1_324' title='bbox 1116 3803 1351 3867; x_wconf 76' lang='lat' dir='ltr'>Equidem</span> <span class='ocrx_word' id='word_1_325' title='bbox 1372 3802 1545 3865; x_wconf 83' lang='lat' dir='ltr'>cupio:</span> <span class='ocrx_word' id='word_1_326' title='bbox 1572 3808 1624 3851; x_wconf 87' lang='lat' dir='ltr'>et</span> 
     </span>
     <span class='ocr_line' id='line_1_50' title="bbox 560 3866 1622 3982; baseline -0.001 -67"><span class='ocrx_word' id='word_1_327' title='bbox 560 3866 641 3980; x_wconf 56' lang='lat'>{³¹</span> <span class='ocrx_word' id='word_1_328' title='bbox 660 3868 907 3982; x_wconf 56' lang='lat' dir='ltr'>eolffiiqeor</span> <span class='ocrx_word' id='word_1_329' title='bbox 949 3868 1132 3980; x_wconf 55' lang='lat' dir='ltr'>He3‘i1v,</span> <span class='ocrx_word' id='word_1_330' title='bbox 1156 3873 1207 3917; x_wconf 86' lang='grc'>3.</span> <span class='ocrx_word' id='word_1_331' title='bbox 1226 3874 1285 3979; x_wconf 59' lang='grc' dir='ltr'>ῗῙ</span> <span class='ocrx_word' id='word_1_332' title='bbox 1304 3867 1401 3915; x_wconf 87' lang='lat' dir='ltr'>Sed</span> <span class='ocrx_word' id='word_1_333' title='bbox 1432 3866 1622 3981; x_wconf 46' lang='lat' dir='ltr'>egnati}</span> 
     </span>
    </p>

    <p class='ocr_par' dir='ltr' id='par_1_8' title="bbox 560 3946 1624 4299">
     <span class='ocr_line' id='line_1_51' title="bbox 606 3946 1513 3983; baseline 0.003 -3"><span class='ocrx_word' id='word_1_334' title='bbox 606 3946 655 3982; x_wconf 74' lang='lat' dir='ltr'><strong>a.</strong></span> <span class='ocrx_word' id='word_1_335' title='bbox 777 3948 901 3983; x_wconf 78' lang='lat' dir='ltr'>nime</span> <span class='ocrx_word' id='word_1_336' title='bbox 942 3949 971 3981; x_wconf 90' lang='lat' dir='ltr'>e</span> <span class='ocrx_word' id='word_1_337' title='bbox 1004 3948 1055 3981; x_wconf 82' lang='lat' dir='ltr'>ui</span> <span class='ocrx_word' id='word_1_338' title='bbox 1091 3949 1165 3982; x_wconf 87' lang='lat' dir='ltr'>em</span> <span class='ocrx_word' id='word_1_339' title='bbox 1286 3948 1333 3981; x_wconf 89' lang='lat' dir='ltr'>e.</span> <span class='ocrx_word' id='word_1_340' title='bbox 1377 3947 1406 3975; x_wconf 79' lang='lat' dir='ltr'>v</span> <span class='ocrx_word' id='word_1_341' title='bbox 1497 3965 1513 3983; x_wconf 89' lang='grc'>.</span> 
     </span>
     <span class='ocr_line' id='line_1_52' title="bbox 564 3949 1624 4061; baseline -0.003 -15"><span class='ocrx_word' id='word_1_342' title='bbox 564 3995 802 4059; x_wconf 80' lang='lat' dir='ltr'>Equidem</span> <span class='ocrx_word' id='word_1_343' title='bbox 843 3997 950 4061; x_wconf 73' lang='lat' dir='ltr'>plus</span> <span class='ocrx_word' id='word_1_344' title='bbox 972 3949 1127 4045; x_wconf 52' lang='lat' dir='ltr'>‹lliodie</span> <span class='ocrx_word' id='word_1_345' title='bbox 1160 3995 1276 4043; x_wconf 88' lang='lat' dir='ltr'>boni</span> <span class='ocrx_word' id='word_1_346' title='bbox 1310 3964 1424 4043; x_wconf 55' lang='lat' dir='ltr'>feci,</span> <span class='ocrx_word' id='word_1_347' title='bbox 1442 3995 1624 4057; x_wconf 80' lang='lat' dir='ltr'>impru-</span> 
     </span>
     <span class='ocr_line' id='line_1_53' title="bbox 563 4059 1622 4125; baseline -0.002 -19"><span class='ocrx_word' id='word_1_348' title='bbox 563 4059 854 4125; x_wconf 76' lang='lat' dir='ltr'>dens,qunm</span> <span class='ocrx_word' id='word_1_349' title='bbox 885 4060 983 4113; x_wconf 89' lang='lat' dir='ltr'>He.</span> <span class='ocrx_word' id='word_1_350' title='bbox 1004 4079 1052 4123; x_wconf 83' lang='lat' dir='ltr'>v,</span> <span class='ocrx_word' id='word_1_351' title='bbox 1064 4064 1112 4111; x_wconf 90' lang='grc'>4.</span> <span class='ocrx_word' id='word_1_352' title='bbox 1129 4064 1193 4111; x_wconf 87' lang='grc'><strong>39</strong></span> <span class='ocrx_word' id='word_1_353' title='bbox 1226 4059 1479 4123; x_wconf 84' lang='lat' dir='ltr'>Equidem,</span> <span class='ocrx_word' id='word_1_354' title='bbox 1492 4061 1622 4117; x_wconf 72' lang='lat' dir='ltr'>here,</span> 
     </span>
     <span class='ocr_line' id='line_1_54' title="bbox 564 4123 1622 4188; baseline 0.003 -19"><span class='ocrx_word' id='word_1_355' title='bbox 564 4128 616 4169; x_wconf 84' lang='lat' dir='ltr'>te</span> <span class='ocrx_word' id='word_1_356' title='bbox 634 4125 875 4174; x_wconf 70' lang='lat' dir='ltr'>absentem</span> <span class='ocrx_word' id='word_1_357' title='bbox 895 4125 1178 4181; x_wconf 71' lang='lat' dir='ltr'>incusamus,</span> <span class='ocrx_word' id='word_1_358' title='bbox 1212 4124 1295 4188; x_wconf 90' lang='lat' dir='ltr'>qui</span> <span class='ocrx_word' id='word_1_359' title='bbox 1315 4124 1483 4173; x_wconf 74' lang='lat' dir='ltr'>abieris</span> <span class='ocrx_word' id='word_1_360' title='bbox 1528 4123 1622 4172; x_wconf 83' lang='lat' dir='ltr'><strong>Ph.</strong></span> 
     </span>
     <span class='ocr_line' id='line_1_55' title="bbox 560 4183 1622 4299; baseline -0.002 -61"><span class='ocrx_word' id='word_1_361' title='bbox 560 4183 708 4299; x_wconf 41' lang='lat'>{221⁴-</span> <span class='ocrx_word' id='word_1_362' title='bbox 729 4192 761 4237; x_wconf 91' lang='grc'><strong>7</strong></span> <span class='ocrx_word' id='word_1_363' title='bbox 808 4189 1049 4255; x_wconf 82' lang='lat' dir='ltr'>Equidem</span> <span class='ocrx_word' id='word_1_364' title='bbox 1081 4188 1238 4239; x_wconf 85' lang='lat' dir='ltr'>hercle</span> <span class='ocrx_word' id='word_1_365' title='bbox 1259 4187 1421 4238; x_wconf 74' lang='lat' dir='ltr'>nescio</span> <span class='ocrx_word' id='word_1_366' title='bbox 1458 4188 1549 4239; x_wconf 79' lang='lat' dir='ltr'><strong>Ph.</strong></span> <span class='ocrx_word' id='word_1_367' title='bbox 1569 4206 1622 4248; x_wconf 78' lang='lat' dir='ltr'>v,</span> 
     </span>
    </p>
   </div>
   <div class='ocr_carea' id='block_1_3' title="bbox 630 4312 1618 4385">
    <p class='ocr_par' dir='ltr' id='par_1_9' title="bbox 630 4312 1618 4385">
     <span class='ocr_line' id='line_1_56' title="bbox 630 4312 1618 4385; baseline 0.003 -20"><span class='ocrx_word' id='word_1_368' title='bbox 630 4312 811 4385; x_wconf 77' lang='lat' dir='ltr'>Equus.</span> <span class='ocrx_word' id='word_1_369' title='bbox 878 4316 947 4367; x_wconf 79' lang='lat' dir='ltr'>Ut</span> <span class='ocrx_word' id='word_1_370' title='bbox 981 4318 1185 4369; x_wconf 73' lang='lat' dir='ltr'>animum</span> <span class='ocrx_word' id='word_1_371' title='bbox 1211 4319 1270 4369; x_wconf 76' lang='lat' dir='ltr'>nd</span> <span class='ocrx_word' id='word_1_372' title='bbox 1306 4317 1496 4384; x_wconf 79' lang='lat' dir='ltr'>aliquod</span> <span class='ocrx_word' id='word_1_373' title='bbox 1520 4326 1618 4368; x_wconf 75' lang='lat' dir='ltr'>stu·</span> 
     </span>
    </p>
   </div>
   <div class='ocr_carea' id='block_1_4' title="bbox 1528 369 1776 422">
    <p class='ocr_par' dir='ltr' id='par_1_10' title="bbox 1528 369 1776 422">
     <span class='ocr_line' id='line_1_57' title="bbox 1528 369 1776 422; baseline 0.016 -4"><span class='ocrx_word' id='word_1_374' title='bbox 1528 369 1776 422; x_wconf 70' lang='lat' dir='ltr'>iunssx</span> 
     </span>
    </p>
   </div>
   <div class='ocr_carea' id='block_1_5' title="bbox 1684 518 2762 4385">
    <p class='ocr_par' dir='ltr' id='par_1_11' title="bbox 1687 518 2760 640">
     <span class='ocr_line' id='line_1_58' title="bbox 1687 518 2760 586; baseline 0.007 -18"><span class='ocrx_word' id='word_1_375' title='bbox 1687 518 1818 570; x_wconf 86' lang='lat' dir='ltr'>dium</span> <span class='ocrx_word' id='word_1_376' title='bbox 1839 518 2122 586; x_wconf 71' lang='lat' dir='ltr'>adjungent,</span> <span class='ocrx_word' id='word_1_377' title='bbox 2144 527 2228 572; x_wconf 74' lang='lat' dir='ltr'>unt</span> <span class='ocrx_word' id='word_1_378' title='bbox 2248 521 2398 586; x_wconf 71' lang='lat' dir='ltr'>equo&#39;n</span> <span class='ocrx_word' id='word_1_379' title='bbox 2415 519 2558 579; x_wconf 70' lang='lat' dir='ltr'>alere,</span> <span class='ocrx_word' id='word_1_380' title='bbox 2578 528 2663 571; x_wconf 62' lang='lat' dir='ltr'>tut</span> <span class='ocrx_word' id='word_1_381' title='bbox 2683 519 2760 576; x_wconf 64' lang='lat' dir='ltr'>A·</span> 
     </span>
     <span class='ocr_line' id='line_1_59' title="bbox 1687 585 1886 640; baseline 0.01 -6"><span class='ocrx_word' id='word_1_382' title='bbox 1687 585 1724 640; x_wconf 81' lang='lat' dir='ltr'>i,</span> <span class='ocrx_word' id='word_1_383' title='bbox 1749 589 1886 636; x_wconf 59' lang='lat' dir='ltr'>huo</span> 
     </span>
    </p>

    <p class='ocr_par' dir='ltr' id='par_1_12' title="bbox 1686 649 2758 771">
     <span class='ocr_line' id='line_1_60' title="bbox 1752 649 2758 716; baseline 0.004 -18"><span class='ocrx_word' id='word_1_384' title='bbox 1752 650 1976 701; x_wconf 75' lang='lat' dir='ltr'>Endico.</span> <span class='ocrx_word' id='word_1_385' title='bbox 2041 649 2108 698; x_wconf 90' lang='lat' dir='ltr'>Di</span> <span class='ocrx_word' id='word_1_386' title='bbox 2132 657 2179 698; x_wconf 82' lang='lat' dir='ltr'>te</span> <span class='ocrx_word' id='word_1_387' title='bbox 2199 650 2474 699; x_wconf 74' lang='lat' dir='ltr'>eradicent!</span> <span class='ocrx_word' id='word_1_388' title='bbox 2520 649 2586 699; x_wconf 73' lang='lat' dir='ltr'>A.</span> <span class='ocrx_word' id='word_1_389' title='bbox 2612 651 2680 716; x_wconf 80' lang='lat' dir='ltr'>iv,</span> <span class='ocrx_word' id='word_1_390' title='bbox 2698 655 2758 702; x_wconf 76' lang='lat'><strong>4.</strong></span> 
     </span>
     <span class='ocr_line' id='line_1_61' title="bbox 1686 714 2182 771; baseline -0.002 -7"><span class='ocrx_word' id='word_1_391' title='bbox 1686 716 1770 764; x_wconf 87' lang='grc'>22.</span> <span class='ocrx_word' id='word_1_392' title='bbox 1806 715 1930 763; x_wconf 78' lang='lat' dir='ltr'>Heu.</span> <span class='ocrx_word' id='word_1_393' title='bbox 1953 714 2022 771; x_wconf 88' lang='lat' dir='ltr'>iii,</span> <span class='ocrx_word' id='word_1_394' title='bbox 2045 719 2096 762; x_wconf 84' lang='grc'>3.</span> <span class='ocrx_word' id='word_1_395' title='bbox 2117 719 2182 764; x_wconf 89' lang='grc'><strong>28</strong></span> 
     </span>
    </p>

    <p class='ocr_par' dir='ltr' id='par_1_13' title="bbox 1684 773 2758 1544">
     <span class='ocr_line' id='line_1_62' title="bbox 1752 773 2752 843; baseline 0.002 -17"><span class='ocrx_word' id='word_1_396' title='bbox 1752 777 1896 842; x_wconf 75' lang='lat' dir='ltr'><strong>Erga.</strong></span> <span class='ocrx_word' id='word_1_397' title='bbox 1960 773 2082 826; x_wconf 74' lang='lat' dir='ltr'>Satis</span> <span class='ocrx_word' id='word_1_398' title='bbox 2096 776 2219 841; x_wconf 74' lang='lat' dir='ltr'>jam,</span> <span class='ocrx_word' id='word_1_399' title='bbox 2239 777 2371 835; x_wconf 72' lang='lat' dir='ltr'>sutis,</span> <span class='ocrx_word' id='word_1_400' title='bbox 2394 779 2544 840; x_wconf 84' lang='lat' dir='ltr'>Simo,</span> <span class='ocrx_word' id='word_1_401' title='bbox 2561 787 2752 843; x_wconf 74' lang='lat' dir='ltr'>specta·</span> 
     </span>
     <span class='ocr_line' id='line_1_63' title="bbox 1687 843 2746 908; baseline 0.004 -18"><span class='ocrx_word' id='word_1_402' title='bbox 1687 849 1738 890; x_wconf 73' lang='lat' dir='ltr'>tn</span> <span class='ocrx_word' id='word_1_403' title='bbox 1772 858 1882 908; x_wconf 71' lang='lat' dir='ltr'>erge</span> <span class='ocrx_word' id='word_1_404' title='bbox 1921 849 1970 891; x_wconf 87' lang='lat' dir='ltr'>te</span> <span class='ocrx_word' id='word_1_405' title='bbox 2002 843 2212 891; x_wconf 71' lang='lat' dir='ltr'>amicitia</span> <span class='ocrx_word' id='word_1_406' title='bbox 2243 850 2316 891; x_wconf 74' lang='lat' dir='ltr'>est</span> <span class='ocrx_word' id='word_1_407' title='bbox 2350 858 2454 892; x_wconf 73' lang='lat' dir='ltr'>mea</span> <span class='ocrx_word' id='word_1_408' title='bbox 2485 843 2550 892; x_wconf 88' lang='lat' dir='ltr'>A.</span> <span class='ocrx_word' id='word_1_409' title='bbox 2572 861 2621 900; x_wconf 82' lang='lat' dir='ltr'>v,</span> <span class='ocrx_word' id='word_1_410' title='bbox 2646 849 2694 894; x_wconf 91' lang='lat'><strong>1.</strong></span> <span class='ocrx_word' id='word_1_411' title='bbox 2719 849 2746 894; x_wconf 86' lang='lat'><em>1</em></span> 
     </span>
     <span class='ocr_line' id='line_1_64' title="bbox 1684 906 2754 984; baseline 0.002 -28"><span class='ocrx_word' id='word_1_412' title='bbox 1684 906 1844 984; x_wconf 75' lang='lat' dir='ltr'>Timet</span> <span class='ocrx_word' id='word_1_413' title='bbox 1885 908 2060 964; x_wconf 75' lang='lat' dir='ltr'>omnin.</span> <span class='ocrx_word' id='word_1_414' title='bbox 2103 906 2250 972; x_wconf 78' lang='lat' dir='ltr'>putris</span> <span class='ocrx_word' id='word_1_415' title='bbox 2291 907 2406 956; x_wconf 76' lang='lat' dir='ltr'>iram</span> <span class='ocrx_word' id='word_1_416' title='bbox 2445 917 2498 955; x_wconf 79' lang='lat' dir='ltr'>et</span> <span class='ocrx_word' id='word_1_417' title='bbox 2538 908 2754 958; x_wconf 75' lang='lat' dir='ltr'>animum</span> 
     </span>
     <span class='ocr_line' id='line_1_65' title="bbox 1687 971 2752 1092; baseline 0.002 -8"><span class='ocrx_word' id='word_1_418' title='bbox 1687 979 2150 1085; x_wconf 49' lang='lat' dir='ltr'>{qmffzrffizzz‘</span> <span class='ocrx_word' id='word_1_419' title='bbox 2169 979 2376 1092; x_wconf 59' lang='lat'>23:33⁸</span> <span class='ocrx_word' id='word_1_420' title='bbox 2396 971 2668 1084; x_wconf 53' lang='lat' dir='ltr'>55²2.ssss</span> <span class='ocrx_word' id='word_1_421' title='bbox 2684 977 2752 1086; x_wconf 65' lang='lat'>¹3</span> 
     </span>
     <span class='ocr_line' id='line_1_66' title="bbox 1687 1099 2752 1164; baseline -0.001 -15"><span class='ocrx_word' id='word_1_422' title='bbox 1687 1115 1799 1164; x_wconf 73' lang='lat' dir='ltr'>erga</span> <span class='ocrx_word' id='word_1_423' title='bbox 1813 1100 1962 1158; x_wconf 83' lang='lat' dir='ltr'>idem,</span> <span class='ocrx_word' id='word_1_424' title='bbox 1983 1117 2042 1150; x_wconf 74' lang='lat' dir='ltr'>nc</span> <span class='ocrx_word' id='word_1_425' title='bbox 2061 1101 2157 1162; x_wconf 76' lang='lat' dir='ltr'>fqit</span> <span class='ocrx_word' id='word_1_426' title='bbox 2188 1101 2312 1151; x_wconf 76' lang='lat' dir='ltr'>Heu.</span> <span class='ocrx_word' id='word_1_427' title='bbox 2334 1099 2387 1157; x_wconf 85' lang='lat' dir='ltr'>ii,</span> <span class='ocrx_word' id='word_1_428' title='bbox 2408 1104 2457 1150; x_wconf 84' lang='grc'>3.</span> <span class='ocrx_word' id='word_1_429' title='bbox 2479 1104 2546 1150; x_wconf 90' lang='grc'>24</span> <span class='ocrx_word' id='word_1_430' title='bbox 2586 1101 2638 1149; x_wconf 87' lang='lat' dir='ltr'>Si</span> <span class='ocrx_word' id='word_1_431' title='bbox 2661 1117 2752 1150; x_wconf 72' lang='lat' dir='ltr'>un·-</span> 
     </span>
     <span class='ocr_line' id='line_1_67' title="bbox 1687 1164 2756 1229; baseline 0.002 -17"><span class='ocrx_word' id='word_1_432' title='bbox 1687 1179 1827 1229; x_wconf 82' lang='lat' dir='ltr'>quam</span> <span class='ocrx_word' id='word_1_433' title='bbox 1849 1181 1960 1229; x_wconf 73' lang='lat' dir='ltr'>erga</span> <span class='ocrx_word' id='word_1_434' title='bbox 1981 1173 2028 1214; x_wconf 90' lang='lat' dir='ltr'>te</span> <span class='ocrx_word' id='word_1_435' title='bbox 2049 1166 2207 1214; x_wconf 75' lang='lat' dir='ltr'>animo</span> <span class='ocrx_word' id='word_1_436' title='bbox 2239 1180 2344 1213; x_wconf 72' lang='lat' dir='ltr'>esse</span> <span class='ocrx_word' id='word_1_437' title='bbox 2378 1164 2531 1214; x_wconf 78' lang='lat' dir='ltr'>amico</span> <span class='ocrx_word' id='word_1_438' title='bbox 2567 1165 2756 1214; x_wconf 69' lang='lat' dir='ltr'>sensisti</span> 
     </span>
     <span class='ocr_line' id='line_1_68' title="bbox 1688 1228 2754 1293; baseline 0.001 -16"><span class='ocrx_word' id='word_1_439' title='bbox 1688 1245 1810 1287; x_wconf 74' lang='lat' dir='ltr'>eam,</span> <span class='ocrx_word' id='word_1_440' title='bbox 1857 1230 1921 1277; x_wconf 85' lang='lat' dir='ltr'>mi</span> <span class='ocrx_word' id='word_1_441' title='bbox 1951 1229 2201 1293; x_wconf 74' lang='lat' dir='ltr'>Pamphile</span> <span class='ocrx_word' id='word_1_442' title='bbox 2222 1267 2228 1272; x_wconf 85' lang='lat'><strong>.</strong></span> <span class='ocrx_word' id='word_1_443' title='bbox 2249 1228 2346 1280; x_wconf 88' lang='lat' dir='ltr'>He.</span> <span class='ocrx_word' id='word_1_444' title='bbox 2367 1229 2437 1287; x_wconf 86' lang='lat' dir='ltr'>iii,</span> <span class='ocrx_word' id='word_1_445' title='bbox 2459 1233 2509 1278; x_wconf 81' lang='grc'>3.</span> <span class='ocrx_word' id='word_1_446' title='bbox 2531 1233 2596 1278; x_wconf 91' lang='grc'><strong>29</strong></span> <span class='ocrx_word' id='word_1_447' title='bbox 2628 1229 2754 1287; x_wconf 69' lang='lat' dir='ltr'>Quo</span> 
     </span>
     <span class='ocr_line' id='line_1_69' title="bbox 1687 1293 2756 1359; baseline 0.001 -17"><span class='ocrx_word' id='word_1_448' title='bbox 1687 1309 1930 1358; x_wconf 74' lang='lat' dir='ltr'>nunquam</span> <span class='ocrx_word' id='word_1_449' title='bbox 1952 1295 2034 1359; x_wconf 88' lang='lat' dir='ltr'>qui</span> <span class='ocrx_word' id='word_1_450' title='bbox 2099 1309 2204 1342; x_wconf 76' lang='lat' dir='ltr'>uam</span> <span class='ocrx_word' id='word_1_451' title='bbox 2226 1309 2336 1356; x_wconf 74' lang='lat' dir='ltr'>erge</span> <span class='ocrx_word' id='word_1_452' title='bbox 2367 1307 2443 1341; x_wconf 89' lang='lat' dir='ltr'>me</span> <span class='ocrx_word' id='word_1_453' title='bbox 2478 1293 2756 1346; x_wconf 63' lang='lat' dir='ltr'>commerita</span> 
     </span>
     <span class='ocr_line' id='line_1_70' title="bbox 1687 1357 2754 1422; baseline -0.001 -14"><span class='ocrx_word' id='word_1_454' title='bbox 1687 1367 1779 1415; x_wconf 72' lang='lat' dir='ltr'>est,</span> <span class='ocrx_word' id='word_1_455' title='bbox 1822 1359 1949 1422; x_wconf 90' lang='lat' dir='ltr'>quod</span> <span class='ocrx_word' id='word_1_456' title='bbox 1994 1373 2058 1408; x_wconf 87' lang='lat' dir='ltr'>no</span> <span class='ocrx_word' id='word_1_457' title='bbox 2093 1375 2169 1410; x_wconf 87' lang='lat' dir='ltr'>em</span> <span class='ocrx_word' id='word_1_458' title='bbox 2219 1359 2316 1407; x_wconf 89' lang='lat' dir='ltr'>He.</span> <span class='ocrx_word' id='word_1_459' title='bbox 2339 1357 2413 1413; x_wconf 84' lang='lat' dir='ltr'>iii,</span> <span class='ocrx_word' id='word_1_460' title='bbox 2434 1362 2484 1405; x_wconf 79' lang='lat'><strong>6.</strong></span> <span class='ocrx_word' id='word_1_461' title='bbox 2505 1362 2570 1407; x_wconf 88' lang='grc'>36</span> <span class='ocrx_word' id='word_1_462' title='bbox 2622 1357 2754 1408; x_wconf 73' lang='lat' dir='ltr'>Nam</span> 
     </span>
     <span class='ocr_line' id='line_1_71' title="bbox 1689 1421 2758 1487; baseline 0.001 -16"><span class='ocrx_word' id='word_1_463' title='bbox 1689 1423 1830 1472; x_wconf 72' lang='lat' dir='ltr'>fuisse</span> <span class='ocrx_word' id='word_1_464' title='bbox 1870 1438 1981 1486; x_wconf 70' lang='lat' dir='ltr'>erge</span> <span class='ocrx_word' id='word_1_465' title='bbox 2015 1439 2090 1472; x_wconf 86' lang='lat' dir='ltr'>me</span> <span class='ocrx_word' id='word_1_466' title='bbox 2125 1423 2242 1471; x_wconf 85' lang='lat' dir='ltr'>miro</span> <span class='ocrx_word' id='word_1_467' title='bbox 2281 1421 2490 1486; x_wconf 71' lang='lat' dir='ltr'>ingenio,</span> <span class='ocrx_word' id='word_1_468' title='bbox 2529 1429 2758 1487; x_wconf 68' lang='lat' dir='ltr'>expertus</span> 
     </span>
     <span class='ocr_line' id='line_1_72' title="bbox 1690 1487 2170 1544; baseline 0.002 -8"><span class='ocrx_word' id='word_1_469' title='bbox 1690 1503 1792 1536; x_wconf 81' lang='lat' dir='ltr'>sum</span> <span class='ocrx_word' id='word_1_470' title='bbox 1827 1487 1924 1536; x_wconf 89' lang='lat' dir='ltr'>He.</span> <span class='ocrx_word' id='word_1_471' title='bbox 1943 1487 2018 1544; x_wconf 87' lang='lat' dir='ltr'>iii,</span> <span class='ocrx_word' id='word_1_472' title='bbox 2037 1494 2086 1537; x_wconf 80' lang='grc'>5.</span> <span class='ocrx_word' id='word_1_473' title='bbox 2105 1491 2170 1537; x_wconf 90' lang='grc'><strong>39</strong></span> 
     </span>
    </p>

    <p class='ocr_par' dir='ltr' id='par_1_14' title="bbox 1691 1549 2762 4254">
     <span class='ocr_line' id='line_1_73' title="bbox 1755 1549 2760 1616; baseline -0.003 -16"><span class='ocrx_word' id='word_1_474' title='bbox 1755 1551 1900 1616; x_wconf 85' lang='lat' dir='ltr'>Ergo.</span> <span class='ocrx_word' id='word_1_475' title='bbox 1963 1552 2088 1616; x_wconf 81' lang='lat' dir='ltr'>Ergo</span> <span class='ocrx_word' id='word_1_476' title='bbox 2109 1558 2269 1614; x_wconf 73' lang='lat' dir='ltr'>aperte</span> <span class='ocrx_word' id='word_1_477' title='bbox 2291 1549 2381 1607; x_wconf 75' lang='lat' dir='ltr'>vis,</span> <span class='ocrx_word' id='word_1_478' title='bbox 2416 1565 2526 1614; x_wconf 75' lang='lat' dir='ltr'>quae</span> <span class='ocrx_word' id='word_1_479' title='bbox 2559 1555 2760 1614; x_wconf 71' lang='lat' dir='ltr'>restant,</span> 
     </span>
     <span class='ocr_line' id='line_1_74' title="bbox 1691 1615 2760 1680; baseline -0.003 -16"><span class='ocrx_word' id='word_1_480' title='bbox 1691 1633 1768 1665; x_wconf 87' lang='lat' dir='ltr'>me</span> <span class='ocrx_word' id='word_1_481' title='bbox 1790 1615 1953 1680; x_wconf 85' lang='lat' dir='ltr'>loqui?</span> <span class='ocrx_word' id='word_1_482' title='bbox 1986 1617 2052 1666; x_wconf 84' lang='lat' dir='ltr'>A.</span> <span class='ocrx_word' id='word_1_483' title='bbox 2073 1618 2108 1674; x_wconf 83' lang='lat' dir='ltr'>i,</span> <span class='ocrx_word' id='word_1_484' title='bbox 2126 1621 2176 1667; x_wconf 90' lang='grc'>2.</span> <span class='ocrx_word' id='word_1_485' title='bbox 2202 1619 2269 1666; x_wconf 78' lang='grc'>24</span> <span class='ocrx_word' id='word_1_486' title='bbox 2301 1615 2402 1674; x_wconf 81' lang='lat' dir='ltr'>Qui</span> <span class='ocrx_word' id='word_1_487' title='bbox 2423 1616 2516 1664; x_wconf 72' lang='lat' dir='ltr'>scis</span> <span class='ocrx_word' id='word_1_488' title='bbox 2535 1630 2646 1678; x_wconf 83' lang='lat' dir='ltr'>ergo</span> <span class='ocrx_word' id='word_1_489' title='bbox 2671 1615 2760 1662; x_wconf 75' lang='lat' dir='ltr'>ist·-</span> 
     </span>
     <span class='ocr_line' id='line_1_75' title="bbox 1691 1677 2758 1744; baseline -0.002 -14"><span class='ocrx_word' id='word_1_490' title='bbox 1691 1697 1770 1739; x_wconf 87' lang='lat' dir='ltr'>uc,</span> <span class='ocrx_word' id='word_1_491' title='bbox 1793 1682 1886 1729; x_wconf 76' lang='lat' dir='ltr'>nisi</span> <span class='ocrx_word' id='word_1_492' title='bbox 1905 1680 2164 1744; x_wconf 77' lang='lat' dir='ltr'>periculum</span> <span class='ocrx_word' id='word_1_493' title='bbox 2198 1679 2400 1728; x_wconf 71' lang='lat' dir='ltr'>feceris?</span> <span class='ocrx_word' id='word_1_494' title='bbox 2441 1677 2503 1727; x_wconf 78' lang='lat' dir='ltr'>A.</span> <span class='ocrx_word' id='word_1_495' title='bbox 2525 1677 2598 1741; x_wconf 87' lang='lat' dir='ltr'>iii,</span> <span class='ocrx_word' id='word_1_496' title='bbox 2619 1683 2666 1729; x_wconf 92' lang='grc'>3.</span> <span class='ocrx_word' id='word_1_497' title='bbox 2688 1683 2758 1730; x_wconf 83' lang='grc'>33</span> 
     </span>
     <span class='ocr_line' id='line_1_76' title="bbox 1693 1742 2759 1808; baseline -0.004 -14"><span class='ocrx_word' id='word_1_498' title='bbox 1693 1745 1820 1808; x_wconf 77' lang='lat' dir='ltr'>Ergo</span> <span class='ocrx_word' id='word_1_499' title='bbox 1878 1745 2045 1794; x_wconf 85' lang='lat' dir='ltr'>retium</span> <span class='ocrx_word' id='word_1_500' title='bbox 2065 1746 2128 1793; x_wconf 91' lang='lat' dir='ltr'>ob</span> <span class='ocrx_word' id='word_1_501' title='bbox 2149 1745 2395 1794; x_wconf 72' lang='lat' dir='ltr'>stultitiam</span> <span class='ocrx_word' id='word_1_502' title='bbox 2434 1743 2533 1792; x_wconf 83' lang='lat' dir='ltr'>fero</span> <span class='ocrx_word' id='word_1_503' title='bbox 2576 1742 2644 1792; x_wconf 75' lang='lat' dir='ltr'>A.</span> <span class='ocrx_word' id='word_1_504' title='bbox 2681 1743 2759 1800; x_wconf 73' lang='lat' dir='ltr'>iii,</span> 
     </span>
     <span class='ocr_line' id='line_1_77' title="bbox 1693 1806 2760 1874; baseline -0.001 -16"><span class='ocrx_word' id='word_1_505' title='bbox 1693 1815 1742 1860; x_wconf 75' lang='lat'><strong>6.</strong></span> <span class='ocrx_word' id='word_1_506' title='bbox 1763 1814 1795 1860; x_wconf 81' lang='lat'>4</span> <span class='ocrx_word' id='word_1_507' title='bbox 1881 1810 1961 1858; x_wconf 91' lang='lat' dir='ltr'>uid</span> <span class='ocrx_word' id='word_1_508' title='bbox 1983 1809 2130 1874; x_wconf 83' lang='lat' dir='ltr'>ergo?</span> <span class='ocrx_word' id='word_1_509' title='bbox 2163 1807 2226 1858; x_wconf 85' lang='lat' dir='ltr'>A.</span> <span class='ocrx_word' id='word_1_510' title='bbox 2243 1807 2314 1869; x_wconf 77' lang='lat' dir='ltr'>iv,</span> <span class='ocrx_word' id='word_1_511' title='bbox 2335 1813 2388 1858; x_wconf 91' lang='grc'>2.</span> <span class='ocrx_word' id='word_1_512' title='bbox 2403 1812 2469 1858; x_wconf 87' lang='grc'>28</span> <span class='ocrx_word' id='word_1_513' title='bbox 2502 1807 2633 1864; x_wconf 85' lang='lat' dir='ltr'>Quid</span> <span class='ocrx_word' id='word_1_514' title='bbox 2650 1806 2760 1858; x_wconf 78' lang='lat' dir='ltr'>istic</span> 
     </span>
     <span class='ocr_line' id='line_1_78' title="bbox 1694 1871 2755 1936; baseline 0.001 -15"><span class='ocrx_word' id='word_1_515' title='bbox 1694 1872 1782 1922; x_wconf 78' lang='lat' dir='ltr'>tibi</span> <span class='ocrx_word' id='word_1_516' title='bbox 1803 1874 1984 1936; x_wconf 79' lang='lat' dir='ltr'>negotii</span> <span class='ocrx_word' id='word_1_517' title='bbox 2005 1874 2114 1922; x_wconf 73' lang='lat' dir='ltr'>est?</span> <span class='ocrx_word' id='word_1_518' title='bbox 2148 1873 2244 1922; x_wconf 79' lang='lat' dir='ltr'><strong>Da.</strong></span> <span class='ocrx_word' id='word_1_519' title='bbox 2280 1872 2457 1921; x_wconf 85' lang='lat' dir='ltr'>Mihiu&#39;</span> <span class='ocrx_word' id='word_1_520' title='bbox 2477 1872 2496 1925; x_wconf 73' lang='grc' dir='ltr'>ἓ</span> <span class='ocrx_word' id='word_1_521' title='bbox 2549 1871 2617 1922; x_wconf 81' lang='lat' dir='ltr'>Si.</span> <span class='ocrx_word' id='word_1_522' title='bbox 2649 1872 2755 1924; x_wconf 69' lang='lat' dir='ltr'>Ita·</span> 
     </span>
     <span class='ocr_line' id='line_1_79' title="bbox 1694 1935 2754 2000; baseline 0 -14"><span class='ocrx_word' id='word_1_523' title='bbox 1694 1936 1792 1986; x_wconf 79' lang='lat' dir='ltr'><strong>Da.</strong></span> <span class='ocrx_word' id='word_1_524' title='bbox 1826 1937 2046 1986; x_wconf 87' lang='lat' dir='ltr'>Mihine!</span> <span class='ocrx_word' id='word_1_525' title='bbox 2083 1937 2151 1986; x_wconf 89' lang='lat' dir='ltr'>Si.</span> <span class='ocrx_word' id='word_1_526' title='bbox 2185 1937 2295 1986; x_wconf 85' lang='lat' dir='ltr'>Tibi</span> <span class='ocrx_word' id='word_1_527' title='bbox 2331 1953 2444 2000; x_wconf 71' lang='lat' dir='ltr'>ergo</span> <span class='ocrx_word' id='word_1_528' title='bbox 2492 1935 2556 1986; x_wconf 80' lang='lat' dir='ltr'>A.</span> <span class='ocrx_word' id='word_1_529' title='bbox 2579 1953 2627 1992; x_wconf 80' lang='lat' dir='ltr'>v,</span> <span class='ocrx_word' id='word_1_530' title='bbox 2649 1940 2698 1985; x_wconf 91' lang='grc'>2.</span> <span class='ocrx_word' id='word_1_531' title='bbox 2719 1941 2754 1986; x_wconf 89' lang='grc'><strong>9</strong></span> 
     </span>
     <span class='ocr_line' id='line_1_80' title="bbox 1694 2000 2756 2066; baseline -0.002 -16"><span class='ocrx_word' id='word_1_532' title='bbox 1694 2002 1827 2059; x_wconf 85' lang='lat' dir='ltr'>Quid</span> <span class='ocrx_word' id='word_1_533' title='bbox 1847 2011 1897 2052; x_wconf 86' lang='lat' dir='ltr'>te</span> <span class='ocrx_word' id='word_1_534' title='bbox 1914 2017 2025 2066; x_wconf 82' lang='lat' dir='ltr'>ergo</span> <span class='ocrx_word' id='word_1_535' title='bbox 2046 2002 2172 2051; x_wconf 78' lang='lat' dir='ltr'>aliud</span> <span class='ocrx_word' id='word_1_536' title='bbox 2197 2001 2434 2050; x_wconf 73' lang='lat' dir='ltr'>solicitat?</span> <span class='ocrx_word' id='word_1_537' title='bbox 2455 2001 2576 2050; x_wconf 88' lang='lat' dir='ltr'>cedo</span> <span class='ocrx_word' id='word_1_538' title='bbox 2607 2000 2700 2050; x_wconf 85' lang='lat' dir='ltr'>Eu.</span> <span class='ocrx_word' id='word_1_539' title='bbox 2719 2000 2756 2057; x_wconf 80' lang='lat' dir='ltr'>i,</span> 
     </span>
     <span class='ocr_line' id='line_1_81' title="bbox 1694 2063 2757 2131; baseline -0.001 -15"><span class='ocrx_word' id='word_1_540' title='bbox 1694 2070 1747 2116; x_wconf 89' lang='grc'>2.</span> <span class='ocrx_word' id='word_1_541' title='bbox 1773 2071 1836 2118; x_wconf 86' lang='grc'><strong>82</strong></span> <span class='ocrx_word' id='word_1_542' title='bbox 1869 2066 2038 2131; x_wconf 69' lang='lat' dir='ltr'>Inque</span> <span class='ocrx_word' id='word_1_543' title='bbox 2057 2083 2170 2129; x_wconf 75' lang='lat' dir='ltr'>ergo</span> <span class='ocrx_word' id='word_1_544' title='bbox 2191 2073 2406 2114; x_wconf 75' lang='lat' dir='ltr'>amantur</span> <span class='ocrx_word' id='word_1_545' title='bbox 2438 2066 2530 2114; x_wconf 89' lang='lat' dir='ltr'>Eu.</span> <span class='ocrx_word' id='word_1_546' title='bbox 2551 2063 2608 2126; x_wconf 87' lang='lat' dir='ltr'>ii,</span> <span class='ocrx_word' id='word_1_547' title='bbox 2629 2069 2678 2115; x_wconf 90' lang='grc'>3.</span> <span class='ocrx_word' id='word_1_548' title='bbox 2690 2070 2757 2115; x_wconf 76' lang='grc'><strong>25</strong></span> 
     </span>
     <span class='ocr_line' id='line_1_82' title="bbox 1697 2129 2759 2195; baseline -0.003 -15"><span class='ocrx_word' id='word_1_549' title='bbox 1697 2129 1806 2180; x_wconf 80' lang='lat' dir='ltr'>Rex</span> <span class='ocrx_word' id='word_1_550' title='bbox 1827 2139 1874 2180; x_wconf 88' lang='lat' dir='ltr'>te</span> <span class='ocrx_word' id='word_1_551' title='bbox 1895 2148 2006 2195; x_wconf 77' lang='lat' dir='ltr'>ergo</span> <span class='ocrx_word' id='word_1_552' title='bbox 2029 2131 2080 2180; x_wconf 90' lang='lat' dir='ltr'>in</span> <span class='ocrx_word' id='word_1_553' title='bbox 2101 2131 2248 2180; x_wconf 83' lang='lat' dir='ltr'>oculis</span> <span class='ocrx_word' id='word_1_554' title='bbox 2281 2130 2372 2180; x_wconf 89' lang='lat' dir='ltr'>Eu.</span> <span class='ocrx_word' id='word_1_555' title='bbox 2395 2130 2473 2192; x_wconf 85' lang='lat' dir='ltr'>iii,</span> <span class='ocrx_word' id='word_1_556' title='bbox 2496 2133 2544 2178; x_wconf 88' lang='lat'><strong>1.</strong></span> <span class='ocrx_word' id='word_1_557' title='bbox 2566 2135 2625 2180; x_wconf 91' lang='grc'>11</span> <span class='ocrx_word' id='word_1_558' title='bbox 2664 2130 2759 2178; x_wconf 78' lang='lat' dir='ltr'>Ea·</span> 
     </span>
     <span class='ocr_line' id='line_1_83' title="bbox 1697 2193 2756 2260; baseline -0.002 -16"><span class='ocrx_word' id='word_1_559' title='bbox 1697 2211 1802 2244; x_wconf 74' lang='lat' dir='ltr'>mus</span> <span class='ocrx_word' id='word_1_560' title='bbox 1823 2211 1932 2260; x_wconf 84' lang='lat' dir='ltr'>ergo</span> <span class='ocrx_word' id='word_1_561' title='bbox 1954 2197 2014 2244; x_wconf 77' lang='lat' dir='ltr'>ad</span> <span class='ocrx_word' id='word_1_562' title='bbox 2037 2210 2220 2246; x_wconf 74' lang='lat' dir='ltr'>coenam</span> <span class='ocrx_word' id='word_1_563' title='bbox 2253 2195 2346 2244; x_wconf 89' lang='lat' dir='ltr'>Eu.</span> <span class='ocrx_word' id='word_1_564' title='bbox 2369 2193 2440 2255; x_wconf 91' lang='lat' dir='ltr'>iii,</span> <span class='ocrx_word' id='word_1_565' title='bbox 2457 2200 2506 2244; x_wconf 89' lang='grc'>2.</span> <span class='ocrx_word' id='word_1_566' title='bbox 2528 2199 2561 2243; x_wconf 91' lang='grc'><strong>6</strong></span> <span class='ocrx_word' id='word_1_567' title='bbox 2614 2194 2756 2242; x_wconf 77' lang='lat' dir='ltr'>Pam·</span> 
     </span>
     <span class='ocr_line' id='line_1_84' title="bbox 1698 2257 2760 2324; baseline 0.001 -17"><span class='ocrx_word' id='word_1_568' title='bbox 1698 2259 1877 2322; x_wconf 72' lang='lat' dir='ltr'>philam</span> <span class='ocrx_word' id='word_1_569' title='bbox 1919 2276 2031 2324; x_wconf 81' lang='lat' dir='ltr'>ergo</span> <span class='ocrx_word' id='word_1_570' title='bbox 2072 2262 2166 2308; x_wconf 87' lang='lat' dir='ltr'>huc</span> <span class='ocrx_word' id='word_1_571' title='bbox 2203 2260 2351 2308; x_wconf 84' lang='lat' dir='ltr'>redde</span> <span class='ocrx_word' id='word_1_572' title='bbox 2403 2259 2493 2306; x_wconf 89' lang='lat' dir='ltr'>Eu.</span> <span class='ocrx_word' id='word_1_573' title='bbox 2531 2257 2595 2316; x_wconf 82' lang='lat' dir='ltr'>iv,</span> <span class='ocrx_word' id='word_1_574' title='bbox 2621 2263 2652 2308; x_wconf 90' lang='grc'><strong>7</strong></span> <span class='ocrx_word' id='word_1_575' title='bbox 2655 2290 2673 2306; x_wconf 81' lang='grc'>.</span> <span class='ocrx_word' id='word_1_576' title='bbox 2690 2263 2760 2308; x_wconf 85' lang='grc'>26</span> 
     </span>
     <span class='ocr_line' id='line_1_85' title="bbox 1699 2322 2758 2388; baseline -0.007 -15"><span class='ocrx_word' id='word_1_577' title='bbox 1699 2324 1799 2373; x_wconf 83' lang='lat' dir='ltr'>Cur</span> <span class='ocrx_word' id='word_1_578' title='bbox 1818 2340 1928 2388; x_wconf 84' lang='lat' dir='ltr'>ergo</span> <span class='ocrx_word' id='word_1_579' title='bbox 1948 2325 2004 2372; x_wconf 89' lang='lat' dir='ltr'>in</span> <span class='ocrx_word' id='word_1_580' title='bbox 2033 2324 2106 2372; x_wconf 77' lang='lat' dir='ltr'>his</span> <span class='ocrx_word' id='word_1_581' title='bbox 2127 2341 2217 2388; x_wconf 84' lang='lat' dir='ltr'>ego</span> <span class='ocrx_word' id='word_1_582' title='bbox 2240 2331 2288 2372; x_wconf 78' lang='lat' dir='ltr'>te</span> <span class='ocrx_word' id='word_1_583' title='bbox 2321 2322 2572 2387; x_wconf 69' lang='lat' dir='ltr'>conspicor</span> <span class='ocrx_word' id='word_1_584' title='bbox 2603 2323 2758 2386; x_wconf 72' lang='lat' dir='ltr'>regio·</span> 
     </span>
     <span class='ocr_line' id='line_1_86' title="bbox 1697 2387 2758 2450; baseline 0.001 -16"><span class='ocrx_word' id='word_1_585' title='bbox 1697 2387 1836 2435; x_wconf 75' lang='lat' dir='ltr'>nibus</span> <span class='ocrx_word' id='word_1_586' title='bbox 1856 2389 1874 2436; x_wconf 76' lang='grc' dir='ltr'>ἰ</span> <span class='ocrx_word' id='word_1_587' title='bbox 1929 2387 2022 2437; x_wconf 83' lang='grc' dir='ltr'><strong>Ειι.</strong></span> <span class='ocrx_word' id='word_1_588' title='bbox 2059 2405 2107 2445; x_wconf 82' lang='lat' dir='ltr'>v,</span> <span class='ocrx_word' id='word_1_589' title='bbox 2131 2394 2179 2438; x_wconf 88' lang='grc'>9.</span> <span class='ocrx_word' id='word_1_590' title='bbox 2199 2391 2265 2438; x_wconf 86' lang='grc'>32</span> <span class='ocrx_word' id='word_1_591' title='bbox 2319 2388 2399 2436; x_wconf 88' lang='lat' dir='ltr'>Ah</span> <span class='ocrx_word' id='word_1_592' title='bbox 2419 2387 2432 2435; x_wconf 86' lang='lat'>1</span> <span class='ocrx_word' id='word_1_593' title='bbox 2477 2403 2606 2450; x_wconf 79' lang='lat' dir='ltr'>erge,</span> <span class='ocrx_word' id='word_1_594' title='bbox 2652 2402 2758 2435; x_wconf 76' lang='lat' dir='ltr'>mea</span> 
     </span>
     <span class='ocr_line' id='line_1_87' title="bbox 1699 2449 2758 2518; baseline 0 -17"><span class='ocrx_word' id='word_1_595' title='bbox 1699 2449 1965 2518; x_wconf 82' lang='lat' dir='ltr'>Antiphila,</span> <span class='ocrx_word' id='word_1_596' title='bbox 1985 2460 2039 2501; x_wconf 89' lang='lat' dir='ltr'>tu</span> <span class='ocrx_word' id='word_1_597' title='bbox 2059 2468 2188 2503; x_wconf 87' lang='lat' dir='ltr'>nunc</span> <span class='ocrx_word' id='word_1_598' title='bbox 2209 2453 2314 2502; x_wconf 75' lang='lat' dir='ltr'>sola</span> <span class='ocrx_word' id='word_1_599' title='bbox 2332 2453 2552 2502; x_wconf 82' lang='lat' dir='ltr'>reducem</span> <span class='ocrx_word' id='word_1_600' title='bbox 2593 2467 2668 2501; x_wconf 87' lang='lat' dir='ltr'>me</span> <span class='ocrx_word' id='word_1_601' title='bbox 2701 2450 2758 2501; x_wconf 85' lang='lat' dir='ltr'>in</span> 
     </span>
     <span class='ocr_line' id='line_1_88' title="bbox 1697 2516 2758 2581; baseline 0.002 -18"><span class='ocrx_word' id='word_1_602' title='bbox 1697 2518 1894 2578; x_wconf 72' lang='lat' dir='ltr'>patriam</span> <span class='ocrx_word' id='word_1_603' title='bbox 1936 2516 2054 2566; x_wconf 76' lang='lat' dir='ltr'>facis</span> <span class='ocrx_word' id='word_1_604' title='bbox 2105 2518 2228 2567; x_wconf 75' lang='lat' dir='ltr'>Heu.</span> <span class='ocrx_word' id='word_1_605' title='bbox 2265 2519 2320 2575; x_wconf 84' lang='lat' dir='ltr'>ii.</span> <span class='ocrx_word' id='word_1_606' title='bbox 2336 2522 2387 2567; x_wconf 87' lang='grc'>4.</span> <span class='ocrx_word' id='word_1_607' title='bbox 2412 2521 2476 2566; x_wconf 84' lang='grc'>18</span> <span class='ocrx_word' id='word_1_608' title='bbox 2528 2516 2624 2565; x_wconf 77' lang='lat' dir='ltr'>Fac</span> <span class='ocrx_word' id='word_1_609' title='bbox 2644 2534 2758 2581; x_wconf 83' lang='lat' dir='ltr'>ergo</span> 
     </span>
     <span class='ocr_line' id='line_1_89' title="bbox 1695 2579 2761 2647; baseline 0 -16"><span class='ocrx_word' id='word_1_610' title='bbox 1695 2579 1822 2631; x_wconf 65' lang='lat' dir='ltr'>Heu.</span> <span class='ocrx_word' id='word_1_611' title='bbox 1845 2580 1914 2638; x_wconf 84' lang='lat' dir='ltr'>iii,</span> <span class='ocrx_word' id='word_1_612' title='bbox 1935 2585 1984 2630; x_wconf 92' lang='grc'>2.</span> <span class='ocrx_word' id='word_1_613' title='bbox 2005 2586 2071 2631; x_wconf 88' lang='grc'><strong>39</strong></span> <span class='ocrx_word' id='word_1_614' title='bbox 2103 2582 2229 2647; x_wconf 84' lang='lat' dir='ltr'>Ergo</span> <span class='ocrx_word' id='word_1_615' title='bbox 2261 2584 2400 2631; x_wconf 72' lang='lat' dir='ltr'>herus</span> <span class='ocrx_word' id='word_1_616' title='bbox 2431 2582 2608 2629; x_wconf 73' lang='lat' dir='ltr'>damno</span> <span class='ocrx_word' id='word_1_617' title='bbox 2643 2598 2761 2631; x_wconf 74' lang='lat' dir='ltr'>auc-</span> 
     </span>
     <span class='ocr_line' id='line_1_90' title="bbox 1696 2645 2757 2711; baseline 0.005 -19"><span class='ocrx_word' id='word_1_618' title='bbox 1696 2652 1773 2693; x_wconf 72' lang='lat' dir='ltr'>tus</span> <span class='ocrx_word' id='word_1_619' title='bbox 1794 2653 1868 2694; x_wconf 72' lang='lat' dir='ltr'>eat</span> <span class='ocrx_word' id='word_1_620' title='bbox 1919 2646 2042 2695; x_wconf 69' lang='lat' dir='ltr'>Heu.</span> <span class='ocrx_word' id='word_1_621' title='bbox 2073 2646 2143 2707; x_wconf 83' lang='lat' dir='ltr'>iv,</span> <span class='ocrx_word' id='word_1_622' title='bbox 2169 2652 2298 2697; x_wconf 80' lang='lat'><strong>1.16</strong></span> <span class='ocrx_word' id='word_1_623' title='bbox 2353 2645 2452 2696; x_wconf 90' lang='lat' dir='ltr'>Ubi</span> <span class='ocrx_word' id='word_1_624' title='bbox 2483 2646 2630 2709; x_wconf 82' lang='lat' dir='ltr'>ergo?</span> <span class='ocrx_word' id='word_1_625' title='bbox 2667 2646 2757 2711; x_wconf 75' lang='lat' dir='ltr'><strong>Sy.</strong></span> 
     </span>
     <span class='ocr_line' id='line_1_91' title="bbox 1696 2709 2756 2773; baseline 0.001 -15"><span class='ocrx_word' id='word_1_626' title='bbox 1696 2709 1849 2773; x_wconf 87' lang='lat' dir='ltr'>Apud</span> <span class='ocrx_word' id='word_1_627' title='bbox 1871 2709 2074 2759; x_wconf 80' lang='lat' dir='ltr'>Cliniam</span> <span class='ocrx_word' id='word_1_628' title='bbox 2107 2710 2232 2760; x_wconf 82' lang='lat' dir='ltr'>Hea.</span> <span class='ocrx_word' id='word_1_629' title='bbox 2269 2710 2336 2768; x_wconf 84' lang='lat' dir='ltr'>iv,</span> <span class='ocrx_word' id='word_1_630' title='bbox 2357 2716 2407 2760; x_wconf 91' lang='grc'>6.</span> <span class='ocrx_word' id='word_1_631' title='bbox 2431 2714 2490 2759; x_wconf 89' lang='grc'>17</span> <span class='ocrx_word' id='word_1_632' title='bbox 2539 2710 2671 2767; x_wconf 88' lang='lat' dir='ltr'>Quid</span> <span class='ocrx_word' id='word_1_633' title='bbox 2705 2712 2756 2759; x_wconf 88' lang='lat' dir='ltr'>id</span> 
     </span>
     <span class='ocr_line' id='line_1_92' title="bbox 1695 2774 2756 2837; baseline 0 -16"><span class='ocrx_word' id='word_1_634' title='bbox 1695 2774 1841 2837; x_wconf 82' lang='lat' dir='ltr'>ergo?</span> <span class='ocrx_word' id='word_1_635' title='bbox 1875 2774 2000 2823; x_wconf 71' lang='lat' dir='ltr'>Heu.</span> <span class='ocrx_word' id='word_1_636' title='bbox 2022 2792 2070 2833; x_wconf 83' lang='lat' dir='ltr'>v,</span> <span class='ocrx_word' id='word_1_637' title='bbox 2092 2778 2141 2824; x_wconf 92' lang='grc'>2.</span> <span class='ocrx_word' id='word_1_638' title='bbox 2163 2780 2227 2825; x_wconf 89' lang='grc'>32</span> <span class='ocrx_word' id='word_1_639' title='bbox 2283 2775 2414 2823; x_wconf 86' lang='lat' dir='ltr'>Exeo</span> <span class='ocrx_word' id='word_1_640' title='bbox 2434 2790 2565 2837; x_wconf 82' lang='lat' dir='ltr'>ergo,</span> <span class='ocrx_word' id='word_1_641' title='bbox 2596 2781 2650 2821; x_wconf 89' lang='lat' dir='ltr'>ut</span> <span class='ocrx_word' id='word_1_642' title='bbox 2670 2789 2756 2837; x_wconf 76' lang='lat' dir='ltr'>pa-</span> 
     </span>
     <span class='ocr_line' id='line_1_93' title="bbox 1695 2838 2758 2895; baseline 0.001 -9"><span class='ocrx_word' id='word_1_643' title='bbox 1695 2852 1799 2887; x_wconf 89' lang='lat' dir='ltr'>cem</span> <span class='ocrx_word' id='word_1_644' title='bbox 1820 2839 2070 2888; x_wconf 71' lang='lat' dir='ltr'>conciliem</span> <span class='ocrx_word' id='word_1_645' title='bbox 2101 2840 2229 2891; x_wconf 76' lang='lat' dir='ltr'>Hea.</span> <span class='ocrx_word' id='word_1_646' title='bbox 2251 2857 2299 2895; x_wconf 84' lang='lat' dir='ltr'><strong>v.</strong></span> <span class='ocrx_word' id='word_1_647' title='bbox 2319 2845 2369 2888; x_wconf 81' lang='lat'><strong>5.</strong></span> <span class='ocrx_word' id='word_1_648' title='bbox 2389 2844 2422 2889; x_wconf 90' lang='grc'><strong>2</strong></span> <span class='ocrx_word' id='word_1_649' title='bbox 2477 2838 2609 2887; x_wconf 85' lang='lat' dir='ltr'>Istuc</span> <span class='ocrx_word' id='word_1_650' title='bbox 2645 2839 2758 2889; x_wconf 84' lang='lat' dir='ltr'>volo</span> 
     </span>
     <span class='ocr_line' id='line_1_94' title="bbox 1695 2902 2758 2968; baseline 0.004 -19"><span class='ocrx_word' id='word_1_651' title='bbox 1695 2916 1808 2966; x_wconf 81' lang='lat' dir='ltr'>ergo</span> <span class='ocrx_word' id='word_1_652' title='bbox 1828 2903 1984 2967; x_wconf 79' lang='lat' dir='ltr'>ipsum</span> <span class='ocrx_word' id='word_1_653' title='bbox 2005 2904 2206 2968; x_wconf 80' lang='lat' dir='ltr'>experiri</span> <span class='ocrx_word' id='word_1_654' title='bbox 2251 2904 2350 2953; x_wconf 88' lang='lat' dir='ltr'>Ad.</span> <span class='ocrx_word' id='word_1_655' title='bbox 2381 2903 2434 2960; x_wconf 87' lang='lat' dir='ltr'>ii,</span> <span class='ocrx_word' id='word_1_656' title='bbox 2456 2906 2503 2951; x_wconf 97' lang='grc'>1.</span> <span class='ocrx_word' id='word_1_657' title='bbox 2527 2907 2589 2951; x_wconf 90' lang='grc'>18</span> <span class='ocrx_word' id='word_1_658' title='bbox 2622 2902 2758 2960; x_wconf 83' lang='lat' dir='ltr'>Quid</span> 
     </span>
     <span class='ocr_line' id='line_1_95' title="bbox 1694 2964 2760 3032; baseline 0.003 -19"><span class='ocrx_word' id='word_1_659' title='bbox 1694 2964 1819 3015; x_wconf 80' lang='lat' dir='ltr'>istuc</span> <span class='ocrx_word' id='word_1_660' title='bbox 1841 2983 2026 3032; x_wconf 73' lang='lat' dir='ltr'>prorsus</span> <span class='ocrx_word' id='word_1_661' title='bbox 2060 2984 2172 3032; x_wconf 83' lang='lat' dir='ltr'>ergo</span> <span class='ocrx_word' id='word_1_662' title='bbox 2203 2968 2309 3017; x_wconf 80' lang='lat' dir='ltr'>est?</span> <span class='ocrx_word' id='word_1_663' title='bbox 2353 2967 2590 3031; x_wconf 87' lang='lat' dir='ltr'>Eloquere</span> <span class='ocrx_word' id='word_1_664' title='bbox 2627 2983 2760 3031; x_wconf 81' lang='lat' dir='ltr'>ergo,</span> 
     </span>
     <span class='ocr_line' id='line_1_96' title="bbox 1696 3031 2758 3098; baseline 0.004 -20"><span class='ocrx_word' id='word_1_665' title='bbox 1696 3031 1890 3079; x_wconf 80' lang='lat' dir='ltr'>obsecro</span> <span class='ocrx_word' id='word_1_666' title='bbox 1912 3040 1978 3087; x_wconf 85' lang='lat' dir='ltr'>te,</span> <span class='ocrx_word' id='word_1_667' title='bbox 2000 3034 2119 3098; x_wconf 91' lang='lat' dir='ltr'>quid</span> <span class='ocrx_word' id='word_1_668' title='bbox 2141 3033 2216 3083; x_wconf 73' lang='lat' dir='ltr'>sit.</span> <span class='ocrx_word' id='word_1_669' title='bbox 2249 3032 2379 3090; x_wconf 91' lang='lat' dir='ltr'>Quid</span> <span class='ocrx_word' id='word_1_670' title='bbox 2400 3034 2443 3080; x_wconf 80' lang='lat' dir='ltr'>is</span> <span class='ocrx_word' id='word_1_671' title='bbox 2464 3048 2574 3095; x_wconf 86' lang='lat' dir='ltr'>ergo</span> <span class='ocrx_word' id='word_1_672' title='bbox 2594 3033 2612 3081; x_wconf 74' lang='grc' dir='ltr'><strong><em>ἓ</em></strong></span> <span class='ocrx_word' id='word_1_673' title='bbox 2655 3031 2758 3083; x_wconf 86' lang='lat' dir='ltr'>Ad.</span> 
     </span>
     <span class='ocr_line' id='line_1_97' title="bbox 1695 3095 2762 3159; baseline 0.002 -16"><span class='ocrx_word' id='word_1_674' title='bbox 1695 3095 1770 3153; x_wconf 84' lang='lat' dir='ltr'>iii,</span> <span class='ocrx_word' id='word_1_675' title='bbox 1794 3100 1841 3145; x_wconf 90' lang='grc'>2.</span> <span class='ocrx_word' id='word_1_676' title='bbox 1863 3102 1947 3145; x_wconf 79' lang='grc'>26.</span> <span class='ocrx_word' id='word_1_677' title='bbox 1968 3100 2050 3146; x_wconf 86' lang='grc'>27.</span> <span class='ocrx_word' id='word_1_678' title='bbox 2071 3100 2136 3145; x_wconf 87' lang='grc'><strong>28</strong></span> <span class='ocrx_word' id='word_1_679' title='bbox 2189 3096 2284 3144; x_wconf 86' lang='lat' dir='ltr'>Dic</span> <span class='ocrx_word' id='word_1_680' title='bbox 2307 3112 2418 3159; x_wconf 79' lang='lat' dir='ltr'>ergo</span> <span class='ocrx_word' id='word_1_681' title='bbox 2452 3096 2608 3143; x_wconf 88' lang='lat' dir='ltr'>locum</span> <span class='ocrx_word' id='word_1_682' title='bbox 2657 3095 2762 3145; x_wconf 89' lang='lat' dir='ltr'>Ad.</span> 
     </span>
     <span class='ocr_line' id='line_1_98' title="bbox 1694 3158 2756 3225; baseline 0.002 -18"><span class='ocrx_word' id='word_1_683' title='bbox 1694 3158 1761 3217; x_wconf 80' lang='lat' dir='ltr'>iv,</span> <span class='ocrx_word' id='word_1_684' title='bbox 1783 3165 1834 3209; x_wconf 90' lang='grc'>2.</span> <span class='ocrx_word' id='word_1_685' title='bbox 1854 3164 1916 3209; x_wconf 84' lang='grc'>33</span> <span class='ocrx_word' id='word_1_686' title='bbox 1950 3159 2152 3225; x_wconf 86' lang='lat' dir='ltr'>Sequere</span> <span class='ocrx_word' id='word_1_687' title='bbox 2171 3175 2248 3207; x_wconf 89' lang='lat' dir='ltr'>me</span> <span class='ocrx_word' id='word_1_688' title='bbox 2267 3174 2379 3222; x_wconf 81' lang='lat' dir='ltr'>ergo</span> <span class='ocrx_word' id='word_1_689' title='bbox 2399 3160 2488 3207; x_wconf 82' lang='lat' dir='ltr'>hac</span> <span class='ocrx_word' id='word_1_690' title='bbox 2511 3160 2634 3206; x_wconf 84' lang='lat' dir='ltr'>intro</span> <span class='ocrx_word' id='word_1_691' title='bbox 2655 3161 2756 3209; x_wconf 87' lang='lat' dir='ltr'>Ad.</span> 
     </span>
     <span class='ocr_line' id='line_1_99' title="bbox 1694 3222 2758 3288; baseline 0.004 -17"><span class='ocrx_word' id='word_1_692' title='bbox 1694 3223 1762 3281; x_wconf 81' lang='lat' dir='ltr'>iv,</span> <span class='ocrx_word' id='word_1_693' title='bbox 1783 3228 1833 3275; x_wconf 87' lang='grc'>3.</span> <span class='ocrx_word' id='word_1_694' title='bbox 1859 3228 1921 3274; x_wconf 88' lang='grc'>18</span> <span class='ocrx_word' id='word_1_695' title='bbox 1953 3222 1980 3271; x_wconf 93' lang='grc' dir='ltr'>Ι</span> <span class='ocrx_word' id='word_1_696' title='bbox 2001 3238 2112 3288; x_wconf 82' lang='lat' dir='ltr'>ergo</span> <span class='ocrx_word' id='word_1_697' title='bbox 2131 3223 2256 3272; x_wconf 82' lang='lat' dir='ltr'>intro</span> <span class='ocrx_word' id='word_1_698' title='bbox 2289 3223 2388 3272; x_wconf 91' lang='lat' dir='ltr'>Ad.</span> <span class='ocrx_word' id='word_1_699' title='bbox 2411 3240 2460 3279; x_wconf 78' lang='lat' dir='ltr'>V,</span> <span class='ocrx_word' id='word_1_700' title='bbox 2482 3226 2532 3271; x_wconf 88' lang='grc'>3.</span> <span class='ocrx_word' id='word_1_701' title='bbox 2556 3228 2622 3273; x_wconf 88' lang='grc'><strong>68</strong></span> <span class='ocrx_word' id='word_1_702' title='bbox 2655 3224 2758 3275; x_wconf 80' lang='lat' dir='ltr'>He·</span> 
     </span>
     <span class='ocr_line' id='line_1_100' title="bbox 1694 3286 2754 3353; baseline 0.001 -17"><span class='ocrx_word' id='word_1_703' title='bbox 1694 3286 1760 3346; x_wconf 79' lang='lat' dir='ltr'>iv,</span> <span class='ocrx_word' id='word_1_704' title='bbox 1778 3292 1829 3338; x_wconf 84' lang='grc'>3.</span> <span class='ocrx_word' id='word_1_705' title='bbox 1847 3294 1878 3339; x_wconf 83' lang='grc'>5</span> <span class='ocrx_word' id='word_1_706' title='bbox 1913 3288 2038 3352; x_wconf 80' lang='lat' dir='ltr'>Ergo</span> <span class='ocrx_word' id='word_1_707' title='bbox 2058 3296 2306 3353; x_wconf 76' lang='lat' dir='ltr'>propterea</span> <span class='ocrx_word' id='word_1_708' title='bbox 2325 3296 2374 3337; x_wconf 85' lang='lat' dir='ltr'>te</span> <span class='ocrx_word' id='word_1_709' title='bbox 2395 3288 2560 3337; x_wconf 79' lang='lat' dir='ltr'>sedulo</span> <span class='ocrx_word' id='word_1_710' title='bbox 2582 3297 2633 3336; x_wconf 80' lang='lat' dir='ltr'>et</span> <span class='ocrx_word' id='word_1_711' title='bbox 2647 3304 2754 3337; x_wconf 89' lang='lat' dir='ltr'>mo-</span> 
     </span>
     <span class='ocr_line' id='line_1_101' title="bbox 1694 3352 2759 3411; baseline 0.002 -9"><span class='ocrx_word' id='word_1_712' title='bbox 1694 3368 1806 3411; x_wconf 83' lang='lat' dir='ltr'>neo,</span> <span class='ocrx_word' id='word_1_713' title='bbox 1847 3362 1900 3402; x_wconf 83' lang='lat' dir='ltr'>et</span> <span class='ocrx_word' id='word_1_714' title='bbox 1947 3354 2122 3409; x_wconf 78' lang='lat' dir='ltr'>hortor,</span> <span class='ocrx_word' id='word_1_715' title='bbox 2163 3369 2226 3401; x_wconf 89' lang='lat' dir='ltr'>ne</span> <span class='ocrx_word' id='word_1_716' title='bbox 2278 3353 2376 3403; x_wconf 91' lang='lat' dir='ltr'>He.</span> <span class='ocrx_word' id='word_1_717' title='bbox 2419 3352 2454 3408; x_wconf 88' lang='lat' dir='ltr'>i,</span> <span class='ocrx_word' id='word_1_718' title='bbox 2493 3357 2541 3401; x_wconf 91' lang='lat'><strong>1.</strong></span> <span class='ocrx_word' id='word_1_719' title='bbox 2576 3358 2610 3403; x_wconf 85' lang='grc'><strong>6</strong></span> <span class='ocrx_word' id='word_1_720' title='bbox 2657 3352 2759 3405; x_wconf 86' lang='lat' dir='ltr'>Abi</span> 
     </span>
     <span class='ocr_line' id='line_1_102' title="bbox 1694 3416 2756 3482; baseline 0 -18"><span class='ocrx_word' id='word_1_721' title='bbox 1694 3432 1773 3466; x_wconf 78' lang='lat' dir='ltr'>rus</span> <span class='ocrx_word' id='word_1_722' title='bbox 1793 3433 1904 3482; x_wconf 84' lang='lat' dir='ltr'>ergo</span> <span class='ocrx_word' id='word_1_723' title='bbox 1925 3418 2037 3469; x_wconf 89' lang='lat' dir='ltr'>hinc</span> <span class='ocrx_word' id='word_1_724' title='bbox 2090 3417 2187 3468; x_wconf 86' lang='lat' dir='ltr'>He.</span> <span class='ocrx_word' id='word_1_725' title='bbox 2225 3416 2289 3476; x_wconf 81' lang='lat' dir='ltr'>iv,</span> <span class='ocrx_word' id='word_1_726' title='bbox 2312 3423 2360 3468; x_wconf 90' lang='grc'>3.</span> <span class='ocrx_word' id='word_1_727' title='bbox 2381 3422 2411 3467; x_wconf 87' lang='grc'><strong>4</strong></span> <span class='ocrx_word' id='word_1_728' title='bbox 2468 3416 2602 3473; x_wconf 87' lang='lat' dir='ltr'>Quid</span> <span class='ocrx_word' id='word_1_729' title='bbox 2643 3434 2756 3481; x_wconf 78' lang='lat' dir='ltr'>ergo</span> 
     </span>
     <span class='ocr_line' id='line_1_103' title="bbox 1695 3481 2753 3548; baseline 0 -19"><span class='ocrx_word' id='word_1_730' title='bbox 1695 3496 1850 3545; x_wconf 70' lang='lat' dir='ltr'>agam,</span> <span class='ocrx_word' id='word_1_731' title='bbox 1877 3481 2150 3548; x_wconf 79' lang='lat' dir='ltr'>Phidippe?</span> <span class='ocrx_word' id='word_1_732' title='bbox 2184 3482 2280 3535; x_wconf 83' lang='lat' dir='ltr'>He.</span> <span class='ocrx_word' id='word_1_733' title='bbox 2301 3482 2366 3543; x_wconf 83' lang='lat' dir='ltr'>iv,</span> <span class='ocrx_word' id='word_1_734' title='bbox 2384 3487 2432 3532; x_wconf 88' lang='grc'>4.</span> <span class='ocrx_word' id='word_1_735' title='bbox 2453 3485 2516 3529; x_wconf 87' lang='grc'><strong>93</strong></span> <span class='ocrx_word' id='word_1_736' title='bbox 2551 3481 2630 3529; x_wconf 92' lang='lat' dir='ltr'>Ob</span> <span class='ocrx_word' id='word_1_737' title='bbox 2648 3498 2753 3529; x_wconf 81' lang='lat' dir='ltr'>eam</span> 
     </span>
     <span class='ocr_line' id='line_1_104' title="bbox 1695 3545 2753 3603; baseline 0.002 -9"><span class='ocrx_word' id='word_1_738' title='bbox 1695 3562 1794 3594; x_wconf 86' lang='lat' dir='ltr'>rem</span> <span class='ocrx_word' id='word_1_739' title='bbox 1835 3546 1906 3595; x_wconf 74' lang='lat' dir='ltr'>vis</span> <span class='ocrx_word' id='word_1_740' title='bbox 1937 3563 1987 3595; x_wconf 86' lang='lat' dir='ltr'>er</span> <span class='ocrx_word' id='word_1_741' title='bbox 2019 3564 2050 3595; x_wconf 91' lang='lat' dir='ltr'>o</span> <span class='ocrx_word' id='word_1_742' title='bbox 2081 3548 2206 3596; x_wconf 85' lang='lat' dir='ltr'>intro</span> <span class='ocrx_word' id='word_1_743' title='bbox 2244 3546 2383 3595; x_wconf 80' lang='lat' dir='ltr'>eam?</span> <span class='ocrx_word' id='word_1_744' title='bbox 2432 3545 2526 3594; x_wconf 84' lang='lat' dir='ltr'>He.</span> <span class='ocrx_word' id='word_1_745' title='bbox 2546 3564 2596 3603; x_wconf 85' lang='lat' dir='ltr'>v,</span> <span class='ocrx_word' id='word_1_746' title='bbox 2617 3551 2665 3596; x_wconf 91' lang='grc'>2.</span> <span class='ocrx_word' id='word_1_747' title='bbox 2687 3551 2753 3595; x_wconf 89' lang='grc'><strong>21</strong></span> 
     </span>
     <span class='ocr_line' id='line_1_105' title="bbox 1696 3565 2756 3674; baseline 0.004 -17"><span class='ocrx_word' id='word_1_748' title='bbox 1696 3608 1823 3674; x_wconf 81' lang='lat' dir='ltr'>Ergo</span> <span class='ocrx_word' id='word_1_749' title='bbox 1846 3565 2059 3660; x_wconf 56' lang='lat' dir='ltr'>auscuftn</span> <span class='ocrx_word' id='word_1_750' title='bbox 2092 3611 2183 3660; x_wconf 87' lang='lat' dir='ltr'><strong>Ph.</strong></span> <span class='ocrx_word' id='word_1_751' title='bbox 2215 3613 2252 3665; x_wconf 88' lang='lat' dir='ltr'>i.</span> <span class='ocrx_word' id='word_1_752' title='bbox 2274 3616 2323 3660; x_wconf 89' lang='grc'>2.</span> <span class='ocrx_word' id='word_1_753' title='bbox 2347 3615 2408 3660; x_wconf 88' lang='grc'><strong>12</strong></span> <span class='ocrx_word' id='word_1_754' title='bbox 2459 3608 2584 3673; x_wconf 83' lang='lat' dir='ltr'>Ergo</span> <span class='ocrx_word' id='word_1_755' title='bbox 2620 3610 2756 3661; x_wconf 78' lang='lat' dir='ltr'>istaec</span> 
     </span>
     <span class='ocr_line' id='line_1_106' title="bbox 1695 3674 2760 3739; baseline 0.002 -16"><span class='ocrx_word' id='word_1_756' title='bbox 1695 3689 1804 3723; x_wconf 87' lang='lat' dir='ltr'>cum</span> <span class='ocrx_word' id='word_1_757' title='bbox 1821 3674 1894 3723; x_wconf 77' lang='lat' dir='ltr'>ita</span> <span class='ocrx_word' id='word_1_758' title='bbox 1911 3676 2007 3723; x_wconf 78' lang='lat' dir='ltr'>sint</span> <span class='ocrx_word' id='word_1_759' title='bbox 2054 3674 2144 3726; x_wconf 87' lang='lat' dir='ltr'><strong>Ph.</strong></span> <span class='ocrx_word' id='word_1_760' title='bbox 2162 3677 2201 3734; x_wconf 87' lang='lat' dir='ltr'>i,</span> <span class='ocrx_word' id='word_1_761' title='bbox 2221 3681 2271 3726; x_wconf 85' lang='grc'>4.</span> <span class='ocrx_word' id='word_1_762' title='bbox 2291 3680 2356 3725; x_wconf 82' lang='grc'><strong>25</strong></span> <span class='ocrx_word' id='word_1_763' title='bbox 2404 3674 2510 3738; x_wconf 87' lang='lat' dir='ltr'>Age</span> <span class='ocrx_word' id='word_1_764' title='bbox 2531 3691 2660 3739; x_wconf 85' lang='lat' dir='ltr'>ergo,</span> <span class='ocrx_word' id='word_1_765' title='bbox 2681 3690 2760 3725; x_wconf 79' lang='lat' dir='ltr'>so-</span> 
     </span>
     <span class='ocr_line' id='line_1_107' title="bbox 1695 3738 2758 3804; baseline 0.004 -17"><span class='ocrx_word' id='word_1_766' title='bbox 1695 3738 1771 3787; x_wconf 78' lang='lat' dir='ltr'>lus</span> <span class='ocrx_word' id='word_1_767' title='bbox 1813 3754 1994 3787; x_wconf 75' lang='lat' dir='ltr'>servare</span> <span class='ocrx_word' id='word_1_768' title='bbox 2035 3740 2165 3787; x_wconf 86' lang='lat' dir='ltr'>hunc</span> <span class='ocrx_word' id='word_1_769' title='bbox 2207 3747 2344 3804; x_wconf 74' lang='lat' dir='ltr'>potes</span> <span class='ocrx_word' id='word_1_770' title='bbox 2393 3740 2488 3789; x_wconf 85' lang='lat' dir='ltr'><strong>Ph.</strong></span> <span class='ocrx_word' id='word_1_771' title='bbox 2525 3738 2599 3797; x_wconf 86' lang='lat' dir='ltr'>iii,</span> <span class='ocrx_word' id='word_1_772' title='bbox 2632 3744 2683 3789; x_wconf 93' lang='grc'>3.</span> <span class='ocrx_word' id='word_1_773' title='bbox 2722 3744 2758 3791; x_wconf 86' lang='grc'><strong>6</strong></span> 
     </span>
     <span class='ocr_line' id='line_1_108' title="bbox 1695 3802 2758 3867; baseline 0.002 -16"><span class='ocrx_word' id='word_1_774' title='bbox 1695 3802 1872 3852; x_wconf 72' lang='lat' dir='ltr'>Eamus</span> <span class='ocrx_word' id='word_1_775' title='bbox 1891 3819 2003 3867; x_wconf 84' lang='lat' dir='ltr'>ergo</span> <span class='ocrx_word' id='word_1_776' title='bbox 2025 3805 2088 3852; x_wconf 77' lang='lat' dir='ltr'>ad</span> <span class='ocrx_word' id='word_1_777' title='bbox 2109 3820 2219 3852; x_wconf 88' lang='lat' dir='ltr'>eum</span> <span class='ocrx_word' id='word_1_778' title='bbox 2237 3806 2370 3853; x_wconf 71' lang='lat' dir='ltr'>ocius</span> <span class='ocrx_word' id='word_1_779' title='bbox 2413 3803 2504 3852; x_wconf 86' lang='lat' dir='ltr'><strong>Ph.</strong></span> <span class='ocrx_word' id='word_1_780' title='bbox 2526 3803 2598 3860; x_wconf 83' lang='lat' dir='ltr'>iii,</span> <span class='ocrx_word' id='word_1_781' title='bbox 2620 3808 2668 3853; x_wconf 91' lang='grc'>3.</span> <span class='ocrx_word' id='word_1_782' title='bbox 2690 3808 2758 3853; x_wconf 81' lang='grc'><strong>30</strong></span> 
     </span>
     <span class='ocr_line' id='line_1_109' title="bbox 1696 3866 2758 3932; baseline 0.002 -17"><span class='ocrx_word' id='word_1_783' title='bbox 1696 3866 1827 3924; x_wconf 86' lang='lat' dir='ltr'>Quid</span> <span class='ocrx_word' id='word_1_784' title='bbox 1849 3884 1962 3932; x_wconf 84' lang='lat' dir='ltr'>ergo</span> <span class='ocrx_word' id='word_1_785' title='bbox 1981 3870 2173 3917; x_wconf 73' lang='lat' dir='ltr'>narras?</span> <span class='ocrx_word' id='word_1_786' title='bbox 2207 3868 2298 3917; x_wconf 83' lang='lat' dir='ltr'><strong>Ph.</strong></span> <span class='ocrx_word' id='word_1_787' title='bbox 2320 3869 2386 3926; x_wconf 83' lang='lat' dir='ltr'>iv,</span> <span class='ocrx_word' id='word_1_788' title='bbox 2406 3872 2458 3917; x_wconf 88' lang='grc'>4.</span> <span class='ocrx_word' id='word_1_789' title='bbox 2480 3873 2514 3919; x_wconf 88' lang='grc'><strong>4</strong></span> <span class='ocrx_word' id='word_1_790' title='bbox 2546 3867 2658 3917; x_wconf 84' lang='lat' dir='ltr'>Duc</span> <span class='ocrx_word' id='word_1_791' title='bbox 2677 3884 2758 3917; x_wconf 82' lang='lat' dir='ltr'>me</span> 
     </span>
     <span class='ocr_line' id='line_1_110' title="bbox 1696 3932 2758 3996; baseline 0.001 -17"><span class='ocrx_word' id='word_1_792' title='bbox 1696 3932 1758 3979; x_wconf 78' lang='lat' dir='ltr'>ad</span> <span class='ocrx_word' id='word_1_793' title='bbox 1778 3948 1885 3981; x_wconf 85' lang='lat' dir='ltr'>eum</span> <span class='ocrx_word' id='word_1_794' title='bbox 1907 3949 2020 3996; x_wconf 79' lang='lat' dir='ltr'>ergo</span> <span class='ocrx_word' id='word_1_795' title='bbox 2050 3932 2144 3982; x_wconf 87' lang='lat' dir='ltr'><strong>Ph.</strong></span> <span class='ocrx_word' id='word_1_796' title='bbox 2165 3932 2232 3991; x_wconf 83' lang='lat' dir='ltr'>iv,</span> <span class='ocrx_word' id='word_1_797' title='bbox 2249 3940 2300 3985; x_wconf 74' lang='grc' dir='ltr'>ὁ.</span> <span class='ocrx_word' id='word_1_798' title='bbox 2321 3938 2356 3984; x_wconf 89' lang='grc'><strong>6</strong></span> <span class='ocrx_word' id='word_1_799' title='bbox 2400 3933 2521 3981; x_wconf 83' lang='lat' dir='ltr'>Haec</span> <span class='ocrx_word' id='word_1_800' title='bbox 2549 3948 2660 3995; x_wconf 83' lang='lat' dir='ltr'>ergo</span> <span class='ocrx_word' id='word_1_801' title='bbox 2681 3939 2758 3980; x_wconf 79' lang='lat' dir='ltr'>est</span> 
     </span>
     <span class='ocr_line' id='line_1_111' title="bbox 1693 3994 2756 4062; baseline -0.002 -17"><span class='ocrx_word' id='word_1_802' title='bbox 1693 3994 1788 4045; x_wconf 87' lang='lat' dir='ltr'><strong>Ph.</strong></span> <span class='ocrx_word' id='word_1_803' title='bbox 1807 4014 1856 4055; x_wconf 87' lang='lat' dir='ltr'>v,</span> <span class='ocrx_word' id='word_1_804' title='bbox 1881 4002 1927 4048; x_wconf 89' lang='lat'><strong>1.</strong></span> <span class='ocrx_word' id='word_1_805' title='bbox 1950 4002 2014 4047; x_wconf 84' lang='grc'><strong>28</strong></span> <span class='ocrx_word' id='word_1_806' title='bbox 2049 3997 2178 4054; x_wconf 90' lang='lat' dir='ltr'>Quin</span> <span class='ocrx_word' id='word_1_807' title='bbox 2201 4014 2251 4047; x_wconf 85' lang='lat' dir='ltr'>er</span> <span class='ocrx_word' id='word_1_808' title='bbox 2282 4015 2311 4046; x_wconf 95' lang='lat' dir='ltr'>o</span> <span class='ocrx_word' id='word_1_809' title='bbox 2331 4014 2446 4062; x_wconf 81' lang='lat' dir='ltr'>rape</span> <span class='ocrx_word' id='word_1_810' title='bbox 2479 4013 2550 4047; x_wconf 87' lang='lat' dir='ltr'>me</span> <span class='ocrx_word' id='word_1_811' title='bbox 2592 3996 2681 4045; x_wconf 89' lang='lat' dir='ltr'><strong>Ph.</strong></span> <span class='ocrx_word' id='word_1_812' title='bbox 2704 4013 2756 4055; x_wconf 78' lang='lat' dir='ltr'>v,</span> 
     </span>
     <span class='ocr_line' id='line_1_112' title="bbox 1693 4059 2755 4120; baseline -0.002 -8"><span class='ocrx_word' id='word_1_813' title='bbox 1693 4065 1744 4111; x_wconf 84' lang='grc'>6.</span> <span class='ocrx_word' id='word_1_814' title='bbox 1765 4065 1832 4112; x_wconf 86' lang='grc'>42</span> <span class='ocrx_word' id='word_1_815' title='bbox 1881 4061 2013 4120; x_wconf 91' lang='lat' dir='ltr'>Quid</span> <span class='ocrx_word' id='word_1_816' title='bbox 2047 4076 2148 4120; x_wconf 81' lang='lat' dir='ltr'>vos,</span> <span class='ocrx_word' id='word_1_817' title='bbox 2181 4078 2228 4110; x_wconf 91' lang='lat' dir='ltr'>m</span> <span class='ocrx_word' id='word_1_818' title='bbox 2279 4063 2382 4111; x_wconf 86' lang='lat' dir='ltr'>um!</span> <span class='ocrx_word' id='word_1_819' title='bbox 2421 4077 2470 4110; x_wconf 84' lang='lat' dir='ltr'>er</span> <span class='ocrx_word' id='word_1_820' title='bbox 2503 4076 2532 4109; x_wconf 94' lang='lat' dir='ltr'>o</span> <span class='ocrx_word' id='word_1_821' title='bbox 2572 4076 2649 4107; x_wconf 85' lang='lat' dir='ltr'>me</span> <span class='ocrx_word' id='word_1_822' title='bbox 2683 4059 2755 4111; x_wconf 77' lang='lat' dir='ltr'>sic</span> 
     </span>
     <span class='ocr_line' id='line_1_113' title="bbox 1695 4123 2754 4189; baseline 0.007 -16"><span class='ocrx_word' id='word_1_823' title='bbox 1695 4124 2040 4176; x_wconf 78' lang='lat' dir='ltr'>ludificnmini?</span> <span class='ocrx_word' id='word_1_824' title='bbox 2082 4126 2175 4176; x_wconf 79' lang='lat' dir='ltr'><strong>Ph.</strong></span> <span class='ocrx_word' id='word_1_825' title='bbox 2197 4144 2248 4189; x_wconf 81' lang='lat' dir='ltr'>v,</span> <span class='ocrx_word' id='word_1_826' title='bbox 2266 4132 2318 4178; x_wconf 91' lang='grc'>7.</span> <span class='ocrx_word' id='word_1_827' title='bbox 2336 4132 2400 4178; x_wconf 76' lang='lat'>⁵⁵</span> <span class='ocrx_word' id='word_1_828' title='bbox 2525 4141 2586 4189; x_wconf 77' lang='lat' dir='ltr'>ge</span> <span class='ocrx_word' id='word_1_829' title='bbox 2622 4123 2754 4188; x_wconf 64' lang='lat' dir='ltr'>agito</span> 
     </span>
     <span class='ocr_line' id='line_1_114' title="bbox 1691 4191 2168 4254; baseline 0.004 -15"><span class='ocrx_word' id='word_1_830' title='bbox 1691 4205 1808 4254; x_wconf 67' lang='lat' dir='ltr'>ergo</span> <span class='ocrx_word' id='word_1_831' title='bbox 1847 4191 1944 4242; x_wconf 79' lang='lat' dir='ltr'>Ph·</span> <span class='ocrx_word' id='word_1_832' title='bbox 1966 4209 2014 4249; x_wconf 66' lang='lat' dir='ltr'>V,</span> <span class='ocrx_word' id='word_1_833' title='bbox 2034 4195 2086 4241; x_wconf 69' lang='grc'>7.</span> <span class='ocrx_word' id='word_1_834' title='bbox 2103 4195 2168 4241; x_wconf 64' lang='lat'>91</span> 
     </span>
    </p>

    <p class='ocr_par' dir='ltr' id='par_1_15' title="bbox 1696 4254 2756 4385">
     <span class='ocr_line' id='line_1_115' title="bbox 1759 4254 2756 4321; baseline -0.002 -16"><span class='ocrx_word' id='word_1_835' title='bbox 1759 4255 1942 4321; x_wconf 83' lang='lat' dir='ltr'>Eripio.</span> <span class='ocrx_word' id='word_1_836' title='bbox 2007 4254 2147 4305; x_wconf 70' lang='lat' dir='ltr'>Unus</span> <span class='ocrx_word' id='word_1_837' title='bbox 2176 4262 2249 4305; x_wconf 86' lang='lat' dir='ltr'>est</span> <span class='ocrx_word' id='word_1_838' title='bbox 2281 4254 2403 4319; x_wconf 76' lang='lat' dir='ltr'>dies,</span> <span class='ocrx_word' id='word_1_839' title='bbox 2436 4256 2549 4304; x_wconf 89' lang='lat' dir='ltr'>dum</span> <span class='ocrx_word' id='word_1_840' title='bbox 2587 4270 2756 4319; x_wconf 75' lang='lat' dir='ltr'>argen-</span> 
     </span>
     <span class='ocr_line' id='line_1_116' title="bbox 1696 4319 2756 4385; baseline -0.002 -16"><span class='ocrx_word' id='word_1_841' title='bbox 1696 4327 1794 4369; x_wconf 81' lang='lat' dir='ltr'>tum</span> <span class='ocrx_word' id='word_1_842' title='bbox 1847 4320 1998 4385; x_wconf 85' lang='lat' dir='ltr'>eripio</span> <span class='ocrx_word' id='word_1_843' title='bbox 2051 4320 2173 4369; x_wconf 67' lang='lat' dir='ltr'>Heu.</span> <span class='ocrx_word' id='word_1_844' title='bbox 2215 4320 2278 4378; x_wconf 80' lang='lat' dir='ltr'>iv,</span> <span class='ocrx_word' id='word_1_845' title='bbox 2303 4326 2350 4371; x_wconf 84' lang='grc'>3.</span> <span class='ocrx_word' id='word_1_846' title='bbox 2393 4325 2459 4372; x_wconf 81' lang='grc'><strong>39</strong></span> <span class='ocrx_word' id='word_1_847' title='bbox 2511 4321 2652 4385; x_wconf 82' lang='lat' dir='ltr'>Spem</span> <span class='ocrx_word' id='word_1_848' title='bbox 2694 4319 2756 4367; x_wconf 72' lang='lat' dir='ltr'>is·</span> 
     </span>
    </p>
   </div>
  </div>
 </body>
</html>
