3192 4975
1222 463 1304 515 m
1348 465 1741 516 'tantumn
1753 465 1828 514 M.

444 615 504 676 2.
526 617 591 666 29
621 611 741 662 Mea
759 625 899 662 causa
910 611 1109 677 ‘ejicitur
1162 613 1257 666 Ph.
1278 613 1345 673 ir,
1367 619 1418 667 8.
1438 619 1507 666 68

447 677 637 728 Atticus
658 678 848 742 quidam
882 679 997 726 olim
1034 679 1151 727 navi
1182 680 1347 738 fracta,
1379 683 1506 744 apud

443 741 661 792 Andrum
699 740 877 804 ejectus
912 751 991 792 εει
1038 740 1109 794 A.
1134 761 1182 800 v,
1205 749 1257 794 4.
1282 750 1349 794 26
1400 745 1508 796 Hoc

446 823 577 856 nunc
597 806 733 862 dicis,
752 805 937 869 ejectos
970 807 1081 856 hinc
1118 823 1207 856 nos
1261 809 1357 858 Eu.
1377 809 1434 866 ii,
1457 815 1509 860 2.

439 875 512 921 46
564 870 641 918 lbi
664 878 765 918 tum
786 873 909 920 hanc
928 870 1133 934 ejectam
1152 872 1403 937 Chrysidis
1426 889 1510 936 pa·

445 941 563 984 trem
585 935 838 998 recepisse,
862 937 1044 1000 orbam,
1064 951 1254 1000 parvam
1310 936 1376 986 A.
1397 938 1432 994 i,
1454 942 1511 988 8.

448 1003 511 1050 18
560 998 685 1046 Volo
720 999 877 1062 ipsius
908 1015 1104 1064 quoque
1132 1001 1381 1050 voluntate
1418 1004 1510 1052 hoe

442 1063 567 1120 fieri,
590 1079 653 1110 ne
674 1079 725 1112 se
744 1063 947 1126 ejectam
978 1065 1205 1129 praa-dicet
1253 1065 1347 1114 Ph.
1367 1067 1432 1123 iv,
1456 1073 1509 1117 6.

444 1132 508 1178 13
564 1127 823 1190 Ejiciunda
855 1129 1009 1178 hercle
1041 1130 1146 1180 hec
1180 1135 1253 1178 est
1288 1130 1509 1179 mollities

442 1193 591 1240 animi
626 1191 719 1241 Eu.
742 1191 797 1252 ii,
823 1197 871 1240 1.
894 1198 961 1242 16
1118 1239 1125 1244 .

511 1255 777 1318 Ejusmodi.
810 1256 937 1306 Nam
955 1256 1039 1320 qui
1055 1271 1162 1306 eum
1178 1257 1385 1321 ingeniis
1396 1274 1511 1307 con-

444 1321 651 1369 flictatur
670 1319 903 1383 ejusmodi
935 1321 1003 1371 A.
1022 1321 1059 1378 i,
1082 1325 1123 1371 Ι.
1140 1326 1207 1372 66
1238 1323 1396 1379 Quam
1414 1325 1510 1373 sci-

444 1393 545 1432 tum
568 1394 657 1440 est,
678 1384 911 1448 ejusmodi
928 1400 1090 1449 parare
1124 1386 1173 1434 in
1196 1389 1355 1434 animo
1374 1388 1511 1453 cupi-

444 1449 619 1512 ditates
638 1448 649 1495 !
684 1448 776 1497 Ph.
798 1465 845 1510 v,
867 1454 916 1499 4.
938 1455 971 1499 2

509 1513 704 1563 Elabor.
758 1512 963 1562 Animus
982 1513 1135 1562 victus
1148 1513 1292 1578 hujus
1305 1513 1511 1579 injuriis,

442 1577 673 1642 paulatim
691 1577 880 1642 elapsus
904 1585 977 1626 est
996 1578 1231 1629 Bacchidi
1284 1579 1381 1630 He.
1404 1580 1441 1639 i,
1456 1585 1508 1630 2.

510 1705 736 1772 Elegans.
803 1705 927 1757 Cum
945 1707 1101 1771 ipsum
1118 1723 1196 1757 me
1208 1708 1349 1768 noris,
1367 1723 1508 1773 quam

440 1771 635 1832 elegans
656 1771 909 1820 formarum
932 1779 1170 1836 spectator
1206 1773 1320 1834 siem
1342 1774 1360 1820 ἓ
1417 1773 1509 1822 Eu.

446 1835 515 1892 iii,
534 1841 585 1884 6.
613 1839 675 1884 18
717 1836 846 1884 Heia
872 1844 924 1883 ut
942 1838 1135 1900 elegans
1159 1838 1263 1885 est!
1315 1836 1438 1886 Hea.
1460 1855 1507 1896 v,

443 1906 495 1950 6.
521 1903 583 1950 19
616 1899 745 1948 Hui!
784 1917 939 1964 regem
955 1901 1218 1964 elegantem
1240 1917 1397 1950 narras
1416 1901 1510 1954 Eu.

440 1963 515 2020 iii,
533 1970 583 2014 1.
624 1968 687 2013 18
737 1964 875 2012 Nihil
916 1965 1105 2012 videtur
1140 1966 1382 2023 mundius,
1416 1983 1510 2017 uec

440 2028 591 2140 ffigis
628 2028 965 2140 qompofitum,
1004 2045 1093 2078 nec
1132 2031 1283 2094 magis
1318 2031 1509 2094 elegans

450 2211 457 2224 .
510 2097 781 2219 ὲζῖςαέιιιὶξ.
846 2157 1011 2206 Dixin’
1034 2173 1145 2220 ego,
1166 2158 1219 2216 in
1240 2159 1333 2206 hoc
1355 2158 1510 2208 inesse

444 2222 579 2268 vobis
600 2221 813 2270 Atticam
832 2222 1153 2286 elegantiam?
1188 2223 1281 2270 Eu.
1306 2239 1351 2279 v,
1374 2227 1423 2272 9.
1442 2227 1507 2274 63

508 2285 731 2348 Elephas,
754 2286 829 2334 vel
852 2287 1161 2349 Elephantus.
1228 2287 1509 2350 Elephantis

442 2365 583 2412 quem
606 2351 785 2400 Indicis
808 2353 1080 2414 praefecerat
1112 2351 1205 2400 Eu.
1222 2351 1296 2408 iii,
1322 2355 1369 2402 l.
1392 2355 1459 2400 23

508 2413 687 2463 Elium.
716 2415 887 2466 Ellam.
924 2461 929 2466 .
950 2415 1130 2464 Nescio
1149 2415 1233 2478 qui
1248 2431 1391 2464 senex
1408 2430 1507 2463 mo·

442 2479 507 2526 do
542 2478 689 2539 venit,
721 2480 884 2538 ellum,
902 2479 1165 2537 confidens,
1187 2488 1323 2529 catus
1370 2478 1438 2530 A.
1460 2498 1507 2541 v,

441 2540 491 2593 2.
518 2549 578 2595 14
634 2545 893 2594 AEschinus
932 2546 1015 2593 ubi
1056 2546 1158 2594 est?
1204 2545 1289 2609 Sy.
1311 2544 1469 2593 Ellum
1490 2544 1503 2592 Ξ

444 2616 491 2657 ιε
530 2616 751 2672 expectat
786 2608 916 2657 domi
969 2609 1067 2657 Ad.
1088 2610 1145 2665 ii,
1168 2613 1281 2661 3.,7
1336 2609 1505 2666 Quid?

441 2667 575 2785 Elige
589 2672 693 2786 jan:
716 2689 863 2787 pens}
901 2689 985 2749 {9⁵
1000 2672 1225 2787 3P3a⁵ltria
1262 2674 1365 2721 est?
1420 2674 1508 2737 Sy.

524 2754 599 2785 am
621 2754 669 2786 m
694 2754 747 2785 us
868 2773 882 2787 .
904 2754 976 2794 m,
1036 2772 1049 2785 .

509 2802 800 2866 Eloquentia
854 2798 1057 2850 Sudabis
1079 2801 1207 2857 satis,
1232 2800 1273 2848 si
1296 2816 1401 2849 cum
1423 2800 1507 2849 illo

443 2864 658 2930 inceptas
677 2866 867 2914 homine
890 2884 903 2913 z
937 2880 997 2913 ea
1011 2864 1285 2929 eloquentia
1304 2872 1379 2913 est
1412 2866 1507 2913 Ph.

441 2930 491 2977 iv
530 2936 581 2979 3.
602 2935 667 2979 24
999 2979 1006 2986 ,

493 2965 737 3056 ’Eloquon
804 2992 904 3041 vix
925 2992 1111 3041 elocuta
1148 2999 1221 3041 est
1251 2992 1363 3049 hoc,
1385 2993 1509 3040 foras

444 3054 586 3105 simul
608 3072 769 3105 omnes
798 3065 1026 3119 proruunt
1048 3072 1099 3105 εε
1153 3056 1247 3107 Ευ.
1268 3056 1345 3113 iii,
1368 3063 1418 3105 6.
1442 3062 1504 3107 61

443 3120 503 3169 Id
528 3122 727 3185 primum
766 3122 921 3170 dicam
945 3140 957 3169 ε
991 3122 1188 3177 deinde,
1210 3122 1340 3185 quod
1379 3122 1507 3178 veni,

443 3186 638 3250 eloquar
691 3186 816 3235 Hea.
851 3186 981 3237 Ptol.
1020 3191 1050 3235 3
1107 3186 1339 3249 Eloquere
1375 3201 1509 3247 ergo,

443 3252 640 3301 obsecro
662 3258 730 3306 te,
754 3252 871 3313 quid
892 3252 954 3298 sit
1005 3250 1103 3299 Ad.
1126 3250 1200 3306 iii,
1224 3255 1272 3300 2.
1296 3255 1359 3299 27
1415 3250 1505 3297 Fa·-

444 3316 565 3379 ciam
596 3315 696 3363 An.
716 3315 952 3378 Eloquere
997 3315 1088 3369 Ph.
1110 3315 1145 3373 i,
1171 3320 1219 3366 4.
1242 3319 1305 3365 21
1356 3314 1507 3379 Perge

446 3379 611 3443 eloqui
644 3379 736 3429 Ph.
759 3379 823 3434 iv,
848 3384 898 3428 3.
922 3384 987 3429 36

511 3443 689 3492 Eludo.
754 3441 955 3492 Peristi!
1008 3443 1186 3499 eludet,
1206 3443 1293 3490 ubi
1327 3451 1373 3491 te
1402 3444 1507 3491 vic·-

444 3516 545 3556 tum
569 3508 765 3557 senserit
820 3506 911 3557 Eu.
933 3507 968 3564 i,
993 3513 1040 3556 1.
1066 3512 1129 3555 16
1181 3509 1373 3555 Summa
1403 3507 1507 3555 elu-

445 3573 593 3624 dendi
614 3572 799 3623 occasio
822 3579 895 3621 est
914 3572 1035 3621 mihi
1055 3585 1185 3619 nunc
1224 3587 1359 3621 senes
1413 3571 1507 3625 Ph.

446 3653 495 3694 v,
516 3642 567 3685 6.
588 3643 651 3687 115
847 3646 848 3649 ’

512 3700 731 3767 Emergo.
762 3692 879 3759 Quo*
896 3716 1102 3765 pergam.
1120 3700 1249 3749 unde
1274 3714 1505 3763 emergam

446 3764 618 3823 Emiii,
631 3773 678 3816 6.
702 3770 732 3815 7
755 3767 921 3829 Spero,
942 3766 1053 3813 dein
1069 3765 1209 3813 facile
1221 3780 1279 3813 ex
1295 3764 1387 3812 illis
1405 3780 1507 3813 sese

446 3846 729 3878 emersurum
750 3830 885 3877 malis
938 3828 1005 3877 A.
1024 3830 1095 3891 iii,
1118 3834 1167 3878 8.
1189 3834 1252 3878 30
1305 3828 1401 3876 Tot
1434 3844 1508 3877 res

444 3903 639 3957 repente
660 3894 1029 3951 circumvallant,
1052 3896 1179 3942 unde
1202 3893 1377 3957 emergi
1407 3909 1507 3942 non

446 3967 605 4021 potest
636 3956 735 4008 Ad.
760 3958 835 4015 iii,
856 3962 907 4009 2.
928 3961 959 4006 4

510 4023 711 4071 Emitte.
776 4021 969 4077 Curavi,
992 4021 1181 4084 propria
1202 4036 1261 4069 ea
1283 4020 1509 4069 Phaedria

446 4094 502 4135 ut
523 4087 782 4151 potiretur:
818 4102 927 4135 nam
945 4086 1113 4133 emissa
1132 4093 1206 4134 est
1228 4100 1367 4132 manu
1417 4085 1509 4135 Ph.

445 4168 493 4209 v,
539 4158 587 4201 6.
630 4158 662 4201 2
729 4152 873 4201 Haud
924 4149 1141 4208 dubium,
1185 4150 1303 4213 quin
1356 4149 1510 4198 emitti

447 4230 634 4279 aequum
656 4218 748 4264 siet
778 4215 874 4263 Ad.
898 4232 944 4272 v,
969 4218 1016 4263 9.
1041 4218 1105 4263 19

515 4280 651 4330 Emo.
716 4280 833 4329 Non
854 4296 975 4329 emo.
1008 4278 1129 4342 quid
1148 4276 1215 4325 ais
1236 4278 1254 4327 ἓ
1290 4278 1415 4329 Hea.
1434 4276 1511 4341 iii,

448 4346 501 4395 3.
524 4350 589 4395 50
641 4346 781 4410 Spem
803 4346 955 4410 pretio
978 4360 1073 4393 non
1096 4358 1203 4393 emo
1259 4342 1361 4395 Ad.
1378 4342 1435 4402 ii,
1456 4346 1505 4395 2.

1498 2123 1503 2130 ·
1582 2093 1807 2156 Mihique
1827 2102 1879 2140 ut
1895 2095 2078 2142 discere
2093 2109 2240 2140 novas
2259 2109 2316 2142 ex

2571 449 2648 519 ci

1583 617 1646 666 n
1703 615 1804 666 Cur
1839 613 1958 664 emis
1991 611 2420 672 amicam-Micio?
2473 611 2574 666 Ad.
2589 629 2644 674 v,

1581 683 1631 728 8.
1653 683 1720 729 14
1776 680 1890 729 Post
1928 693 2036 728 uam
2069 686 2120 728 ιε
2157 678 2268 736 emi,
2289 695 2320 727 a
2355 681 2569 744 parvulo,
2589 690 2648 730 ut

1578 743 1650 793 A.
1674 745 1708 800 i.
1732 747 1780 795 1.
1805 749 1838 794 8
1934 745 1996 792 ho
2018 743 2098 792 tu!
2135 742 2280 792 emin’
2301 759 2391 807 ego
2413 745 2495 793 te?
2545 744 2647 795 Do.

1582 807 1752 856 Emisti
1785 807 1880 859 Eu.
1898 807 1965 868 ir,
1981 812 2032 858 4.
2054 811 2120 858 24
2151 806 2306 855 Minis
2324 807 2494 872 viginti
2513 817 2564 858 ιιι
2583 811 2648 859 il-

1578 871 1678 920 iam
1699 871 1856 920 emisti
1886 871 1984 920 Ad.
2007 873 2061 929 ii,
2085 876 2132 921 1.
2155 876 2220 922 87
2251 871 2384 920 Emit
2397 874 2648 924 eamdono

1582 936 1700 985 mihi
1734 935 1826 986 Eu.
1850 936 1884 992 i,
1901 941 1953 986 2.
1973 942 2056 986 66·
2083 936 2218 986 Emit
2235 937 2486 999 quemdam
2505 937 2648 987 Phn-

1580 1001 1685 1050 dri·
1706 999 1992 1050 Eunuchum
2035 1000 2124 1050 La.
2146 1000 2303 1048 Emit!
2351 1000 2472 1064 perii
2489 1002 2649 1052 hercle

1580 1063 1676 1115 Eu.
1698 1082 1746 1121 v,
1768 1069 1818 1115 6.
1839 1069 1919 1115 12.
1941 1069 2007 1142 14
2057 1065 2319 1113 Menandri
2346 1065 2650 1125 Eunuchum,

1576 1137 1834 1255 muz?
1847 1129 2650 1257 ἓεειεπεῑῗῑζέεξεεειξ

1580 1258 1772 1306 audisse
1823 1257 1920 1306 Eu.
1940 1259 1975 1316 i,
1997 1263 2046 1308 2.
2069 1262 2132 1307 86
2189 1256 2458 1316 Effundite,
2485 1260 2652 1323 emite,

1584 1322 1750 1382 facite,
1793 1321 1924 1386 quod
1966 1321 2100 1374 vobis
2139 1322 2275 1370 lubet
2325 1321 2423 1373 Ad.
2443 1335 2494 1380 v,
2511 1327 2562 1373 9.
2583 1327 2653 1374 34

1580 1385 1793 1438 Sostrata
1813 1387 1982 1444 credit,
2006 1385 2123 1436 mihi
2143 1402 2222 1435 me
2241 1386 2490 1436 Psaltriam
2521 1389 2652 1438 hanc

1580 1451 1750 1499 emisse
1803 1449 1902 1500 Ad.
1924 1449 1992 1508 iv,
2013 1457 2062 1502 4.
2082 1455 2113 1500 7
2165 1451 2270 1514 Ego
2293 1466 2368 1500 me
2388 1451 2458 1500 ire
2492 1452 2651 1500 dicam

1580 1515 1646 1563 ad
1668 1522 1944 1571 mercatum,
1963 1514 2237 1564 ancillulam
2259 1523 2436 1564 emtum
2483 1516 2579 1567 Ph.
2599 1533 2651 1577 v,

1580 1585 1634 1630 6.
1679 1583 1742 1628 10
1809 1580 1978 1630 Meum
2017 1580 2132 1627 mihi
2175 1581 2400 1628 reddatur
2418 1597 2433 1628 ε
2483 1581 2650 1630 saltem

1579 1643 1902 1756 2ἳὲᾞὲῗὲ
1917 1645 2152 1757 ῗέἑῑῑῖζξ
2185 1643 2648 1771 ‘uuir-simii:

1582 1773 1678 1820 sibi
1699 1773 1871 1820 tradier
1899 1772 2001 1822 Ad.
2025 1772 2080 1829 ii,
2106 1777 2150 1822 1.
2173 1776 2236 1822 46
2283 1773 2372 1822 Με
2393 1773 2649 1838 impulsore

1580 1837 1707 1886 hanc
1729 1844 1900 1886 emtam
1923 1852 2028 1886 esse
2049 1837 2115 1884 ait
2147 1836 2247 1885 Ad.
2262 1837 2326 1894 iv,
2345 1843 2395 1888 2.
2411 1841 2478 1887 21
2516 1837 2650 1886 Ven-

1580 1902 1708 1948 didit
1741 1900 1841 1950 Do.
1863 1901 2024 1958 Quam
2045 1901 2294 1964 indignum
2313 1901 2527 1950 facinus!
2557 1917 2649 1952 an·

1580 1965 1742 2014 cillam
1781 1981 1874 2014 aere
1912 1973 2086 2014 emtam
2125 1981 2213 2013 suo
2271 1966 2365 2017 Ph.
2393 1966 2465 2022 iii,
2497 1971 2551 2016 2.
2575 1970 2648 2017 26

1584 2029 1739 2084 Emtae
1762 2031 1981 2078 mulieres
2003 2030 2269 2092 complures
2307 2029 2412 2080 Ad.
2431 2029 2488 2086 ii.
2505 2034 2560 2080 2.
2577 2035 2649 2082 21.

2413 2094 2500 2148 iat,
2515 2102 2650 2156 post·

1580 2158 1673 2206 hac
1695 2157 1850 2220 pretio
1871 2165 2018 2205 emtas
2038 2171 2144 2206 meo
2188 2156 2285 2206 He.
2374 2165 2410 2206 ι.
2433 2157 2564 2206 Ptol.
2581 2163 2650 2208 4⁹

1583 2221 1734 2270 Uxori
1759 2223 1976 2278 ,emunda
2007 2220 2231 2270 ancillula
2265 2228 2340 2270 est
2391 2221 2490 2273 Ph.
2511 2222 2577 2279 iv,
2599 2227 2650 2272 8.

1584 2289 1652 2336 60
1703 2285 1864 2334 Hodie
1884 2287 1936 2334 iu
1961 2285 2164 2333 Psaltria
2199 2287 2289 2334 hac
2319 2286 2546 2350 emunda,
2567 2287 2649 2337 hie

1580 2348 1776 2413 adjutor
1797 2349 1892 2397 fuit
1922 2350 2022 2398 Ad.
2044 2365 2091 2406 v,
2115 2355 2164 2399 9.
2191 2354 2252 2400 10
2629 2379 2636 2386 ·

1648 2413 1878 2463 Emorior.
1943 2413 2174 2472 Emoriar,
2195 2415 2236 2462 si
2257 2429 2355 2462 non
2375 2413 2502 2463 hanc
2527 2431 2650 2464 uxo·

1576 2494 1680 2528 rem
1701 2479 1880 2527 duxero
1933 2477 2029 2527 Eu.
2050 2496 2098 2539 v,
2121 2485 2172 2529 2.
2192 2483 2258 2529 49
2307 2477 2432 2528 Risu
2463 2495 2648 2541 omnes,

1580 2544 1892 2607 quiaderant,
1909 2544 2098 2591 emoriri
2129 2544 2220 2592 Eu.
2235 2544 2310 2600 iii,
2329 2548 2455 2594 1.42
2483 2544 2649 2595 Emori

1578 2609 1742 2672 cupio.
1779 2607 1872 2658 Ch.
1894 2608 2052 2665 Prius,
2073 2622 2252 2671 quaeso,
2276 2609 2428 2663 disce,
2446 2609 2564 2672 quid
2583 2612 2648 2659 sit

1580 2673 1738 2720 vivere
1767 2672 1893 2721 Hea.
1916 2687 1964 2732 v,
1983 2676 2034 2723 2.
2053 2675 2115 2722 18
2149 2672 2310 2721 Emori
2325 2672 2482 2721 hercle
2499 2673 2650 2725 satius

1580 2745 1656 2784 εει
1689 2737 1782 2784 Ph.
1801 2752 1854 2799 v,
1871 2740 1922 2786 7.
1944 2739 2008 2785 63

1647 2798 1884 2862 Emungo.
1941 2798 2144 2846 Emunxi
2157 2806 2351 2863 argento
2367 2814 2523 2851 senes.
2542 2801 2646 2855 Aa·
2709 2842 2717 2852 .

1580 2862 1732 2911 Satin’
1754 2865 1808 2912 id
1829 2863 1936 2912 est?
1971 2863 2064 2911 Ph.
2081 2864 2149 2919 iv,
2170 2867 2218 2912 4.
2243 2868 2271 2913 1

1650 2926 1742 2975 En.
1810 2928 1946 2977 Cedo
1967 2928 2100 2984 dum,
2121 2943 2184 2976 en
2203 2943 2411 2991 unquam
2441 2927 2646 2991 injuria·-

1581 3006 1686 3039 rum
1708 2993 1882 3041 audisti
1902 2991 2018 3039 mihi
2033 2992 2254 3054 scriptam
2263 2993 2420 3041 dicam
2437 2993 2456 3041 ?
2481 2994 2572 3043 Ph.
2585 2995 2644 3052 ii.

1583 3060 1632 3105 2.
1656 3061 1716 3106 16
1739 3056 1817 3103 En
1840 3070 2048 3119 unquam
2061 3057 2282 3119 cuiquam
2297 3058 2648 3107 contumeliosi·

1581 3136 1638 3168 us
1659 3120 1858 3168 audistis
1879 3122 2052 3169 factam
2069 3119 2328 3183 injuriam?
2363 3122 2455 3171 Ph.
2469 3121 2526 3178 ii,
2541 3126 2591 3178 8.
2607 3128 2640 3173 1

1647 3184 1844 3233 Enarro.
1905 3184 2113 3233 Omnem
2134 3200 2230 3235 rem
2253 3186 2395 3233 modo
2409 3187 2530 3243 seni,
2545 3202 2642 3249 quo

1582 3258 1724 3312 pacto
1743 3250 1955 3310 haberet,
1971 3264 2236 3298 enarramus
2251 3249 2417 3298 ordine
2447 3250 2550 3299 Ad.
2565 3252 2644 3308 iii.

1583 3318 1634 3365 8.
1658 3319 1717 3364 11
1772 3314 1924 3363 Mane
1945 3331 1958 3362 ε
1993 3316 2102 3370 hoc,
2123 3316 2255 3376 quod
2273 3315 2420 3377 coepi,
2440 3316 2644 3379 primum

1581 3378 1810 3491 “ἒ”ἐ““
1831 3378 2442 3497 0¹{2‘zeh2512222223ffi
2500 3444 2549 3492 ε.
2589 3448 2616 3494 ι
2641 3408 2646 3417 ·

1581 3510 1648 3555 86
1707 3507 1880 3557 Enicas
1901 3525 1914 3555 ε
1965 3507 2043 3556 dic
2081 3523 2256 3558 nomen
2308 3508 2398 3556 Ph.
2417 3502 2474 3565 ii,
2499 3513 2552 3559 3.
2573 3513 2641 3560 37

1580 3570 1732 3619 Satin'
1749 3578 1838 3632 est,
1859 3571 1899 3619 si
1922 3579 1970 3619 te
1985 3573 2248 3621 delibutum
2267 3571 2440 3635 gaudio
2455 3572 2604 3621 reddo
2617 3574 2640 3621 ἓ

1580 3633 1681 3689 An.
1699 3634 1873 3688 Enicas
1921 3636 2013 3685 Ph.
2033 3652 2084 3694 v,
2103 3642 2155 3687 6.
2175 3640 2240 3686 16
2292 3635 2391 3683 Abi
2412 3653 2424 3682 ε
2459 3642 2602 3699 tange
2621 3650 2638 3685 ε

1581 3700 1621 3747 si
1645 3716 1740 3747 non
1764 3706 1893 3747 totus
1915 3700 2073 3763 friget,
2095 3716 2170 3749 me
2209 3700 2359 3748 enicae
2411 3698 2502 3747 Ph.
2522 3717 2570 3757 v,
2593 3705 2646 3751 8.

1582 3769 1612 3813 5
1637 3764 1844 3829 Quoquo
1861 3780 1982 3820 eam,
1997 3764 2244 3829 rogitando
2261 3764 2512 3821 obtundat,
2530 3777 2644 3812 ene·

1580 3836 1660 3877 cet
1691 3826 1785 3878 Eu.
1805 3828 1878 3885 iii,
1902 3835 1950 3877 6.
1971 3832 2005 3877 6

1648 3892 1808 3940 Enim.
1873 3892 2016 3940 Certe
2039 3890 2164 3939 enim
2191 3892 2289 3940 seio
2321 3891 2387 3941 A.
2410 3890 2480 3948 iii,
2501 3896 2552 3942 2.
2575 3894 2642 3942 23

1580 3955 1775 4022 Semper
1787 3956 1913 4005 enim
1931 3957 2061 4004 dicta
2075 3962 2150 4003 εει
2165 3956 2270 4019 ejus
2292 3957 2394 4004 haec
2417 3970 2546 4004 soror
2573 3957 2644 4005 A.

1581 4020 1650 4081 iv,
1669 4028 1718 4069 6.
1739 4024 1801 4071 14
1824 4020 1976 4068 Immo
1992 4020 2119 4068 enim
2137 4035 2266 4069 nunc
2288 4036 2430 4083 quam
2442 4020 2647 4071 maxime

1581 4085 1666 4133 abs
1682 4092 1730 4133 ιε
1746 4086 1957 4149 postulo,
1975 4093 2030 4131 ut
2060 4083 2128 4135 A.
2149 4101 2194 4140 v,
2213 4089 2261 4135 1.
2281 4090 2312 4134 4
2345 4084 2496 4132 Immo
2515 4085 2643 4133 enim

1581 4149 1624 4197 si
1663 4150 1804 4212 scias,
1842 4151 1970 4213 quod
2036 4148 2133 4198 Eu.
2157 4148 2208 4204 ii,
2232 4154 2280 4200 3.
2299 4153 2366 4199 63
2409 4148 2480 4197 At
2511 4150 2644 4199 enim

1580 4213 1713 4263 istac
1733 4214 1787 4262 in
1809 4230 1884 4262 me
1922 4214 2122 4262 cudetur
2155 4214 2264 4261 faba
2319 4212 2411 4263 En.
2431 4212 2490 4271 ii,
2505 4220 2552 4265 8.
2577 4220 2644 4264 89

1582 4276 1710 4326 Vide
1734 4294 1888 4341 porro,
1907 4278 1977 4325 At
2001 4277 2147 4325 enim.
2177 4276 2293 4325 Non
2313 4278 2442 4326 enim
2462 4280 2648 4343 cogita-

1582 4357 1653 4391 ras
1687 4342 1781 4394 Eu.
1805 4344 1876 4408 iii,
1897 4346 1944 4394 1.
1967 4346 2030 4393 62
2065 4342 2240 4393 Verum
2258 4343 2388 4395 euim
2405 4344 2446 4393 si
2464 4346 2524 4392 ad
2545 4356 2650 4392 rem.
