<?xml version="1.0" encoding="UTF-8"?>
<!DOCTYPE html PUBLIC "-//W3C//DTD XHTML 1.0 Transitional//EN"
    "http://www.w3.org/TR/xhtml1/DTD/xhtml1-transitional.dtd">
<html xmlns="http://www.w3.org/1999/xhtml" xml:lang="en" lang="en">
 <head>
  <title>
</title>
<meta http-equiv="Content-Type" content="text/html;charset=utf-8" />
  <meta name='ocr-system' content='tesseract 3.04.00' />
  <meta name='ocr-capabilities' content='ocr_page ocr_carea ocr_par ocr_line ocrx_word'/>
</head>
<body>
  <div class='ocr_page' id='page_1' title='image "./comoedisex09westgoog_0421.png"; bbox 0 0 3192 4975; ppageno 0'>
   <div class='ocr_carea' id='block_1_1' title="bbox 1199 446 1807 502">
    <p class='ocr_par' dir='ltr' id='par_1_1' title="bbox 1199 446 1807 502">
     <span class='ocr_line' id='line_1_1' title="bbox 1199 446 1807 502; baseline 0 -2"><span class='ocrx_word' id='word_1_1' title='bbox 1199 451 1282 501; x_wconf 75' lang='lat' dir='ltr'>m</span> <span class='ocrx_word' id='word_1_2' title='bbox 1326 446 1807 502; x_wconf 65' lang='lat' dir='ltr'>vssnum’ruu.</span> 
     </span>
    </p>
   </div>
   <div class='ocr_carea' id='block_1_2' title="bbox 419 579 1482 1312">
    <p class='ocr_par' dir='ltr' id='par_1_2' title="bbox 419 579 1482 1312">
     <span class='ocr_line' id='line_1_2' title="bbox 419 579 1480 668; baseline 0.002 -18"><span class='ocrx_word' id='word_1_3' title='bbox 419 585 526 667; x_wconf 12' lang='lat' dir='ltr'>xrii-{o</span> <span class='ocrx_word' id='word_1_4' title='bbox 541 599 768 668; x_wconf 73' lang='lat' dir='ltr'>parasitus</span> <span class='ocrx_word' id='word_1_5' title='bbox 795 581 884 651; x_wconf 59' lang='lat' dir='ltr'>Pir.</span> <span class='ocrx_word' id='word_1_6' title='bbox 903 596 1107 650; x_wconf 59' lang='lat' dir='ltr'>Prakes</span> <span class='ocrx_word' id='word_1_7' title='bbox 1120 579 1372 650; x_wconf 68' lang='lat' dir='ltr'>‘Praeterea</span> <span class='ocrx_word' id='word_1_8' title='bbox 1387 599 1480 652; x_wconf 78' lang='lat' dir='ltr'>hoe</span> 
     </span>
     <span class='ocr_line' id='line_1_3' title="bbox 427 664 1482 732; baseline -0.001 -17"><span class='ocrx_word' id='word_1_9' title='bbox 427 669 588 725; x_wconf 71' lang='lat' dir='ltr'>etiam,</span> <span class='ocrx_word' id='word_1_10' title='bbox 611 664 736 732; x_wconf 83' lang='lat' dir='ltr'>quod</span> <span class='ocrx_word' id='word_1_11' title='bbox 758 681 848 730; x_wconf 77' lang='lat' dir='ltr'>ego</span> <span class='ocrx_word' id='word_1_12' title='bbox 871 667 942 713; x_wconf 76' lang='lat' dir='ltr'>vel</span> <span class='ocrx_word' id='word_1_13' title='bbox 981 665 1179 728; x_wconf 88' lang='lat' dir='ltr'>primum</span> <span class='ocrx_word' id='word_1_14' title='bbox 1217 673 1334 728; x_wconf 88' lang='lat' dir='ltr'>puto</span> <span class='ocrx_word' id='word_1_15' title='bbox 1389 665 1482 716; x_wconf 78' lang='lat' dir='ltr'>Eu.</span> 
     </span>
     <span class='ocr_line' id='line_1_4' title="bbox 427 729 1482 793; baseline 0 -15"><span class='ocrx_word' id='word_1_16' title='bbox 427 749 474 788; x_wconf 81' lang='lat' dir='ltr'>v,</span> <span class='ocrx_word' id='word_1_17' title='bbox 517 737 567 781; x_wconf 75' lang='grc'>9.</span> <span class='ocrx_word' id='word_1_18' title='bbox 609 737 669 782; x_wconf 76' lang='grc'>61</span> <span class='ocrx_word' id='word_1_19' title='bbox 738 729 806 777; x_wconf 82' lang='lat' dir='ltr'>In&#39;</span> <span class='ocrx_word' id='word_1_20' title='bbox 841 739 1050 793; x_wconf 83' lang='lat' dir='ltr'>tempore</span> <span class='ocrx_word' id='word_1_21' title='bbox 1093 730 1152 776; x_wconf 80' lang='lat' dir='ltr'>ad</span> <span class='ocrx_word' id='word_1_22' title='bbox 1195 745 1299 778; x_wconf 80' lang='lat' dir='ltr'>eam</span> <span class='ocrx_word' id='word_1_23' title='bbox 1355 733 1482 792; x_wconf 80' lang='lat' dir='ltr'>veni,</span> 
     </span>
     <span class='ocr_line' id='line_1_5' title="bbox 427 793 1482 858; baseline 0 -14"><span class='ocrx_word' id='word_1_24' title='bbox 427 799 554 858; x_wconf 83' lang='lat' dir='ltr'>quod</span> <span class='ocrx_word' id='word_1_25' title='bbox 578 809 726 844; x_wconf 86' lang='lat' dir='ltr'>rerum</span> <span class='ocrx_word' id='word_1_26' title='bbox 764 795 970 844; x_wconf 85' lang='lat' dir='ltr'>omnium</span> <span class='ocrx_word' id='word_1_27' title='bbox 1002 803 1072 842; x_wconf 88' lang='lat' dir='ltr'>est</span> <span class='ocrx_word' id='word_1_28' title='bbox 1103 795 1300 858; x_wconf 85' lang='lat' dir='ltr'>primum</span> <span class='ocrx_word' id='word_1_29' title='bbox 1354 793 1482 844; x_wconf 75' lang='lat' dir='ltr'>Hea.</span> 
     </span>
     <span class='ocr_line' id='line_1_6' title="bbox 429 859 1478 922; baseline 0.002 -14"><span class='ocrx_word' id='word_1_30' title='bbox 429 862 480 922; x_wconf 71' lang='lat' dir='ltr'>li,</span> <span class='ocrx_word' id='word_1_31' title='bbox 522 866 569 910; x_wconf 91' lang='grc'>8.</span> <span class='ocrx_word' id='word_1_32' title='bbox 615 863 710 910; x_wconf 82' lang='grc'>124</span> <span class='ocrx_word' id='word_1_33' title='bbox 774 859 918 908; x_wconf 81' lang='lat' dir='ltr'>Nunc</span> <span class='ocrx_word' id='word_1_34' title='bbox 975 861 1066 906; x_wconf 84' lang='lat' dir='ltr'>hoc</span> <span class='ocrx_word' id='word_1_35' title='bbox 1121 859 1320 922; x_wconf 85' lang='lat' dir='ltr'>primum</span> <span class='ocrx_word' id='word_1_36' title='bbox 1367 869 1478 910; x_wconf 68' lang='lat' dir='ltr'>ests</span> 
     </span>
     <span class='ocr_line' id='line_1_7' title="bbox 426 921 1478 990; baseline -0.002 -16"><span class='ocrx_word' id='word_1_37' title='bbox 426 927 486 974; x_wconf 75' lang='lat' dir='ltr'>ad</span> <span class='ocrx_word' id='word_1_38' title='bbox 509 926 612 978; x_wconf 75' lang='lat' dir='ltr'>ilias</span> <span class='ocrx_word' id='word_1_39' title='bbox 649 925 746 979; x_wconf 88' lang='lat' dir='ltr'>ibo,</span> <span class='ocrx_word' id='word_1_40' title='bbox 769 931 824 974; x_wconf 84' lang='lat' dir='ltr'>ut</span> <span class='ocrx_word' id='word_1_41' title='bbox 859 939 1053 990; x_wconf 78' lang='lat' dir='ltr'>purgem</span> <span class='ocrx_word' id='word_1_42' title='bbox 1091 939 1166 970; x_wconf 88' lang='lat' dir='ltr'>me</span> <span class='ocrx_word' id='word_1_43' title='bbox 1221 925 1318 972; x_wconf 75' lang='lat' dir='ltr'>Ad.</span> <span class='ocrx_word' id='word_1_44' title='bbox 1341 921 1406 986; x_wconf 79' lang='lat' dir='ltr'>iv,</span> <span class='ocrx_word' id='word_1_45' title='bbox 1429 929 1478 974; x_wconf 78' lang='grc'>4.</span> 
     </span>
     <span class='ocr_line' id='line_1_8' title="bbox 425 987 1480 1052; baseline -0.003 -13"><span class='ocrx_word' id='word_1_46' title='bbox 425 996 493 1039; x_wconf 88' lang='grc'>22</span> <span class='ocrx_word' id='word_1_47' title='bbox 535 990 701 1038; x_wconf 84' lang='lat' dir='ltr'>Petam</span> <span class='ocrx_word' id='word_1_48' title='bbox 726 987 854 1045; x_wconf 85' lang='lat' dir='ltr'>hine,</span> <span class='ocrx_word' id='word_1_49' title='bbox 875 991 1004 1038; x_wconf 84' lang='lat' dir='ltr'>unde</span> <span class='ocrx_word' id='word_1_50' title='bbox 1042 1004 1072 1035; x_wconf 82' lang='lat' dir='ltr'>a</span> <span class='ocrx_word' id='word_1_51' title='bbox 1111 987 1258 1052; x_wconf 86' lang='lat' dir='ltr'>primo</span> <span class='ocrx_word' id='word_1_52' title='bbox 1296 989 1480 1038; x_wconf 83' lang='lat' dir='ltr'>institui</span> 
     </span>
     <span class='ocr_line' id='line_1_9' title="bbox 426 1051 1482 1116; baseline 0.001 -16"><span class='ocrx_word' id='word_1_53' title='bbox 426 1053 515 1105; x_wconf 74' lang='lat' dir='ltr'>Ph.</span> <span class='ocrx_word' id='word_1_54' title='bbox 537 1055 604 1111; x_wconf 77' lang='lat' dir='ltr'>iv,</span> <span class='ocrx_word' id='word_1_55' title='bbox 626 1059 675 1102; x_wconf 86' lang='grc'>2.</span> <span class='ocrx_word' id='word_1_56' title='bbox 699 1057 762 1104; x_wconf 82' lang='grc'>14</span> <span class='ocrx_word' id='word_1_57' title='bbox 820 1051 864 1100; x_wconf 86' lang='lat' dir='ltr'><strong>A</strong></span> <span class='ocrx_word' id='word_1_58' title='bbox 905 1053 1054 1116; x_wconf 85' lang='lat' dir='ltr'>primo</span> <span class='ocrx_word' id='word_1_59' title='bbox 1085 1054 1226 1102; x_wconf 84' lang='lat' dir='ltr'>homo</span> <span class='ocrx_word' id='word_1_60' title='bbox 1245 1053 1482 1102; x_wconf 74' lang='lat' dir='ltr'><strong>insanibat</strong></span> 
     </span>
     <span class='ocr_line' id='line_1_10' title="bbox 423 1115 1481 1182; baseline 0 -16"><span class='ocrx_word' id='word_1_61' title='bbox 423 1117 514 1169; x_wconf 76' lang='lat' dir='ltr'>Ph.</span> <span class='ocrx_word' id='word_1_62' title='bbox 551 1119 617 1182; x_wconf 62' lang='lat' dir='ltr'>iu,</span> <span class='ocrx_word' id='word_1_63' title='bbox 637 1121 686 1166; x_wconf 84' lang='grc'>8.</span> <span class='ocrx_word' id='word_1_64' title='bbox 711 1121 777 1166; x_wconf 83' lang='grc'>87</span> <span class='ocrx_word' id='word_1_65' title='bbox 829 1115 926 1166; x_wconf 85' lang='lat' dir='ltr'>Ubi</span> <span class='ocrx_word' id='word_1_66' title='bbox 963 1125 1010 1165; x_wconf 84' lang='lat' dir='ltr'>te</span> <span class='ocrx_word' id='word_1_67' title='bbox 1049 1117 1146 1166; x_wconf 84' lang='lat' dir='ltr'>vidi</span> <span class='ocrx_word' id='word_1_68' title='bbox 1183 1118 1340 1166; x_wconf 78' lang='lat' dir='ltr'>animo</span> <span class='ocrx_word' id='word_1_69' title='bbox 1377 1133 1481 1166; x_wconf 84' lang='lat' dir='ltr'>esse</span> 
     </span>
     <span class='ocr_line' id='line_1_11' title="bbox 424 1181 1479 1246; baseline 0.001 -17"><span class='ocrx_word' id='word_1_70' title='bbox 424 1185 612 1238; x_wconf 75' lang='lat' dir='ltr'>omisso.</span> <span class='ocrx_word' id='word_1_71' title='bbox 636 1191 704 1245; x_wconf 88' lang='lat' dir='ltr'>et,</span> <span class='ocrx_word' id='word_1_72' title='bbox 721 1183 883 1229; x_wconf 78' lang='lat' dir='ltr'>suavia</span> <span class='ocrx_word' id='word_1_73' title='bbox 901 1181 950 1232; x_wconf 81' lang='lat' dir='ltr'>in</span> <span class='ocrx_word' id='word_1_74' title='bbox 974 1181 1221 1245; x_wconf 63' lang='lat' dir='ltr'>prasentia</span> <span class='ocrx_word' id='word_1_75' title='bbox 1259 1197 1366 1246; x_wconf 79' lang='lat' dir='ltr'>quae</span> <span class='ocrx_word' id='word_1_76' title='bbox 1403 1197 1479 1230; x_wconf 80' lang='lat' dir='ltr'>es·</span> 
     </span>
     <span class='ocr_line' id='line_1_12' title="bbox 424 1245 1482 1312; baseline 0.004 -18"><span class='ocrx_word' id='word_1_77' title='bbox 424 1256 545 1303; x_wconf 84' lang='lat' dir='ltr'>sent,</span> <span class='ocrx_word' id='word_1_78' title='bbox 587 1247 737 1312; x_wconf 73' lang='lat' dir='ltr'>prima</span> <span class='ocrx_word' id='word_1_79' title='bbox 769 1247 952 1294; x_wconf 79' lang='lat' dir='ltr'>habere·</span> <span class='ocrx_word' id='word_1_80' title='bbox 992 1245 1115 1296; x_wconf 82' lang='lat' dir='ltr'>Hea.</span> <span class='ocrx_word' id='word_1_81' title='bbox 1157 1261 1204 1302; x_wconf 82' lang='lat' dir='ltr'>v,</span> <span class='ocrx_word' id='word_1_82' title='bbox 1225 1249 1276 1296; x_wconf 86' lang='grc'>2.</span> <span class='ocrx_word' id='word_1_83' title='bbox 1303 1252 1364 1296; x_wconf 84' lang='grc'>10</span> <span class='ocrx_word' id='word_1_84' title='bbox 1419 1247 1482 1298; x_wconf 82' lang='lat' dir='ltr'>Et</span> 
     </span>
    </p>
   </div>
   <div class='ocr_carea' id='block_1_3' title="bbox 423 1309 1538 1376">
    <p class='ocr_par' dir='ltr' id='par_1_3' title="bbox 423 1309 1538 1376">
     <span class='ocr_line' id='line_1_13' title="bbox 423 1309 1538 1376; baseline 0.004 -19"><span class='ocrx_word' id='word_1_85' title='bbox 423 1327 531 1376; x_wconf 83' lang='lat' dir='ltr'>quae</span> <span class='ocrx_word' id='word_1_86' title='bbox 575 1312 661 1358; x_wconf 77' lang='lat' dir='ltr'>tibi</span> <span class='ocrx_word' id='word_1_87' title='bbox 697 1309 876 1374; x_wconf 82' lang='lat' dir='ltr'>putaris</span> <span class='ocrx_word' id='word_1_88' title='bbox 909 1311 1077 1374; x_wconf 81' lang='lat' dir='ltr'>prima,</span> <span class='ocrx_word' id='word_1_89' title='bbox 1099 1311 1147 1357; x_wconf 87' lang='lat' dir='ltr'>in</span> <span class='ocrx_word' id='word_1_90' title='bbox 1190 1311 1480 1374; x_wconf 79' lang='lat' dir='ltr'>experiundo</span> <span class='ocrx_word' id='word_1_91' title='bbox 1529 1343 1538 1354; x_wconf 87' lang='lat'><strong>·</strong></span> 
     </span>
    </p>
   </div>
   <div class='ocr_carea' id='block_1_4' title="bbox 410 1374 1480 3568">
    <p class='ocr_par' dir='ltr' id='par_1_4' title="bbox 419 1374 1480 1696">
     <span class='ocr_line' id='line_1_14' title="bbox 421 1374 1478 1438; baseline 0.002 -16"><span class='ocrx_word' id='word_1_92' title='bbox 421 1376 641 1438; x_wconf 72' lang='lat' dir='ltr'>repudies</span> <span class='ocrx_word' id='word_1_93' title='bbox 695 1375 790 1423; x_wconf 87' lang='lat' dir='ltr'>Ad.</span> <span class='ocrx_word' id='word_1_94' title='bbox 827 1382 878 1432; x_wconf 78' lang='lat' dir='ltr'>v,&#39;</span> <span class='ocrx_word' id='word_1_95' title='bbox 900 1380 1001 1426; x_wconf 84' lang='grc'>4.4</span> <span class='ocrx_word' id='word_1_96' title='bbox 1058 1374 1325 1422; x_wconf 84' lang='lat' dir='ltr'>Audieras?</span> <span class='ocrx_word' id='word_1_97' title='bbox 1381 1375 1478 1424; x_wconf 87' lang='lat' dir='ltr'>Gn.</span> 
     </span>
     <span class='ocr_line' id='line_1_15' title="bbox 421 1439 1479 1504; baseline 0.003 -17"><span class='ocrx_word' id='word_1_98' title='bbox 421 1441 592 1504; x_wconf 52' lang='grc' dir='ltr'>δωρεᾶς</span> <span class='ocrx_word' id='word_1_99' title='bbox 623 1448 673 1487; x_wconf 84' lang='lat' dir='ltr'>et</span> <span class='ocrx_word' id='word_1_100' title='bbox 703 1441 847 1487; x_wconf 74' lang='lat' dir='ltr'>fertur</span> <span class='ocrx_word' id='word_1_101' title='bbox 867 1439 916 1491; x_wconf 82' lang='lat' dir='ltr'>in</span> <span class='ocrx_word' id='word_1_102' title='bbox 940 1439 1099 1504; x_wconf 77' lang='lat' dir='ltr'>primis</span> <span class='ocrx_word' id='word_1_103' title='bbox 1131 1439 1224 1489; x_wconf 86' lang='lat' dir='ltr'>Eu.</span> <span class='ocrx_word' id='word_1_104' title='bbox 1244 1439 1318 1502; x_wconf 83' lang='lat' dir='ltr'>iii,</span> <span class='ocrx_word' id='word_1_105' title='bbox 1343 1443 1390 1488; x_wconf 91' lang='lat'>1.</span> <span class='ocrx_word' id='word_1_106' title='bbox 1413 1445 1479 1490; x_wconf 78' lang='lat'>39</span> 
     </span>
     <span class='ocr_line' id='line_1_16' title="bbox 429 1503 1480 1570; baseline 0.004 -18"><span class='ocrx_word' id='word_1_107' title='bbox 429 1519 438 1528; x_wconf 91' lang='lat'><strong>·</strong></span> <span class='ocrx_word' id='word_1_108' title='bbox 488 1504 738 1570; x_wconf 76' lang='lat' dir='ltr'>Princeps.</span> <span class='ocrx_word' id='word_1_109' title='bbox 801 1503 1034 1561; x_wconf 79' lang='lat' dir='ltr'><strong>Arbitror,</strong></span> <span class='ocrx_word' id='word_1_110' title='bbox 1071 1504 1254 1554; x_wconf 74' lang='lat' dir='ltr'>fratrem</span> <span class='ocrx_word' id='word_1_111' title='bbox 1301 1505 1480 1556; x_wconf 82' lang='lat' dir='ltr'>homini</span> 
     </span>
     <span class='ocr_line' id='line_1_17' title="bbox 419 1567 1480 1634; baseline 0.003 -19"><span class='ocrx_word' id='word_1_112' title='bbox 419 1569 598 1618; x_wconf 80' lang='lat' dir='ltr'>nemini</span> <span class='ocrx_word' id='word_1_113' title='bbox 617 1585 719 1616; x_wconf 87' lang='lat' dir='ltr'>esse</span> <span class='ocrx_word' id='word_1_114' title='bbox 741 1570 989 1630; x_wconf 77' lang='lat' dir='ltr'>primarum</span> <span class='ocrx_word' id='word_1_115' title='bbox 1005 1567 1176 1618; x_wconf 69' lang='lat' dir='ltr'>artium</span> <span class='ocrx_word' id='word_1_116' title='bbox 1189 1569 1336 1634; x_wconf 81' lang='lat' dir='ltr'>magis</span> <span class='ocrx_word' id='word_1_117' title='bbox 1349 1571 1480 1634; x_wconf 88' lang='lat' dir='ltr'>prin·</span> 
     </span>
     <span class='ocr_line' id='line_1_18' title="bbox 421 1633 915 1696; baseline 0.008 -16"><span class='ocrx_word' id='word_1_118' title='bbox 421 1633 581 1696; x_wconf 73' lang='lat' dir='ltr'>eipem</span> <span class='ocrx_word' id='word_1_119' title='bbox 613 1633 713 1684; x_wconf 87' lang='lat' dir='ltr'>Ad.</span> <span class='ocrx_word' id='word_1_120' title='bbox 735 1633 790 1690; x_wconf 86' lang='lat' dir='ltr'>ii,</span> <span class='ocrx_word' id='word_1_121' title='bbox 809 1638 860 1683; x_wconf 69' lang='lat'>3.</span> <span class='ocrx_word' id='word_1_122' title='bbox 881 1639 915 1684; x_wconf 98' lang='grc'>6</span> 
     </span>
    </p>

    <p class='ocr_par' dir='ltr' id='par_1_5' title="bbox 414 1697 1479 2535">
     <span class='ocr_line' id='line_1_19' title="bbox 427 1697 1476 1776; baseline 0.002 -30"><span class='ocrx_word' id='word_1_123' title='bbox 427 1713 438 1722; x_wconf 94' lang='grc'>·</span> <span class='ocrx_word' id='word_1_124' title='bbox 487 1697 741 1776; x_wconf 67' lang='lat' dir='ltr'>Principia.</span> <span class='ocrx_word' id='word_1_125' title='bbox 783 1697 858 1776; x_wconf 61' lang='lat'>&#39;1⁸13</span> <span class='ocrx_word' id='word_1_126' title='bbox 881 1700 1022 1748; x_wconf 86' lang='lat' dir='ltr'>hosce</span> <span class='ocrx_word' id='word_1_127' title='bbox 1039 1697 1252 1746; x_wconf 82' lang='lat' dir='ltr'>instrue:</span> <span class='ocrx_word' id='word_1_128' title='bbox 1285 1698 1366 1746; x_wconf 86' lang='lat' dir='ltr'>hic</span> <span class='ocrx_word' id='word_1_129' title='bbox 1387 1715 1476 1764; x_wconf 84' lang='lat' dir='ltr'>ego</span> 
     </span>
     <span class='ocr_line' id='line_1_20' title="bbox 421 1761 1479 1892; baseline 0.002 -18"><span class='ocrx_word' id='word_1_130' title='bbox 421 1761 1098 1892; x_wconf 34' lang='lat' dir='ltr'>‘mPffisgigigffffigvffiigv&#39;</span> <span class='ocrx_word' id='word_1_131' title='bbox 1119 1767 1272 1876; x_wconf 44' lang='lat' dir='ltr'>{hiric</span> <span class='ocrx_word' id='word_1_132' title='bbox 1315 1833 1363 1874; x_wconf 87' lang='lat' dir='ltr'>te</span> <span class='ocrx_word' id='word_1_133' title='bbox 1393 1843 1479 1892; x_wconf 87' lang='lat' dir='ltr'>per</span> 
     </span>
     <span class='ocr_line' id='line_1_21' title="bbox 419 1891 1476 1958; baseline 0.001 -19"><span class='ocrx_word' id='word_1_134' title='bbox 419 1891 692 1950; x_wconf 65' lang='lat' dir='ltr'>amicitiam,</span> <span class='ocrx_word' id='word_1_135' title='bbox 709 1901 760 1940; x_wconf 85' lang='lat' dir='ltr'>et</span> <span class='ocrx_word' id='word_1_136' title='bbox 787 1907 872 1954; x_wconf 87' lang='lat' dir='ltr'>per</span> <span class='ocrx_word' id='word_1_137' title='bbox 891 1893 1092 1940; x_wconf 82' lang='lat' dir='ltr'>amorem</span> <span class='ocrx_word' id='word_1_138' title='bbox 1115 1893 1326 1956; x_wconf 80' lang='lat' dir='ltr'>obsecro,</span> <span class='ocrx_word' id='word_1_139' title='bbox 1347 1893 1476 1958; x_wconf 84' lang='lat' dir='ltr'>prin—</span> 
     </span>
     <span class='ocr_line' id='line_1_22' title="bbox 419 1955 1478 2020; baseline 0 -16"><span class='ocrx_word' id='word_1_140' title='bbox 419 1955 568 2020; x_wconf 67' lang='lat' dir='ltr'>cipio,</span> <span class='ocrx_word' id='word_1_141' title='bbox 605 1965 662 2006; x_wconf 90' lang='lat' dir='ltr'>ut</span> <span class='ocrx_word' id='word_1_142' title='bbox 697 1973 759 2005; x_wconf 84' lang='lat' dir='ltr'>ne</span> <span class='ocrx_word' id='word_1_143' title='bbox 797 1959 944 2008; x_wconf 79' lang='lat' dir='ltr'>ducas</span> <span class='ocrx_word' id='word_1_144' title='bbox 987 1955 1052 2008; x_wconf 82' lang='lat' dir='ltr'>A.</span> <span class='ocrx_word' id='word_1_145' title='bbox 1075 1955 1131 2016; x_wconf 87' lang='lat' dir='ltr'>ii,</span> <span class='ocrx_word' id='word_1_146' title='bbox 1157 1961 1202 2004; x_wconf 83' lang='lat' dir='ltr'>l.</span> <span class='ocrx_word' id='word_1_147' title='bbox 1223 1961 1288 2006; x_wconf 89' lang='grc'>27</span> <span class='ocrx_word' id='word_1_148' title='bbox 1345 1957 1478 2020; x_wconf 76' lang='lat' dir='ltr'>Quot</span> 
     </span>
     <span class='ocr_line' id='line_1_23' title="bbox 420 2019 1475 2084; baseline -0.002 -12"><span class='ocrx_word' id='word_1_149' title='bbox 420 2022 794 2078; x_wconf 69' lang='lat' dir='ltr'>commoditates,</span> <span class='ocrx_word' id='word_1_150' title='bbox 843 2023 983 2070; x_wconf 83' lang='lat' dir='ltr'>vide:</span> <span class='ocrx_word' id='word_1_151' title='bbox 1023 2019 1280 2084; x_wconf 78' lang='lat' dir='ltr'>principio,</span> <span class='ocrx_word' id='word_1_152' title='bbox 1322 2021 1475 2070; x_wconf 78' lang='lat' dir='ltr'>amieo</span> 
     </span>
     <span class='ocr_line' id='line_1_24' title="bbox 418 2084 1476 2152; baseline 0.005 -21"><span class='ocrx_word' id='word_1_153' title='bbox 418 2084 566 2133; x_wconf 79' lang='lat' dir='ltr'>filium</span> <span class='ocrx_word' id='word_1_154' title='bbox 588 2085 842 2136; x_wconf 77' lang='lat' dir='ltr'>restitueris</span> <span class='ocrx_word' id='word_1_155' title='bbox 875 2087 939 2136; x_wconf 82' lang='lat' dir='ltr'>A.</span> <span class='ocrx_word' id='word_1_156' title='bbox 959 2085 1028 2142; x_wconf 79' lang='lat' dir='ltr'>iii,</span> <span class='ocrx_word' id='word_1_157' title='bbox 1050 2091 1098 2136; x_wconf 72' lang='lat'>3.</span> <span class='ocrx_word' id='word_1_158' title='bbox 1120 2089 1183 2134; x_wconf 79' lang='lat'>38</span> <span class='ocrx_word' id='word_1_159' title='bbox 1233 2085 1476 2152; x_wconf 85' lang='lat' dir='ltr'>Principio</span> 
     </span>
     <span class='ocr_line' id='line_1_25' title="bbox 417 2149 1473 2212; baseline 0 -16"><span class='ocrx_word' id='word_1_160' title='bbox 417 2163 522 2197; x_wconf 80' lang='lat' dir='ltr'>eam</span> <span class='ocrx_word' id='word_1_161' title='bbox 567 2165 668 2200; x_wconf 81' lang='lat' dir='ltr'>esse</span> <span class='ocrx_word' id='word_1_162' title='bbox 711 2152 820 2202; x_wconf 85' lang='lat' dir='ltr'>dico</span> <span class='ocrx_word' id='word_1_163' title='bbox 865 2151 1057 2200; x_wconf 80' lang='lat' dir='ltr'>liberam</span> <span class='ocrx_word' id='word_1_164' title='bbox 1108 2149 1200 2196; x_wconf 88' lang='lat' dir='ltr'>Eu.</span> <span class='ocrx_word' id='word_1_165' title='bbox 1232 2150 1298 2212; x_wconf 80' lang='lat' dir='ltr'>iv,</span> <span class='ocrx_word' id='word_1_166' title='bbox 1327 2155 1378 2199; x_wconf 80' lang='grc'>7.</span> <span class='ocrx_word' id='word_1_167' title='bbox 1411 2155 1473 2200; x_wconf 73' lang='grc'>85</span> 
     </span>
     <span class='ocr_line' id='line_1_26' title="bbox 416 2207 1476 2279; baseline -0.003 -13"><span class='ocrx_word' id='word_1_168' title='bbox 416 2213 658 2278; x_wconf 84' lang='lat' dir='ltr'>Principio</span> <span class='ocrx_word' id='word_1_169' title='bbox 701 2231 791 2279; x_wconf 86' lang='lat' dir='ltr'>ego</span> <span class='ocrx_word' id='word_1_170' title='bbox 828 2231 912 2262; x_wconf 83' lang='lat' dir='ltr'>vos</span> <span class='ocrx_word' id='word_1_171' title='bbox 947 2207 1136 2262; x_wconf 79' lang='lat' dir='ltr'>eredere</span> <span class='ocrx_word' id='word_1_172' title='bbox 1181 2214 1344 2261; x_wconf 85' lang='lat' dir='ltr'>ambos</span> <span class='ocrx_word' id='word_1_173' title='bbox 1385 2215 1476 2264; x_wconf 88' lang='lat' dir='ltr'>hoc</span> 
     </span>
     <span class='ocr_line' id='line_1_27' title="bbox 415 2277 1476 2343; baseline -0.007 -12"><span class='ocrx_word' id='word_1_174' title='bbox 415 2279 532 2330; x_wconf 80' lang='lat' dir='ltr'>mihi</span> <span class='ocrx_word' id='word_1_175' title='bbox 575 2281 874 2330; x_wconf 82' lang='lat' dir='ltr'>vehementer</span> <span class='ocrx_word' id='word_1_176' title='bbox 915 2279 1071 2328; x_wconf 84' lang='lat' dir='ltr'>velim.</span> <span class='ocrx_word' id='word_1_177' title='bbox 1136 2277 1380 2343; x_wconf 82' lang='lat' dir='ltr'>Principio</span> <span class='ocrx_word' id='word_1_178' title='bbox 1426 2288 1476 2328; x_wconf 85' lang='lat' dir='ltr'>et</span> 
     </span>
     <span class='ocr_line' id='line_1_28' title="bbox 415 2341 1474 2408; baseline 0.004 -20"><span class='ocrx_word' id='word_1_179' title='bbox 415 2341 566 2392; x_wconf 76' lang='lat' dir='ltr'>habet</span> <span class='ocrx_word' id='word_1_180' title='bbox 580 2345 706 2408; x_wconf 86' lang='lat' dir='ltr'>quod</span> <span class='ocrx_word' id='word_1_181' title='bbox 731 2345 832 2406; x_wconf 81' lang='lat' dir='ltr'>det,</span> <span class='ocrx_word' id='word_1_182' title='bbox 853 2352 903 2394; x_wconf 83' lang='lat' dir='ltr'>et</span> <span class='ocrx_word' id='word_1_183' title='bbox 923 2345 1008 2392; x_wconf 83' lang='lat' dir='ltr'>dat</span> <span class='ocrx_word' id='word_1_184' title='bbox 1025 2359 1166 2392; x_wconf 85' lang='lat' dir='ltr'>nemo</span> <span class='ocrx_word' id='word_1_185' title='bbox 1190 2343 1359 2405; x_wconf 79' lang='lat' dir='ltr'>largius</span> <span class='ocrx_word' id='word_1_186' title='bbox 1383 2343 1474 2392; x_wconf 86' lang='lat' dir='ltr'>Eu.</span> 
     </span>
     <span class='ocr_line' id='line_1_29' title="bbox 416 2408 1474 2476; baseline -0.002 -18"><span class='ocrx_word' id='word_1_187' title='bbox 416 2418 462 2464; x_wconf 67' lang='lat' dir='ltr'>v,</span> <span class='ocrx_word' id='word_1_188' title='bbox 481 2411 536 2458; x_wconf 67' lang='grc'>9.</span> <span class='ocrx_word' id='word_1_189' title='bbox 560 2413 643 2460; x_wconf 79' lang='grc'>89.</span> <span class='ocrx_word' id='word_1_190' title='bbox 665 2413 732 2458; x_wconf 82' lang='grc'>48</span> <span class='ocrx_word' id='word_1_191' title='bbox 785 2409 1030 2476; x_wconf 84' lang='lat' dir='ltr'>Principio</span> <span class='ocrx_word' id='word_1_192' title='bbox 1064 2409 1106 2456; x_wconf 83' lang='lat' dir='ltr'>si</span> <span class='ocrx_word' id='word_1_193' title='bbox 1135 2408 1184 2456; x_wconf 88' lang='lat' dir='ltr'>id</span> <span class='ocrx_word' id='word_1_194' title='bbox 1220 2415 1267 2455; x_wconf 90' lang='lat' dir='ltr'>te</span> <span class='ocrx_word' id='word_1_195' title='bbox 1292 2409 1474 2456; x_wconf 85' lang='lat' dir='ltr'>mordet</span> 
     </span>
     <span class='ocr_line' id='line_1_30' title="bbox 414 2471 741 2535; baseline 0.006 -14"><span class='ocrx_word' id='word_1_196' title='bbox 414 2471 512 2521; x_wconf 79' lang='lat' dir='ltr'>Ad.</span> <span class='ocrx_word' id='word_1_197' title='bbox 532 2488 582 2535; x_wconf 73' lang='grc' dir='ltr'>ν’,</span> <span class='ocrx_word' id='word_1_198' title='bbox 605 2477 654 2525; x_wconf 70' lang='grc'>3.</span> <span class='ocrx_word' id='word_1_199' title='bbox 677 2477 741 2531; x_wconf 77' lang='grc'>21.</span> 
     </span>
    </p>

    <p class='ocr_par' dir='ltr' id='par_1_6' title="bbox 410 2536 1476 3568">
     <span class='ocr_line' id='line_1_31' title="bbox 423 2536 1470 2611; baseline -0.003 -22"><span class='ocrx_word' id='word_1_200' title='bbox 423 2553 429 2561; x_wconf 97' lang='grc'>·</span> <span class='ocrx_word' id='word_1_201' title='bbox 478 2538 784 2602; x_wconf 65' lang='lat' dir='ltr'>Principium.</span> <span class='ocrx_word' id='word_1_202' title='bbox 849 2538 961 2589; x_wconf 85' lang='lat' dir='ltr'>Neu</span> <span class='ocrx_word' id='word_1_203' title='bbox 1005 2552 1082 2586; x_wconf 87' lang='lat' dir='ltr'>me</span> <span class='ocrx_word' id='word_1_204' title='bbox 1142 2536 1369 2611; x_wconf 81' lang='lat' dir='ltr'>cupidum</span> <span class='ocrx_word' id='word_1_205' title='bbox 1410 2554 1470 2587; x_wconf 89' lang='lat' dir='ltr'>eo</span> 
     </span>
     <span class='ocr_line' id='line_1_32' title="bbox 412 2600 1472 2669; baseline -0.001 -20"><span class='ocrx_word' id='word_1_206' title='bbox 412 2601 695 2667; x_wconf 67' lang='lat' dir='ltr'>impuiisset,</span> <span class='ocrx_word' id='word_1_207' title='bbox 735 2605 867 2669; x_wconf 87' lang='lat' dir='ltr'>qnod</span> <span class='ocrx_word' id='word_1_208' title='bbox 908 2602 1025 2653; x_wconf 76' lang='lat' dir='ltr'>mihi</span> <span class='ocrx_word' id='word_1_209' title='bbox 1066 2600 1351 2667; x_wconf 72' lang='lat' dir='ltr'>principium</span> <span class='ocrx_word' id='word_1_210' title='bbox 1399 2609 1472 2649; x_wconf 80' lang='lat' dir='ltr'>est</span> 
     </span>
     <span class='ocr_line' id='line_1_33' title="bbox 413 2664 1476 2729; baseline 0.004 -18"><span class='ocrx_word' id='word_1_211' title='bbox 413 2666 526 2717; x_wconf 82' lang='lat' dir='ltr'>mali</span> <span class='ocrx_word' id='word_1_212' title='bbox 559 2666 650 2713; x_wconf 75' lang='lat' dir='ltr'>Ph.</span> <span class='ocrx_word' id='word_1_213' title='bbox 671 2665 707 2722; x_wconf 87' lang='lat' dir='ltr'>i,</span> <span class='ocrx_word' id='word_1_214' title='bbox 729 2672 781 2716; x_wconf 78' lang='grc'>8.</span> <span class='ocrx_word' id='word_1_215' title='bbox 799 2671 833 2716; x_wconf 93' lang='grc'>6</span> <span class='ocrx_word' id='word_1_216' title='bbox 865 2666 1012 2723; x_wconf 81' lang='lat' dir='ltr'>Quod</span> <span class='ocrx_word' id='word_1_217' title='bbox 1035 2666 1170 2712; x_wconf 79' lang='lat' dir='ltr'>dedit</span> <span class='ocrx_word' id='word_1_218' title='bbox 1189 2664 1476 2729; x_wconf 80' lang='lat' dir='ltr'>principium</span> 
     </span>
     <span class='ocr_line' id='line_1_34' title="bbox 413 2726 1474 2792; baseline -0.003 -15"><span class='ocrx_word' id='word_1_219' title='bbox 413 2730 694 2779; x_wconf 81' lang='lat' dir='ltr'>adveniens!</span> <span class='ocrx_word' id='word_1_220' title='bbox 749 2730 844 2783; x_wconf 88' lang='lat' dir='ltr'>Eu.</span> <span class='ocrx_word' id='word_1_221' title='bbox 879 2728 952 2791; x_wconf 82' lang='lat' dir='ltr'>iii,</span> <span class='ocrx_word' id='word_1_222' title='bbox 970 2734 1020 2781; x_wconf 88' lang='grc'>2.</span> <span class='ocrx_word' id='word_1_223' title='bbox 1043 2734 1074 2777; x_wconf 77' lang='lat'>⁵</span> <span class='ocrx_word' id='word_1_224' title='bbox 1129 2726 1301 2790; x_wconf 83' lang='lat' dir='ltr'>Neque</span> <span class='ocrx_word' id='word_1_225' title='bbox 1347 2728 1474 2792; x_wconf 88' lang='lat' dir='ltr'>quod</span> 
     </span>
     <span class='ocr_line' id='line_1_35' title="bbox 413 2792 1475 2861; baseline -0.002 -20"><span class='ocrx_word' id='word_1_226' title='bbox 413 2794 562 2861; x_wconf 78' lang='lat' dir='ltr'>prinei</span> <span class='ocrx_word' id='word_1_227' title='bbox 599 2794 700 2843; x_wconf 78' lang='lat' dir='ltr'>ium</span> <span class='ocrx_word' id='word_1_228' title='bbox 751 2792 990 2843; x_wconf 79' lang='lat' dir='ltr'>inveniam</span> <span class='ocrx_word' id='word_1_229' title='bbox 1055 2792 1120 2841; x_wconf 78' lang='lat' dir='ltr'>ad</span> <span class='ocrx_word' id='word_1_230' title='bbox 1173 2792 1475 2857; x_wconf 82' lang='lat' dir='ltr'>placandum,</span> 
     </span>
     <span class='ocr_line' id='line_1_36' title="bbox 413 2810 1474 2934; baseline -0.006 -25"><span class='ocrx_word' id='word_1_231' title='bbox 413 2860 514 2909; x_wconf 67' lang='lat' dir='ltr'>scio</span> <span class='ocrx_word' id='word_1_232' title='bbox 547 2810 670 2907; x_wconf 53' lang='lat' dir='ltr'>lien.</span> <span class='ocrx_word' id='word_1_233' title='bbox 691 2876 738 2915; x_wconf 82' lang='lat' dir='ltr'>v,</span> <span class='ocrx_word' id='word_1_234' title='bbox 759 2863 809 2909; x_wconf 94' lang='grc'>4.</span> <span class='ocrx_word' id='word_1_235' title='bbox 831 2862 893 2934; x_wconf 74' lang='grc'>21</span> <span class='ocrx_word' id='word_1_236' title='bbox 943 2856 1066 2904; x_wconf 73' lang='lat' dir='ltr'>Rem</span> <span class='ocrx_word' id='word_1_237' title='bbox 1089 2870 1276 2907; x_wconf 82' lang='lat' dir='ltr'>omnem</span> <span class='ocrx_word' id='word_1_238' title='bbox 1297 2872 1322 2903; x_wconf 81' lang='lat' dir='ltr'>a</span> <span class='ocrx_word' id='word_1_239' title='bbox 1347 2858 1474 2933; x_wconf 74' lang='lat' dir='ltr'>prin·</span> 
     </span>
     <span class='ocr_line' id='line_1_37' title="bbox 413 2920 1473 3053; baseline -0.005 -17"><span class='ocrx_word' id='word_1_240' title='bbox 413 2926 729 3051; x_wconf 43' lang='lat' dir='ltr'>aaziae&amp;</span> <span class='ocrx_word' id='word_1_241' title='bbox 747 2922 1017 3053; x_wconf 43' lang='lat' dir='ltr'>&amp;312²ss</span> <span class='ocrx_word' id='word_1_242' title='bbox 1049 2920 1473 3049; x_wconf 56' lang='grc' dir='ltr'>ἒὲἒὲἑῗοοῖῗέῖῖ</span> 
     </span>
     <span class='ocr_line' id='line_1_38' title="bbox 411 3049 1473 3119; baseline -0.003 -19"><span class='ocrx_word' id='word_1_243' title='bbox 411 3056 464 3100; x_wconf 85' lang='grc'>4.</span> <span class='ocrx_word' id='word_1_244' title='bbox 489 3056 554 3104; x_wconf 86' lang='grc'>46</span> <span class='ocrx_word' id='word_1_245' title='bbox 607 3052 744 3119; x_wconf 85' lang='lat' dir='ltr'>Saepe</span> <span class='ocrx_word' id='word_1_246' title='bbox 782 3068 840 3101; x_wconf 81' lang='lat' dir='ltr'>ex</span> <span class='ocrx_word' id='word_1_247' title='bbox 875 3051 1002 3101; x_wconf 84' lang='lat' dir='ltr'>malo</span> <span class='ocrx_word' id='word_1_248' title='bbox 1031 3049 1282 3113; x_wconf 81' lang='lat' dir='ltr'>principio,</span> <span class='ocrx_word' id='word_1_249' title='bbox 1303 3064 1473 3113; x_wconf 83' lang='lat' dir='ltr'>magna</span> 
     </span>
     <span class='ocr_line' id='line_1_39' title="bbox 412 3112 1472 3171; baseline 0 -8"><span class='ocrx_word' id='word_1_250' title='bbox 412 3116 700 3164; x_wconf 74' lang='lat' dir='ltr'>familiaritas</span> <span class='ocrx_word' id='word_1_251' title='bbox 743 3116 949 3165; x_wconf 83' lang='lat' dir='ltr'>conflata</span> <span class='ocrx_word' id='word_1_252' title='bbox 989 3124 1066 3165; x_wconf 74' lang='lat' dir='ltr'>est</span> <span class='ocrx_word' id='word_1_253' title='bbox 1115 3112 1208 3163; x_wconf 89' lang='lat' dir='ltr'>Eu.</span> <span class='ocrx_word' id='word_1_254' title='bbox 1242 3130 1291 3171; x_wconf 81' lang='lat' dir='ltr'>v,</span> <span class='ocrx_word' id='word_1_255' title='bbox 1324 3118 1374 3165; x_wconf 88' lang='grc'>2.</span> <span class='ocrx_word' id='word_1_256' title='bbox 1407 3118 1472 3163; x_wconf 73' lang='grc'>36</span> 
     </span>
     <span class='ocr_line' id='line_1_40' title="bbox 413 3180 1473 3243; baseline 0 -16"><span class='ocrx_word' id='word_1_257' title='bbox 413 3181 554 3229; x_wconf 81' lang='lat' dir='ltr'>Hane</span> <span class='ocrx_word' id='word_1_258' title='bbox 573 3182 742 3231; x_wconf 86' lang='lat' dir='ltr'>habere</span> <span class='ocrx_word' id='word_1_259' title='bbox 765 3182 1023 3229; x_wconf 83' lang='lat' dir='ltr'>orationem</span> <span class='ocrx_word' id='word_1_260' title='bbox 1043 3195 1229 3229; x_wconf 84' lang='lat' dir='ltr'>meeum</span> <span class='ocrx_word' id='word_1_261' title='bbox 1251 3195 1281 3227; x_wconf 80' lang='lat' dir='ltr'>a</span> <span class='ocrx_word' id='word_1_262' title='bbox 1297 3180 1473 3243; x_wconf 83' lang='lat' dir='ltr'>princi-</span> 
     </span>
     <span class='ocr_line' id='line_1_41' title="bbox 410 3244 1474 3309; baseline -0.002 -16"><span class='ocrx_word' id='word_1_263' title='bbox 410 3246 494 3309; x_wconf 86' lang='lat' dir='ltr'>pio</span> <span class='ocrx_word' id='word_1_264' title='bbox 511 3246 707 3297; x_wconf 72' lang='lat' dir='ltr'>institit.</span> <span class='ocrx_word' id='word_1_265' title='bbox 771 3246 896 3297; x_wconf 81' lang='lat' dir='ltr'>Nam</span> <span class='ocrx_word' id='word_1_266' title='bbox 921 3244 1030 3293; x_wconf 86' lang='lat' dir='ltr'>olim</span> <span class='ocrx_word' id='word_1_267' title='bbox 1065 3245 1152 3293; x_wconf 81' lang='lat' dir='ltr'>soli</span> <span class='ocrx_word' id='word_1_268' title='bbox 1185 3245 1382 3307; x_wconf 80' lang='lat' dir='ltr'>credidi,</span> <span class='ocrx_word' id='word_1_269' title='bbox 1415 3260 1474 3291; x_wconf 86' lang='lat' dir='ltr'>ea</span> 
     </span>
     <span class='ocr_line' id='line_1_42' title="bbox 412 3308 1472 3374; baseline -0.004 -13"><span class='ocrx_word' id='word_1_270' title='bbox 412 3326 488 3361; x_wconf 84' lang='lat' dir='ltr'>me</span> <span class='ocrx_word' id='word_1_271' title='bbox 521 3312 803 3359; x_wconf 74' lang='lat' dir='ltr'>abstinuisse</span> <span class='ocrx_word' id='word_1_272' title='bbox 843 3312 892 3357; x_wconf 88' lang='lat' dir='ltr'>in</span> <span class='ocrx_word' id='word_1_273' title='bbox 929 3308 1182 3374; x_wconf 82' lang='lat' dir='ltr'>principio,</span> <span class='ocrx_word' id='word_1_274' title='bbox 1215 3324 1324 3357; x_wconf 87' lang='lat' dir='ltr'>cum</span> <span class='ocrx_word' id='word_1_275' title='bbox 1359 3310 1472 3357; x_wconf 81' lang='lat' dir='ltr'>data</span> 
     </span>
     <span class='ocr_line' id='line_1_43' title="bbox 411 3372 1470 3441; baseline -0.001 -19"><span class='ocrx_word' id='word_1_276' title='bbox 411 3383 485 3427; x_wconf 76' lang='lat' dir='ltr'>est</span> <span class='ocrx_word' id='word_1_277' title='bbox 517 3374 611 3425; x_wconf 83' lang='lat' dir='ltr'>He.</span> <span class='ocrx_word' id='word_1_278' title='bbox 634 3376 708 3441; x_wconf 79' lang='lat' dir='ltr'>iii,</span> <span class='ocrx_word' id='word_1_279' title='bbox 729 3380 777 3424; x_wconf 75' lang='grc'>3.</span> <span class='ocrx_word' id='word_1_280' title='bbox 799 3379 882 3424; x_wconf 90' lang='grc'>21.</span> <span class='ocrx_word' id='word_1_281' title='bbox 905 3380 964 3423; x_wconf 82' lang='lat'>51</span> <span class='ocrx_word' id='word_1_282' title='bbox 1023 3372 1117 3421; x_wconf 85' lang='lat' dir='ltr'>Sed</span> <span class='ocrx_word' id='word_1_283' title='bbox 1161 3374 1276 3437; x_wconf 87' lang='lat' dir='ltr'>quid</span> <span class='ocrx_word' id='word_1_284' title='bbox 1316 3387 1470 3423; x_wconf 79' lang='lat' dir='ltr'>cessas</span> 
     </span>
     <span class='ocr_line' id='line_1_44' title="bbox 413 3436 1470 3501; baseline -0.003 -13"><span class='ocrx_word' id='word_1_285' title='bbox 413 3440 652 3488; x_wconf 80' lang='lat' dir='ltr'>hominem</span> <span class='ocrx_word' id='word_1_286' title='bbox 685 3441 838 3496; x_wconf 71' lang='lat' dir='ltr'>adire,</span> <span class='ocrx_word' id='word_1_287' title='bbox 871 3446 922 3487; x_wconf 87' lang='lat' dir='ltr'>et</span> <span class='ocrx_word' id='word_1_288' title='bbox 951 3438 1124 3487; x_wconf 74' lang='lat' dir='ltr'>blande</span> <span class='ocrx_word' id='word_1_289' title='bbox 1145 3436 1199 3487; x_wconf 87' lang='lat' dir='ltr'>in</span> <span class='ocrx_word' id='word_1_290' title='bbox 1236 3438 1470 3501; x_wconf 88' lang='lat' dir='ltr'>principio</span> 
     </span>
     <span class='ocr_line' id='line_1_45' title="bbox 411 3502 1464 3568; baseline -0.002 -17"><span class='ocrx_word' id='word_1_291' title='bbox 411 3506 622 3568; x_wconf 79' lang='lat' dir='ltr'>alloqui?</span> <span class='ocrx_word' id='word_1_292' title='bbox 659 3506 748 3553; x_wconf 84' lang='lat' dir='ltr'>Ph.</span> <span class='ocrx_word' id='word_1_293' title='bbox 771 3504 825 3561; x_wconf 81' lang='lat' dir='ltr'>ii,</span> <span class='ocrx_word' id='word_1_294' title='bbox 851 3509 898 3553; x_wconf 84' lang='lat'>1.</span> <span class='ocrx_word' id='word_1_295' title='bbox 921 3507 986 3555; x_wconf 83' lang='grc'>22</span> <span class='ocrx_word' id='word_1_296' title='bbox 1015 3502 1146 3565; x_wconf 76' lang='lat' dir='ltr'>Ego,</span> <span class='ocrx_word' id='word_1_297' title='bbox 1178 3502 1350 3565; x_wconf 87' lang='lat' dir='ltr'>inquit,</span> <span class='ocrx_word' id='word_1_298' title='bbox 1363 3502 1464 3565; x_wconf 85' lang='lat' dir='ltr'>jam</span> 
     </span>
    </p>
   </div>
   <div class='ocr_carea' id='block_1_5' title="bbox 325 3565 1469 3633">
    <p class='ocr_par' dir='ltr' id='par_1_7' title="bbox 325 3565 1469 3633">
     <span class='ocr_line' id='line_1_46' title="bbox 325 3565 1469 3633; baseline 0.001 -20"><span class='ocrx_word' id='word_1_299' title='bbox 325 3602 330 3606; x_wconf 86' lang='lat'><strong>.</strong></span> <span class='ocrx_word' id='word_1_300' title='bbox 412 3575 440 3613; x_wconf 75' lang='lat' dir='ltr'>a</span> <span class='ocrx_word' id='word_1_301' title='bbox 475 3570 624 3633; x_wconf 85' lang='lat' dir='ltr'>princi</span> <span class='ocrx_word' id='word_1_302' title='bbox 661 3570 708 3617; x_wconf 88' lang='lat' dir='ltr'>io</span> <span class='ocrx_word' id='word_1_303' title='bbox 741 3568 881 3617; x_wconf 85' lang='lat' dir='ltr'>amici</span> <span class='ocrx_word' id='word_1_304' title='bbox 917 3566 1093 3623; x_wconf 62' lang='lat' dir='ltr'>fliium·</span> <span class='ocrx_word' id='word_1_305' title='bbox 1114 3565 1242 3613; x_wconf 81' lang='lat' dir='ltr'>volui</span> <span class='ocrx_word' id='word_1_306' title='bbox 1279 3583 1469 3615; x_wconf 79' lang='lat' dir='ltr'>uxorem</span> 
     </span>
    </p>
   </div>
   <div class='ocr_carea' id='block_1_6' title="bbox 357 3632 1471 4411">
    <p class='ocr_par' dir='ltr' id='par_1_8' title="bbox 413 3632 1471 3825">
     <span class='ocr_line' id='line_1_47' title="bbox 413 3632 1471 3695; baseline 0.001 -18"><span class='ocrx_word' id='word_1_307' title='bbox 413 3632 585 3681; x_wconf 79' lang='lat' dir='ltr'>ducere</span> <span class='ocrx_word' id='word_1_308' title='bbox 660 3636 706 3684; x_wconf 83' lang='lat' dir='ltr'>h.</span> <span class='ocrx_word' id='word_1_309' title='bbox 730 3634 796 3695; x_wconf 79' lang='lat' dir='ltr'>iv,</span> <span class='ocrx_word' id='word_1_310' title='bbox 818 3637 868 3682; x_wconf 80' lang='grc'>8.</span> <span class='ocrx_word' id='word_1_311' title='bbox 889 3636 951 3681; x_wconf 75' lang='grc'>45</span> <span class='ocrx_word' id='word_1_312' title='bbox 1008 3632 1145 3679; x_wconf 86' lang='lat' dir='ltr'>Bene</span> <span class='ocrx_word' id='word_1_313' title='bbox 1177 3632 1353 3681; x_wconf 81' lang='lat' dir='ltr'>habent</span> <span class='ocrx_word' id='word_1_314' title='bbox 1385 3632 1471 3679; x_wconf 85' lang='lat' dir='ltr'>tibi</span> 
     </span>
     <span class='ocr_line' id='line_1_48' title="bbox 413 3696 1468 3761; baseline 0.001 -19"><span class='ocrx_word' id='word_1_315' title='bbox 413 3696 648 3760; x_wconf 76' lang='lat' dir='ltr'>principia</span> <span class='ocrx_word' id='word_1_316' title='bbox 680 3698 769 3745; x_wconf 79' lang='lat' dir='ltr'>Ph.</span> <span class='ocrx_word' id='word_1_317' title='bbox 791 3698 846 3761; x_wconf 77' lang='lat' dir='ltr'>ii,</span> <span class='ocrx_word' id='word_1_318' title='bbox 869 3702 918 3747; x_wconf 74' lang='lat'>3.</span> <span class='ocrx_word' id='word_1_319' title='bbox 939 3700 1004 3746; x_wconf 86' lang='grc'>82</span> <span class='ocrx_word' id='word_1_320' title='bbox 1037 3696 1118 3746; x_wconf 81' lang='lat' dir='ltr'>Sic</span> <span class='ocrx_word' id='word_1_321' title='bbox 1139 3697 1316 3745; x_wconf 82' lang='lat' dir='ltr'>habent</span> <span class='ocrx_word' id='word_1_322' title='bbox 1340 3696 1468 3761; x_wconf 84' lang='lat' dir='ltr'>prin-</span> 
     </span>
     <span class='ocr_line' id='line_1_49' title="bbox 413 3760 1251 3825; baseline 0.002 -18"><span class='ocrx_word' id='word_1_323' title='bbox 413 3760 542 3825; x_wconf 74' lang='lat' dir='ltr'>cipia</span> <span class='ocrx_word' id='word_1_324' title='bbox 563 3776 682 3822; x_wconf 84' lang='lat' dir='ltr'>sese,</span> <span class='ocrx_word' id='word_1_325' title='bbox 706 3770 758 3809; x_wconf 83' lang='lat' dir='ltr'>ut</span> <span class='ocrx_word' id='word_1_326' title='bbox 775 3763 884 3810; x_wconf 83' lang='lat' dir='ltr'>dico</span> <span class='ocrx_word' id='word_1_327' title='bbox 917 3762 1006 3809; x_wconf 90' lang='lat' dir='ltr'>Ph.</span> <span class='ocrx_word' id='word_1_328' title='bbox 1024 3760 1094 3816; x_wconf 83' lang='lat' dir='ltr'>iii,</span> <span class='ocrx_word' id='word_1_329' title='bbox 1119 3764 1166 3809; x_wconf 85' lang='lat'>1.</span> <span class='ocrx_word' id='word_1_330' title='bbox 1190 3764 1251 3809; x_wconf 78' lang='lat'>15</span> 
     </span>
    </p>

    <p class='ocr_par' dir='ltr' id='par_1_9' title="bbox 357 3824 1470 4411">
     <span class='ocr_line' id='line_1_50' title="bbox 479 3824 1467 3890; baseline -0.003 -16"><span class='ocrx_word' id='word_1_331' title='bbox 479 3826 630 3881; x_wconf 74' lang='grc' dir='ltr'><strong>Ρτὶοτ.</strong></span> <span class='ocrx_word' id='word_1_332' title='bbox 673 3842 745 3877; x_wconf 88' lang='lat' dir='ltr'>us.</span> <span class='ocrx_word' id='word_1_333' title='bbox 807 3826 1108 3890; x_wconf 76' lang='lat' dir='ltr'>Responsum</span> <span class='ocrx_word' id='word_1_334' title='bbox 1151 3840 1249 3875; x_wconf 83' lang='lat' dir='ltr'>non</span> <span class='ocrx_word' id='word_1_335' title='bbox 1285 3824 1467 3871; x_wconf 86' lang='lat' dir='ltr'>dictum</span> 
     </span>
     <span class='ocr_line' id='line_1_51' title="bbox 413 3887 1466 3955; baseline -0.004 -16"><span class='ocrx_word' id='word_1_336' title='bbox 413 3894 533 3947; x_wconf 67' lang='lat' dir='ltr'>esse,</span> <span class='ocrx_word' id='word_1_337' title='bbox 557 3891 668 3955; x_wconf 80' lang='lat' dir='ltr'>quia</span> <span class='ocrx_word' id='word_1_338' title='bbox 689 3890 813 3939; x_wconf 77' lang='lat' dir='ltr'>laesit</span> <span class='ocrx_word' id='word_1_339' title='bbox 845 3890 970 3953; x_wconf 84' lang='lat' dir='ltr'>prior</span> <span class='ocrx_word' id='word_1_340' title='bbox 1001 3890 1096 3939; x_wconf 83' lang='lat' dir='ltr'>Eu.</span> <span class='ocrx_word' id='word_1_341' title='bbox 1119 3890 1248 3938; x_wconf 73' lang='lat' dir='ltr'><strong>Ptol.</strong></span> <span class='ocrx_word' id='word_1_342' title='bbox 1271 3894 1305 3939; x_wconf 98' lang='grc'>6</span> <span class='ocrx_word' id='word_1_343' title='bbox 1357 3887 1466 3937; x_wconf 71' lang='lat' dir='ltr'>Jan&#39;:</span> 
     </span>
     <span class='ocr_line' id='line_1_52' title="bbox 411 3954 1466 4022; baseline -0.002 -17"><span class='ocrx_word' id='word_1_344' title='bbox 411 3957 540 4022; x_wconf 81' lang='lat' dir='ltr'>prior</span> <span class='ocrx_word' id='word_1_345' title='bbox 558 3968 690 4005; x_wconf 71' lang='lat' dir='ltr'>vannor</span> <span class='ocrx_word' id='word_1_346' title='bbox 711 3969 785 4001; x_wconf 88' lang='lat' dir='ltr'>me</span> <span class='ocrx_word' id='word_1_347' title='bbox 818 3955 879 4001; x_wconf 75' lang='lat' dir='ltr'>ad</span> <span class='ocrx_word' id='word_1_348' title='bbox 903 3955 1024 4003; x_wconf 80' lang='lat' dir='ltr'>hanc</span> <span class='ocrx_word' id='word_1_349' title='bbox 1043 3968 1140 4001; x_wconf 87' lang='lat' dir='ltr'>rem</span> <span class='ocrx_word' id='word_1_350' title='bbox 1163 3954 1466 4003; x_wconf 83' lang='lat' dir='ltr'>exercitatum</span> 
     </span>
     <span class='ocr_line' id='line_1_53' title="bbox 409 4015 1468 4075; baseline -0.003 -7"><span class='ocrx_word' id='word_1_351' title='bbox 409 4020 622 4068; x_wconf 77' lang='lat' dir='ltr'>reddidit</span> <span class='ocrx_word' id='word_1_352' title='bbox 653 4020 746 4067; x_wconf 88' lang='lat' dir='ltr'>He.</span> <span class='ocrx_word' id='word_1_353' title='bbox 765 4018 842 4075; x_wconf 86' lang='lat' dir='ltr'>iii,</span> <span class='ocrx_word' id='word_1_354' title='bbox 863 4022 911 4067; x_wconf 83' lang='grc'>8.</span> <span class='ocrx_word' id='word_1_355' title='bbox 933 4023 997 4067; x_wconf 84' lang='grc'>47</span> <span class='ocrx_word' id='word_1_356' title='bbox 1051 4018 1202 4067; x_wconf 85' lang='lat' dir='ltr'>Vetus</span> <span class='ocrx_word' id='word_1_357' title='bbox 1237 4016 1277 4065; x_wconf 86' lang='lat' dir='ltr'>si</span> <span class='ocrx_word' id='word_1_358' title='bbox 1312 4015 1468 4068; x_wconf 61' lang='lat' dir='ltr'>Poeta</span> 
     </span>
     <span class='ocr_line' id='line_1_54' title="bbox 411 4079 1466 4147; baseline -0.004 -15"><span class='ocrx_word' id='word_1_359' title='bbox 411 4096 510 4135; x_wconf 82' lang='lat' dir='ltr'>non</span> <span class='ocrx_word' id='word_1_360' title='bbox 530 4084 792 4135; x_wconf 70' lang='lat' dir='ltr'>lacessisset</span> <span class='ocrx_word' id='word_1_361' title='bbox 813 4082 936 4147; x_wconf 83' lang='lat' dir='ltr'>prior</span> <span class='ocrx_word' id='word_1_362' title='bbox 957 4082 1046 4132; x_wconf 90' lang='lat' dir='ltr'>Ph.</span> <span class='ocrx_word' id='word_1_363' title='bbox 1071 4083 1200 4131; x_wconf 89' lang='lat' dir='ltr'>Prol.</span> <span class='ocrx_word' id='word_1_364' title='bbox 1225 4088 1289 4132; x_wconf 84' lang='lat'>14</span> <span class='ocrx_word' id='word_1_365' title='bbox 1321 4079 1466 4129; x_wconf 84' lang='lat' dir='ltr'>Nune</span> 
     </span>
     <span class='ocr_line' id='line_1_55' title="bbox 357 4145 1466 4213; baseline -0.004 -16"><span class='ocrx_word' id='word_1_366' title='bbox 357 4161 361 4163; x_wconf 79' lang='grc'><em>·</em></span> <span class='ocrx_word' id='word_1_367' title='bbox 413 4152 540 4213; x_wconf 85' lang='lat' dir='ltr'>prior</span> <span class='ocrx_word' id='word_1_368' title='bbox 561 4150 690 4198; x_wconf 82' lang='lat' dir='ltr'>adito</span> <span class='ocrx_word' id='word_1_369' title='bbox 714 4156 798 4211; x_wconf 82' lang='lat' dir='ltr'>tu3</span> <span class='ocrx_word' id='word_1_370' title='bbox 832 4162 922 4213; x_wconf 81' lang='lat' dir='ltr'>ego</span> <span class='ocrx_word' id='word_1_371' title='bbox 956 4147 1008 4195; x_wconf 90' lang='lat' dir='ltr'>in</span> <span class='ocrx_word' id='word_1_372' title='bbox 1031 4145 1248 4197; x_wconf 83' lang='lat' dir='ltr'>subsidiis</span> <span class='ocrx_word' id='word_1_373' title='bbox 1285 4146 1363 4193; x_wconf 89' lang='lat' dir='ltr'>hic</span> <span class='ocrx_word' id='word_1_374' title='bbox 1386 4160 1466 4194; x_wconf 89' lang='lat' dir='ltr'>ero</span> 
     </span>
     <span class='ocr_line' id='line_1_56' title="bbox 403 4210 1466 4273; baseline -0.007 -7"><span class='ocrx_word' id='word_1_375' title='bbox 403 4216 786 4265; x_wconf 65' lang='lat' dir='ltr'>succenturiatus</span> <span class='ocrx_word' id='word_1_376' title='bbox 819 4213 911 4262; x_wconf 85' lang='lat' dir='ltr'>Ph.</span> <span class='ocrx_word' id='word_1_377' title='bbox 931 4212 968 4273; x_wconf 82' lang='lat' dir='ltr'>i,</span> <span class='ocrx_word' id='word_1_378' title='bbox 991 4217 1041 4263; x_wconf 97' lang='grc'>4.</span> <span class='ocrx_word' id='word_1_379' title='bbox 1059 4216 1130 4261; x_wconf 78' lang='grc'>’52</span> <span class='ocrx_word' id='word_1_380' title='bbox 1163 4210 1296 4259; x_wconf 81' lang='lat' dir='ltr'>Prior</span> <span class='ocrx_word' id='word_1_381' title='bbox 1315 4210 1466 4269; x_wconf 81' lang='lat' dir='ltr'>bibas,</span> 
     </span>
     <span class='ocr_line' id='line_1_57' title="bbox 417 4272 1468 4341; baseline 0.002 -18"><span class='ocrx_word' id='word_1_382' title='bbox 417 4278 542 4341; x_wconf 84' lang='lat' dir='ltr'>prior</span> <span class='ocrx_word' id='word_1_383' title='bbox 573 4278 830 4329; x_wconf 82' lang='lat' dir='ltr'>decumbas</span> <span class='ocrx_word' id='word_1_384' title='bbox 875 4272 1043 4333; x_wconf 61' lang='lat' dir='ltr'>Phlii‘,</span> <span class='ocrx_word' id='word_1_385' title='bbox 1065 4281 1116 4327; x_wconf 89' lang='grc'>2.</span> <span class='ocrx_word' id='word_1_386' title='bbox 1137 4280 1202 4325; x_wconf 82' lang='grc'>28</span> <span class='ocrx_word' id='word_1_387' title='bbox 1258 4276 1330 4323; x_wconf 86' lang='lat' dir='ltr'>si·</span> <span class='ocrx_word' id='word_1_388' title='bbox 1353 4274 1468 4325; x_wconf 82' lang='lat' dir='ltr'>mihi</span> 
     </span>
     <span class='ocr_line' id='line_1_58' title="bbox 419 4340 1470 4411; baseline 0 -22"><span class='ocrx_word' id='word_1_389' title='bbox 419 4343 544 4406; x_wconf 85' lang='lat' dir='ltr'>prior</span> <span class='ocrx_word' id='word_1_390' title='bbox 563 4352 616 4391; x_wconf 79' lang='lat' dir='ltr'>tu</span> <span class='ocrx_word' id='word_1_391' title='bbox 655 4344 864 4411; x_wconf 79' lang='lat' dir='ltr'>attuleris</span> <span class='ocrx_word' id='word_1_392' title='bbox 899 4342 1198 4409; x_wconf 76' lang='lat' dir='ltr'>(argentum)</span> <span class='ocrx_word' id='word_1_393' title='bbox 1233 4340 1470 4407; x_wconf 76' lang='lat' dir='ltr'>Phaedria,</span> 
     </span>
    </p>
   </div>
   <div class='ocr_carea' id='block_1_7' title="bbox 2360 432 2615 516">
    <p class='ocr_par' dir='ltr' id='par_1_10' title="bbox 2360 432 2615 516">
     <span class='ocr_line' id='line_1_59' title="bbox 2360 432 2615 516; baseline 0.012 -17"><span class='ocrx_word' id='word_1_394' title='bbox 2360 432 2615 516; x_wconf 66' lang='lat' dir='ltr'>celsivii</span> 
     </span>
    </p>
   </div>
   <div class='ocr_carea' id='block_1_8' title="bbox 1537 597 2613 4406">
    <p class='ocr_par' dir='ltr' id='par_1_11' title="bbox 1537 597 2613 4406">
     <span class='ocr_line' id='line_1_60' title="bbox 1554 597 2612 666; baseline 0.004 -20"><span class='ocrx_word' id='word_1_395' title='bbox 1554 613 1661 650; x_wconf 80' lang='lat' dir='ltr'>mea</span> <span class='ocrx_word' id='word_1_396' title='bbox 1672 599 1784 662; x_wconf 79' lang='lat' dir='ltr'>-iege</span> <span class='ocrx_word' id='word_1_397' title='bbox 1806 603 1943 659; x_wconf 71' lang='grc' dir='ltr'>ιιως</span> <span class='ocrx_word' id='word_1_398' title='bbox 1978 605 2031 646; x_wconf 75' lang='lat' dir='ltr'>ut</span> <span class='ocrx_word' id='word_1_399' title='bbox 2063 597 2217 664; x_wconf 75' lang='lat' dir='ltr'>potior</span> <span class='ocrx_word' id='word_1_400' title='bbox 2254 599 2331 656; x_wconf 81' lang='lat' dir='ltr'>sit,</span> <span class='ocrx_word' id='word_1_401' title='bbox 2368 601 2452 666; x_wconf 83' lang='lat' dir='ltr'>qui</span> <span class='ocrx_word' id='word_1_402' title='bbox 2518 603 2612 650; x_wconf 83' lang='lat' dir='ltr'>rior</span> 
     </span>
     <span class='ocr_line' id='line_1_61' title="bbox 1555 663 2611 720; baseline 0.002 -8"><span class='ocrx_word' id='word_1_403' title='bbox 1555 667 1617 712; x_wconf 78' lang='lat' dir='ltr'>ad</span> <span class='ocrx_word' id='word_1_404' title='bbox 1642 665 1850 714; x_wconf 83' lang='lat' dir='ltr'>dandum</span> <span class='ocrx_word' id='word_1_405' title='bbox 1872 673 1947 712; x_wconf 77' lang='lat' dir='ltr'>est</span> <span class='ocrx_word' id='word_1_406' title='bbox 1978 663 2069 713; x_wconf 75' lang='lat' dir='ltr'>Ph.</span> <span class='ocrx_word' id='word_1_407' title='bbox 2096 663 2163 720; x_wconf 79' lang='lat' dir='ltr'>iii,</span> <span class='ocrx_word' id='word_1_408' title='bbox 2182 669 2234 714; x_wconf 89' lang='grc'>2.</span> <span class='ocrx_word' id='word_1_409' title='bbox 2257 668 2338 712; x_wconf 88' lang='grc'>47.</span> <span class='ocrx_word' id='word_1_410' title='bbox 2356 668 2420 713; x_wconf 83' lang='grc'>48</span> <span class='ocrx_word' id='word_1_411' title='bbox 2542 670 2611 714; x_wconf 77' lang='lat' dir='ltr'>io·</span> 
     </span>
     <span class='ocr_line' id='line_1_62' title="bbox 1555 728 2612 790; baseline 0.002 -13"><span class='ocrx_word' id='word_1_412' title='bbox 1555 743 1652 778; x_wconf 87' lang='lat' dir='ltr'>rem</span> <span class='ocrx_word' id='word_1_413' title='bbox 1690 746 1792 780; x_wconf 84' lang='lat' dir='ltr'>esse</span> <span class='ocrx_word' id='word_1_414' title='bbox 1813 728 1981 788; x_wconf 80' lang='lat' dir='ltr'>illum3</span> <span class='ocrx_word' id='word_1_415' title='bbox 2015 744 2110 779; x_wconf 88' lang='lat' dir='ltr'>non</span> <span class='ocrx_word' id='word_1_416' title='bbox 2146 735 2358 790; x_wconf 75' lang='lat' dir='ltr'>oportere</span> <span class='ocrx_word' id='word_1_417' title='bbox 2379 728 2489 778; x_wconf 88' lang='lat' dir='ltr'>huie</span> <span class='ocrx_word' id='word_1_418' title='bbox 2510 733 2612 780; x_wconf 80' lang='lat' dir='ltr'>dari</span> 
     </span>
     <span class='ocr_line' id='line_1_63' title="bbox 1555 791 2612 858; baseline 0.002 -16"><span class='ocrx_word' id='word_1_419' title='bbox 1555 795 1653 842; x_wconf 87' lang='lat' dir='ltr'>Ad.</span> <span class='ocrx_word' id='word_1_420' title='bbox 1674 795 1739 850; x_wconf 82' lang='lat' dir='ltr'>iv,</span> <span class='ocrx_word' id='word_1_421' title='bbox 1762 801 1810 843; x_wconf 73' lang='grc'>5.</span> <span class='ocrx_word' id='word_1_422' title='bbox 1832 799 1893 844; x_wconf 80' lang='grc'>25</span> <span class='ocrx_word' id='word_1_423' title='bbox 1940 795 2063 841; x_wconf 80' lang='lat' dir='ltr'>Sine</span> <span class='ocrx_word' id='word_1_424' title='bbox 2096 791 2227 840; x_wconf 82' lang='lat' dir='ltr'>inum</span> <span class='ocrx_word' id='word_1_425' title='bbox 2266 794 2435 858; x_wconf 75' lang='lat' dir='ltr'>priores</span> <span class='ocrx_word' id='word_1_426' title='bbox 2460 805 2612 856; x_wconf 79' lang='lat' dir='ltr'>partes</span> 
     </span>
     <span class='ocr_line' id='line_1_64' title="bbox 1553 858 2609 924; baseline 0.003 -18"><span class='ocrx_word' id='word_1_427' title='bbox 1553 859 1697 908; x_wconf 85' lang='lat' dir='ltr'>hosce</span> <span class='ocrx_word' id='word_1_428' title='bbox 1719 858 1901 923; x_wconf 75' lang='lat' dir='ltr'>aliquot</span> <span class='ocrx_word' id='word_1_429' title='bbox 1922 858 2022 906; x_wconf 87' lang='lat' dir='ltr'>dies</span> <span class='ocrx_word' id='word_1_430' title='bbox 2044 859 2173 924; x_wconf 78' lang='lat' dir='ltr'>apud</span> <span class='ocrx_word' id='word_1_431' title='bbox 2206 873 2281 906; x_wconf 86' lang='lat' dir='ltr'>me</span> <span class='ocrx_word' id='word_1_432' title='bbox 2316 859 2485 905; x_wconf 76' lang='lat' dir='ltr'>habere</span> <span class='ocrx_word' id='word_1_433' title='bbox 2518 859 2609 910; x_wconf 85' lang='lat' dir='ltr'>Eu.</span> 
     </span>
     <span class='ocr_line' id='line_1_65' title="bbox 1555 921 2609 1038; baseline 0.004 -68"><span class='ocrx_word' id='word_1_434' title='bbox 1555 925 1590 990; x_wconf 80' lang='lat' dir='ltr'>i,</span> <span class='ocrx_word' id='word_1_435' title='bbox 1610 929 1659 972; x_wconf 94' lang='grc'>2.</span> <span class='ocrx_word' id='word_1_436' title='bbox 1682 929 1743 974; x_wconf 81' lang='grc'>71</span> <span class='ocrx_word' id='word_1_437' title='bbox 1800 924 1852 970; x_wconf 74' lang='lat' dir='ltr'>Si</span> <span class='ocrx_word' id='word_1_438' title='bbox 1890 922 2083 1038; x_wconf 53' lang='lat' dir='ltr'>quidem</span> <span class='ocrx_word' id='word_1_439' title='bbox 2124 921 2277 970; x_wconf 80' lang='lat' dir='ltr'>hercle</span> <span class='ocrx_word' id='word_1_440' title='bbox 2298 921 2470 984; x_wconf 85' lang='lat' dir='ltr'>possis,</span> <span class='ocrx_word' id='word_1_441' title='bbox 2492 923 2609 974; x_wconf 79' lang='lat' dir='ltr'>nihil</span> 
     </span>
     <span class='ocr_line' id='line_1_66' title="bbox 1591 986 2613 1051; baseline 0.003 -17"><span class='ocrx_word' id='word_1_442' title='bbox 1591 989 1700 1044; x_wconf 87' lang='lat' dir='ltr'>rius,</span> <span class='ocrx_word' id='word_1_443' title='bbox 1723 1003 1878 1051; x_wconf 87' lang='lat' dir='ltr'>neque</span> <span class='ocrx_word' id='word_1_444' title='bbox 1920 988 2065 1034; x_wconf 88' lang='lat' dir='ltr'>ortius</span> <span class='ocrx_word' id='word_1_445' title='bbox 2086 987 2179 1036; x_wconf 85' lang='lat' dir='ltr'>Eu.</span> <span class='ocrx_word' id='word_1_446' title='bbox 2198 986 2235 1041; x_wconf 85' lang='lat' dir='ltr'>i,</span> <span class='ocrx_word' id='word_1_447' title='bbox 2254 989 2300 1037; x_wconf 90' lang='lat'>1.</span> <span class='ocrx_word' id='word_1_448' title='bbox 2317 993 2345 1036; x_wconf 75' lang='lat'>5</span> <span class='ocrx_word' id='word_1_449' title='bbox 2382 987 2510 1034; x_wconf 66' lang='lat' dir='ltr'>otim</span> <span class='ocrx_word' id='word_1_450' title='bbox 2536 989 2613 1039; x_wconf 85' lang='lat' dir='ltr'>isti</span> 
     </span>
     <span class='ocr_line' id='line_1_67' title="bbox 1606 1052 2613 1118; baseline -0.004 -18"><span class='ocrx_word' id='word_1_451' title='bbox 1606 1053 1648 1100; x_wconf 89' lang='lat' dir='ltr'>it</span> <span class='ocrx_word' id='word_1_452' title='bbox 1684 1053 1844 1118; x_wconf 77' lang='lat' dir='ltr'>generi</span> <span class='ocrx_word' id='word_1_453' title='bbox 1914 1052 2115 1100; x_wconf 79' lang='lat' dir='ltr'>uondsm</span> <span class='ocrx_word' id='word_1_454' title='bbox 2140 1059 2346 1114; x_wconf 67' lang='lat' dir='ltr'>quaestus</span> <span class='ocrx_word' id='word_1_455' title='bbox 2380 1053 2507 1116; x_wconf 87' lang='lat' dir='ltr'>apud</span> <span class='ocrx_word' id='word_1_456' title='bbox 2540 1070 2613 1102; x_wconf 80' lang='lat' dir='ltr'>se.</span> 
     </span>
     <span class='ocr_line' id='line_1_68' title="bbox 1555 1069 2378 1180; baseline -0.004 -14"><span class='ocrx_word' id='word_1_457' title='bbox 1555 1117 1680 1166; x_wconf 80' lang='lat' dir='ltr'>cium</span> <span class='ocrx_word' id='word_1_458' title='bbox 1706 1117 1832 1180; x_wconf 87' lang='lat' dir='ltr'>prius</span> <span class='ocrx_word' id='word_1_459' title='bbox 1866 1069 1958 1166; x_wconf 56' lang='lat' dir='ltr'>flu.</span> <span class='ocrx_word' id='word_1_460' title='bbox 1982 1117 2039 1178; x_wconf 87' lang='lat' dir='ltr'>ii,</span> <span class='ocrx_word' id='word_1_461' title='bbox 2060 1121 2111 1164; x_wconf 89' lang='grc'>2.</span> <span class='ocrx_word' id='word_1_462' title='bbox 2136 1121 2193 1164; x_wconf 80' lang='grc'>15</span> <span class='ocrx_word' id='word_1_463' title='bbox 2370 1117 2378 1128; x_wconf 78' lang='grc'><em>“</em></span> 
     </span>
     <span class='ocr_line' id='line_1_69' title="bbox 1620 1181 2613 1245; baseline 0.001 -16"><span class='ocrx_word' id='word_1_464' title='bbox 1620 1181 1779 1229; x_wconf 85' lang='lat' dir='ltr'>Privo.</span> <span class='ocrx_word' id='word_1_465' title='bbox 1824 1181 2183 1244; x_wconf 76' lang='lat' dir='ltr'>Pamphilamne</span> <span class='ocrx_word' id='word_1_466' title='bbox 2198 1181 2285 1230; x_wconf 86' lang='lat' dir='ltr'>hae</span> <span class='ocrx_word' id='word_1_467' title='bbox 2306 1181 2420 1228; x_wconf 87' lang='lat' dir='ltr'>urbe</span> <span class='ocrx_word' id='word_1_468' title='bbox 2442 1181 2613 1245; x_wconf 75' lang='lat' dir='ltr'>privari</span> 
     </span>
     <span class='ocr_line' id='line_1_70' title="bbox 1553 1245 2090 1301; baseline 0.002 -8"><span class='ocrx_word' id='word_1_469' title='bbox 1553 1245 1714 1298; x_wconf 74' lang='lat' dir='ltr'>sines?</span> <span class='ocrx_word' id='word_1_470' title='bbox 1749 1245 1839 1294; x_wconf 85' lang='lat' dir='ltr'>Ph.</span> <span class='ocrx_word' id='word_1_471' title='bbox 1863 1245 1933 1301; x_wconf 87' lang='lat' dir='ltr'>iii,</span> <span class='ocrx_word' id='word_1_472' title='bbox 1955 1251 2004 1294; x_wconf 91' lang='grc'>2.</span> <span class='ocrx_word' id='word_1_473' title='bbox 2026 1249 2090 1294; x_wconf 77' lang='grc'>82</span> 
     </span>
     <span class='ocr_line' id='line_1_71' title="bbox 1616 1307 2613 1376; baseline -0.001 -16"><span class='ocrx_word' id='word_1_474' title='bbox 1616 1311 1771 1362; x_wconf 82' lang='lat' dir='ltr'>Prius.</span> <span class='ocrx_word' id='word_1_475' title='bbox 1832 1311 2135 1376; x_wconf 81' lang='lat' dir='ltr'>Spectandae‚</span> <span class='ocrx_word' id='word_1_476' title='bbox 2170 1325 2228 1356; x_wconf 79' lang='lat' dir='ltr'>an</span> <span class='ocrx_word' id='word_1_477' title='bbox 2252 1307 2496 1376; x_wconf 65' lang='lat' dir='ltr'>exigendae</span> <span class='ocrx_word' id='word_1_478' title='bbox 2518 1311 2613 1359; x_wconf 82' lang='lat' dir='ltr'>sint</span> 
     </span>
     <span class='ocr_line' id='line_1_72' title="bbox 1554 1373 2613 1442; baseline 0.006 -22"><span class='ocrx_word' id='word_1_479' title='bbox 1554 1377 1687 1426; x_wconf 79' lang='lat' dir='ltr'>vobis</span> <span class='ocrx_word' id='word_1_480' title='bbox 1730 1374 1859 1441; x_wconf 89' lang='lat' dir='ltr'>prius</span> <span class='ocrx_word' id='word_1_481' title='bbox 1908 1375 1970 1423; x_wconf 94' lang='lat' dir='ltr'>A.</span> <span class='ocrx_word' id='word_1_482' title='bbox 1998 1375 2121 1422; x_wconf 80' lang='lat' dir='ltr'>Prol.</span> <span class='ocrx_word' id='word_1_483' title='bbox 2144 1379 2207 1424; x_wconf 88' lang='grc'>27</span> <span class='ocrx_word' id='word_1_484' title='bbox 2263 1373 2439 1423; x_wconf 88' lang='lat' dir='ltr'>Nonne</span> <span class='ocrx_word' id='word_1_485' title='bbox 2472 1377 2613 1442; x_wconf 76' lang='lat' dir='ltr'>prius</span> 
     </span>
     <span class='ocr_line' id='line_1_73' title="bbox 1552 1439 2610 1506; baseline -0.002 -18"><span class='ocrx_word' id='word_1_486' title='bbox 1552 1441 1949 1488; x_wconf 78' lang='lat' dir='ltr'>communicatum</span> <span class='ocrx_word' id='word_1_487' title='bbox 1974 1439 2217 1502; x_wconf 79' lang='lat' dir='ltr'>oportuit?</span> <span class='ocrx_word' id='word_1_488' title='bbox 2269 1439 2413 1498; x_wconf 85' lang='lat' dir='ltr'>Quod</span> <span class='ocrx_word' id='word_1_489' title='bbox 2448 1439 2488 1488; x_wconf 87' lang='lat' dir='ltr'>si</span> <span class='ocrx_word' id='word_1_490' title='bbox 2521 1455 2610 1506; x_wconf 76' lang='lat' dir='ltr'>ego</span> 
     </span>
     <span class='ocr_line' id='line_1_74' title="bbox 1551 1503 2612 1567; baseline 0 -15"><span class='ocrx_word' id='word_1_491' title='bbox 1551 1505 1795 1561; x_wconf 70' lang='lat' dir='ltr'>rescissem</span> <span class='ocrx_word' id='word_1_492' title='bbox 1832 1505 1879 1554; x_wconf 88' lang='lat' dir='ltr'>id</span> <span class='ocrx_word' id='word_1_493' title='bbox 1913 1505 2041 1567; x_wconf 83' lang='lat' dir='ltr'>prius</span> <span class='ocrx_word' id='word_1_494' title='bbox 2078 1503 2138 1550; x_wconf 89' lang='lat' dir='ltr'>A.</span> <span class='ocrx_word' id='word_1_495' title='bbox 2160 1504 2195 1566; x_wconf 85' lang='lat' dir='ltr'>i,</span> <span class='ocrx_word' id='word_1_496' title='bbox 2214 1509 2263 1552; x_wconf 78' lang='lat'>6.</span> <span class='ocrx_word' id='word_1_497' title='bbox 2286 1509 2333 1556; x_wconf 87' lang='grc'>4.</span> <span class='ocrx_word' id='word_1_498' title='bbox 2356 1507 2419 1558; x_wconf 75' lang='grc'>23</span> <span class='ocrx_word' id='word_1_499' title='bbox 2470 1503 2612 1554; x_wconf 84' lang='lat' dir='ltr'>More</span> 
     </span>
     <span class='ocr_line' id='line_1_75' title="bbox 1551 1568 2613 1634; baseline 0.004 -18"><span class='ocrx_word' id='word_1_500' title='bbox 1551 1569 1795 1618; x_wconf 81' lang='lat' dir='ltr'>hominum</span> <span class='ocrx_word' id='word_1_501' title='bbox 1832 1569 2010 1630; x_wconf 82' lang='lat' dir='ltr'>evenit,</span> <span class='ocrx_word' id='word_1_502' title='bbox 2048 1576 2103 1618; x_wconf 87' lang='lat' dir='ltr'>ut</span> <span class='ocrx_word' id='word_1_503' title='bbox 2140 1569 2268 1634; x_wconf 84' lang='lat' dir='ltr'>quod</span> <span class='ocrx_word' id='word_1_504' title='bbox 2314 1568 2401 1616; x_wconf 88' lang='lat' dir='ltr'>sim</span> <span class='ocrx_word' id='word_1_505' title='bbox 2442 1579 2613 1631; x_wconf 68' lang='lat' dir='ltr'>nactus</span> 
     </span>
     <span class='ocr_line' id='line_1_76' title="bbox 1552 1633 2613 1698; baseline -0.005 -16"><span class='ocrx_word' id='word_1_506' title='bbox 1552 1633 1683 1698; x_wconf 69' lang='lat' dir='ltr'>mali,</span> <span class='ocrx_word' id='word_1_507' title='bbox 1705 1635 1834 1697; x_wconf 87' lang='lat' dir='ltr'>prius</span> <span class='ocrx_word' id='word_1_508' title='bbox 1854 1633 2123 1684; x_wconf 81' lang='lat' dir='ltr'>rescisceres</span> <span class='ocrx_word' id='word_1_509' title='bbox 2144 1641 2214 1690; x_wconf 91' lang='lat' dir='ltr'>tu,</span> <span class='ocrx_word' id='word_1_510' title='bbox 2238 1647 2379 1695; x_wconf 86' lang='lat' dir='ltr'>qnam</span> <span class='ocrx_word' id='word_1_511' title='bbox 2414 1634 2475 1681; x_wconf 81' lang='lat' dir='ltr'>A.</span> <span class='ocrx_word' id='word_1_512' title='bbox 2499 1651 2543 1692; x_wconf 84' lang='lat' dir='ltr'>v,</span> <span class='ocrx_word' id='word_1_513' title='bbox 2562 1639 2613 1693; x_wconf 43' lang='grc' dir='ltr'>ομ</span> 
     </span>
     <span class='ocr_line' id='line_1_77' title="bbox 1552 1697 2612 1760; baseline -0.001 -12"><span class='ocrx_word' id='word_1_514' title='bbox 1552 1703 1584 1748; x_wconf 87' lang='grc'><strong>4</strong></span> <span class='ocrx_word' id='word_1_515' title='bbox 1643 1698 1847 1749; x_wconf 78' lang='lat' dir='ltr'>Causam</span> <span class='ocrx_word' id='word_1_516' title='bbox 1882 1697 2039 1746; x_wconf 84' lang='lat' dir='ltr'>dicere</span> <span class='ocrx_word' id='word_1_517' title='bbox 2062 1697 2208 1760; x_wconf 86' lang='lat' dir='ltr'>prius,</span> <span class='ocrx_word' id='word_1_518' title='bbox 2246 1699 2373 1746; x_wconf 90' lang='lat' dir='ltr'>unde</span> <span class='ocrx_word' id='word_1_519' title='bbox 2448 1700 2612 1751; x_wconf 78' lang='lat' dir='ltr'>etitur&#39;.</span> 
     </span>
     <span class='ocr_line' id='line_1_78' title="bbox 1551 1761 2611 1826; baseline 0.001 -15"><span class='ocrx_word' id='word_1_520' title='bbox 1551 1763 1648 1811; x_wconf 84' lang='lat' dir='ltr'>Sed</span> <span class='ocrx_word' id='word_1_521' title='bbox 1691 1778 1771 1814; x_wconf 80' lang='lat' dir='ltr'>eas</span> <span class='ocrx_word' id='word_1_522' title='bbox 1808 1761 2010 1812; x_wconf 80' lang='lat' dir='ltr'>Fabulas</span> <span class='ocrx_word' id='word_1_523' title='bbox 2044 1763 2191 1809; x_wconf 81' lang='lat' dir='ltr'>factas</span> <span class='ocrx_word' id='word_1_524' title='bbox 2232 1763 2360 1826; x_wconf 78' lang='lat' dir='ltr'>prius</span> <span class='ocrx_word' id='word_1_525' title='bbox 2422 1764 2611 1822; x_wconf 50' lang='lat' dir='ltr'>Atlans,</span> 
     </span>
     <span class='ocr_line' id='line_1_79' title="bbox 1553 1826 2609 1891; baseline 0.003 -17"><span class='ocrx_word' id='word_1_526' title='bbox 1553 1828 1696 1878; x_wconf 84' lang='lat' dir='ltr'>scisse</span> <span class='ocrx_word' id='word_1_527' title='bbox 1719 1843 1786 1878; x_wconf 83' lang='lat' dir='ltr'>se.</span> <span class='ocrx_word' id='word_1_528' title='bbox 1828 1827 2026 1878; x_wconf 76' lang='lat' dir='ltr'>Nullum</span> <span class='ocrx_word' id='word_1_529' title='bbox 2048 1835 2122 1874; x_wconf 80' lang='lat' dir='ltr'>est</span> <span class='ocrx_word' id='word_1_530' title='bbox 2136 1827 2237 1889; x_wconf 82' lang='lat' dir='ltr'>jam</span> <span class='ocrx_word' id='word_1_531' title='bbox 2260 1826 2458 1888; x_wconf 68' lang='lat' dir='ltr'>dicium,</span> <span class='ocrx_word' id='word_1_532' title='bbox 2480 1827 2609 1891; x_wconf 82' lang='lat' dir='ltr'>quod</span> 
     </span>
     <span class='ocr_line' id='line_1_80' title="bbox 1549 1887 2610 1956; baseline 0.005 -18"><span class='ocrx_word' id='word_1_533' title='bbox 1549 1907 1651 1946; x_wconf 74' lang='lat' dir='ltr'>non</span> <span class='ocrx_word' id='word_1_534' title='bbox 1684 1892 1865 1942; x_wconf 83' lang='lat' dir='ltr'>dictum</span> <span class='ocrx_word' id='word_1_535' title='bbox 1902 1893 1961 1938; x_wconf 87' lang='lat' dir='ltr'>sit</span> <span class='ocrx_word' id='word_1_536' title='bbox 1998 1890 2125 1956; x_wconf 88' lang='lat' dir='ltr'>prius</span> <span class='ocrx_word' id='word_1_537' title='bbox 2156 1891 2245 1938; x_wconf 87' lang='lat' dir='ltr'>Eu.</span> <span class='ocrx_word' id='word_1_538' title='bbox 2269 1887 2503 1956; x_wconf 37' lang='lat' dir='ltr'>Ptolgll.</span> <span class='ocrx_word' id='word_1_539' title='bbox 2524 1897 2610 1952; x_wconf 74' lang='grc'>33.</span> 
     </span>
     <span class='ocr_line' id='line_1_81' title="bbox 1549 1955 2613 2021; baseline 0 -15"><span class='ocrx_word' id='word_1_540' title='bbox 1549 1961 1612 2006; x_wconf 79' lang='grc'>41</span> <span class='ocrx_word' id='word_1_541' title='bbox 1651 1955 1753 2004; x_wconf 85' lang='lat' dir='ltr'>Hos</span> <span class='ocrx_word' id='word_1_542' title='bbox 1773 1957 1903 2021; x_wconf 88' lang='lat' dir='ltr'>prius</span> <span class='ocrx_word' id='word_1_543' title='bbox 1928 1957 2240 2011; x_wconf 81' lang='lat' dir='ltr'>introducam,</span> <span class='ocrx_word' id='word_1_544' title='bbox 2262 1963 2313 2004; x_wconf 88' lang='lat' dir='ltr'>et</span> <span class='ocrx_word' id='word_1_545' title='bbox 2336 1971 2442 2019; x_wconf 84' lang='lat' dir='ltr'>quae</span> <span class='ocrx_word' id='word_1_546' title='bbox 2482 1959 2613 2016; x_wconf 75' lang='lat' dir='ltr'>volo,</span> 
     </span>
     <span class='ocr_line' id='line_1_82' title="bbox 1551 2020 2611 2086; baseline 0.002 -18"><span class='ocrx_word' id='word_1_547' title='bbox 1551 2020 1690 2068; x_wconf 83' lang='lat' dir='ltr'>simul</span> <span class='ocrx_word' id='word_1_548' title='bbox 1734 2021 1973 2084; x_wconf 74' lang='lat' dir='ltr'>imperabo</span> <span class='ocrx_word' id='word_1_549' title='bbox 2000 2037 2013 2068; x_wconf 75' lang='grc' dir='ltr'><strong>ε</strong></span> <span class='ocrx_word' id='word_1_550' title='bbox 2068 2028 2177 2086; x_wconf 85' lang='lat' dir='ltr'>post</span> <span class='ocrx_word' id='word_1_551' title='bbox 2220 2021 2448 2070; x_wconf 86' lang='lat' dir='ltr'>continuo</span> <span class='ocrx_word' id='word_1_552' title='bbox 2492 2035 2611 2072; x_wconf 85' lang='lat' dir='ltr'>exeo</span> 
     </span>
     <span class='ocr_line' id='line_1_83' title="bbox 1550 2075 2609 2152; baseline 0.004 -21"><span class='ocrx_word' id='word_1_553' title='bbox 1550 2083 1643 2132; x_wconf 78' lang='lat' dir='ltr'>Eu.</span> <span class='ocrx_word' id='word_1_554' title='bbox 1664 2075 1734 2141; x_wconf 84' lang='lat' dir='ltr'>iii,</span> <span class='ocrx_word' id='word_1_555' title='bbox 1754 2091 1804 2136; x_wconf 88' lang='grc'>2.</span> <span class='ocrx_word' id='word_1_556' title='bbox 1823 2091 1888 2136; x_wconf 77' lang='grc'>89</span> <span class='ocrx_word' id='word_1_557' title='bbox 1942 2085 2115 2134; x_wconf 83' lang='lat' dir='ltr'>Procul</span> <span class='ocrx_word' id='word_1_558' title='bbox 2152 2084 2263 2144; x_wconf 76' lang='lat' dir='ltr'>hinc</span> <span class='ocrx_word' id='word_1_559' title='bbox 2298 2085 2431 2134; x_wconf 86' lang='lat' dir='ltr'>lubet</span> <span class='ocrx_word' id='word_1_560' title='bbox 2460 2086 2609 2152; x_wconf 81' lang='lat' dir='ltr'>prius,</span> 
     </span>
     <span class='ocr_line' id='line_1_84' title="bbox 1551 2147 2609 2216; baseline 0.006 -20"><span class='ocrx_word' id='word_1_561' title='bbox 1551 2149 1667 2216; x_wconf 86' lang='lat' dir='ltr'>q&#39;uid</span> <span class='ocrx_word' id='word_1_562' title='bbox 1686 2151 1763 2206; x_wconf 83' lang='lat' dir='ltr'>sit,</span> <span class='ocrx_word' id='word_1_563' title='bbox 1788 2149 2011 2200; x_wconf 83' lang='lat' dir='ltr'>sciscitari</span> <span class='ocrx_word' id='word_1_564' title='bbox 2035 2149 2125 2203; x_wconf 82' lang='lat' dir='ltr'>Eu..</span> <span class='ocrx_word' id='word_1_565' title='bbox 2146 2149 2215 2203; x_wconf 86' lang='lat' dir='ltr'>iii,</span> <span class='ocrx_word' id='word_1_566' title='bbox 2233 2155 2280 2198; x_wconf 82' lang='lat'>4.</span> <span class='ocrx_word' id='word_1_567' title='bbox 2300 2153 2362 2200; x_wconf 85' lang='lat'>1⁰</span> <span class='ocrx_word' id='word_1_568' title='bbox 2400 2147 2609 2202; x_wconf 77' lang='lat' dir='ltr'>Norasne</span> 
     </span>
     <span class='ocr_line' id='line_1_85' title="bbox 1551 2213 2608 2278; baseline 0.001 -16"><span class='ocrx_word' id='word_1_569' title='bbox 1551 2229 1659 2264; x_wconf 86' lang='lat' dir='ltr'>eum</span> <span class='ocrx_word' id='word_1_570' title='bbox 1683 2213 1843 2278; x_wconf 86' lang='lat' dir='ltr'>prius?</span> <span class='ocrx_word' id='word_1_571' title='bbox 1878 2213 1969 2262; x_wconf 88' lang='lat' dir='ltr'>Eu.</span> <span class='ocrx_word' id='word_1_572' title='bbox 1992 2214 2057 2272; x_wconf 82' lang='lat' dir='ltr'>iv,</span> <span class='ocrx_word' id='word_1_573' title='bbox 2078 2219 2127 2264; x_wconf 85' lang='grc'>4.</span> <span class='ocrx_word' id='word_1_574' title='bbox 2152 2218 2214 2264; x_wconf 81' lang='grc'>81</span> <span class='ocrx_word' id='word_1_575' title='bbox 2272 2213 2447 2263; x_wconf 81' lang='lat' dir='ltr'>Omnia</span> <span class='ocrx_word' id='word_1_576' title='bbox 2481 2215 2608 2278; x_wconf 86' lang='lat' dir='ltr'>prius</span> 
     </span>
     <span class='ocr_line' id='line_1_86' title="bbox 1549 2279 2611 2406; baseline 0.002 -16"><span class='ocrx_word' id='word_1_577' title='bbox 1549 2279 1785 2393; x_wconf 50' lang='lat' dir='ltr'>Em.</span> <span class='ocrx_word' id='word_1_578' title='bbox 1798 2281 2611 2406; x_wconf 56' lang='lat' dir='ltr'><strong>¹³..oe</strong></span> 
     </span>
     <span class='ocr_line' id='line_1_87' title="bbox 1630 2375 2607 2400; baseline -0.003 -7"><span class='ocrx_word' id='word_1_579' title='bbox 1630 2379 1643 2393; x_wconf 77' lang='grc' dir='ltr'><strong>ο</strong></span> <span class='ocrx_word' id='word_1_580' title='bbox 1718 2378 1733 2400; x_wconf 71' lang='lat'>9</span> <span class='ocrx_word' id='word_1_581' title='bbox 1789 2375 1804 2392; x_wconf 75' lang='grc' dir='ltr'><strong>ο</strong></span> <span class='ocrx_word' id='word_1_582' title='bbox 2594 2377 2607 2390; x_wconf 78' lang='grc' dir='ltr'><strong>ο</strong></span> 
     </span>
     <span class='ocr_line' id='line_1_88' title="bbox 1547 2405 2607 2472; baseline 0.002 -18"><span class='ocrx_word' id='word_1_583' title='bbox 1547 2423 1595 2472; x_wconf 79' lang='lat' dir='ltr'>v,</span> <span class='ocrx_word' id='word_1_584' title='bbox 1618 2413 1667 2457; x_wconf 83' lang='lat'>9.</span> <span class='ocrx_word' id='word_1_585' title='bbox 1691 2411 1754 2456; x_wconf 88' lang='grc'>87</span> <span class='ocrx_word' id='word_1_586' title='bbox 1810 2405 2001 2470; x_wconf 82' lang='lat' dir='ltr'>Pergin’</span> <span class='ocrx_word' id='word_1_587' title='bbox 2033 2407 2157 2454; x_wconf 81' lang='lat' dir='ltr'>istuc</span> <span class='ocrx_word' id='word_1_588' title='bbox 2177 2406 2306 2469; x_wconf 88' lang='lat' dir='ltr'>prius</span> <span class='ocrx_word' id='word_1_589' title='bbox 2328 2406 2607 2469; x_wconf 80' lang='lat' dir='ltr'>dijudicare,</span> 
     </span>
     <span class='ocr_line' id='line_1_89' title="bbox 1583 2463 2601 2536; baseline 0.004 -17"><span class='ocrx_word' id='word_1_590' title='bbox 1583 2488 1689 2521; x_wconf 82' lang='lat' dir='ltr'>uam</span> <span class='ocrx_word' id='word_1_591' title='bbox 1713 2469 1821 2528; x_wconf 79' lang='lat' dir='ltr'>scis,</span> <span class='ocrx_word' id='word_1_592' title='bbox 1842 2471 1959 2536; x_wconf 87' lang='lat' dir='ltr'>quid</span> <span class='ocrx_word' id='word_1_593' title='bbox 1982 2471 2080 2519; x_wconf 82' lang='lat' dir='ltr'>veri</span> <span class='ocrx_word' id='word_1_594' title='bbox 2116 2469 2241 2523; x_wconf 76' lang='lat' dir='ltr'>siet?</span> <span class='ocrx_word' id='word_1_595' title='bbox 2274 2471 2398 2520; x_wconf 88' lang='lat' dir='ltr'>Hea.</span> <span class='ocrx_word' id='word_1_596' title='bbox 2424 2471 2475 2529; x_wconf 88' lang='lat' dir='ltr'>ii,</span> <span class='ocrx_word' id='word_1_597' title='bbox 2498 2477 2547 2525; x_wconf 89' lang='grc'>2.</span> <span class='ocrx_word' id='word_1_598' title='bbox 2568 2463 2601 2527; x_wconf 68' lang='lat'>8</span> 
     </span>
     <span class='ocr_line' id='line_1_90' title="bbox 1545 2485 2606 2613; baseline 0 -28"><span class='ocrx_word' id='word_1_599' title='bbox 1545 2485 1683 2585; x_wconf 47' lang='lat' dir='ltr'>{rius</span> <span class='ocrx_word' id='word_1_600' title='bbox 1704 2538 1997 2613; x_wconf 82' lang='lat' dir='ltr'>proditurum</span> <span class='ocrx_word' id='word_1_601' title='bbox 2014 2544 2062 2584; x_wconf 83' lang='lat' dir='ltr'>te</span> <span class='ocrx_word' id='word_1_602' title='bbox 2084 2543 2210 2586; x_wconf 84' lang='lat' dir='ltr'>tuam</span> <span class='ocrx_word' id='word_1_603' title='bbox 2229 2536 2392 2599; x_wconf 77' lang='lat' dir='ltr'>vitam,</span> <span class='ocrx_word' id='word_1_604' title='bbox 2407 2546 2455 2585; x_wconf 91' lang='lat' dir='ltr'>et</span> <span class='ocrx_word' id='word_1_605' title='bbox 2478 2539 2606 2601; x_wconf 85' lang='lat' dir='ltr'>prius</span> 
     </span>
     <span class='ocr_line' id='line_1_91' title="bbox 1545 2600 2608 2663; baseline 0.001 -15"><span class='ocrx_word' id='word_1_606' title='bbox 1545 2616 1799 2663; x_wconf 73' lang='lat' dir='ltr'>pecuniam</span> <span class='ocrx_word' id='word_1_607' title='bbox 1822 2616 2030 2662; x_wconf 84' lang='lat' dir='ltr'>omnem,</span> <span class='ocrx_word' id='word_1_608' title='bbox 2062 2614 2204 2663; x_wconf 83' lang='lat' dir='ltr'>quam</span> <span class='ocrx_word' id='word_1_609' title='bbox 2226 2600 2307 2649; x_wconf 87' lang='lat' dir='ltr'>abs</span> <span class='ocrx_word' id='word_1_610' title='bbox 2340 2608 2387 2648; x_wconf 83' lang='lat' dir='ltr'>te</span> <span class='ocrx_word' id='word_1_611' title='bbox 2421 2602 2608 2655; x_wconf 76' lang='lat' dir='ltr'>amittas</span> 
     </span>
     <span class='ocr_line' id='line_1_92' title="bbox 1549 2664 2607 2729; baseline 0.006 -20"><span class='ocrx_word' id='word_1_612' title='bbox 1549 2664 1699 2712; x_wconf 75' lang='lat' dir='ltr'>filium</span> <span class='ocrx_word' id='word_1_613' title='bbox 1734 2664 1853 2713; x_wconf 74' lang='lat' dir='ltr'>Hes.</span> <span class='ocrx_word' id='word_1_614' title='bbox 1878 2664 1948 2724; x_wconf 88' lang='lat' dir='ltr'>iii,</span> <span class='ocrx_word' id='word_1_615' title='bbox 1968 2669 2017 2713; x_wconf 87' lang='lat'>1.</span> <span class='ocrx_word' id='word_1_616' title='bbox 2036 2668 2067 2712; x_wconf 76' lang='lat'>7</span> <span class='ocrx_word' id='word_1_617' title='bbox 2071 2668 2103 2712; x_wconf 84' lang='grc'><strong>0</strong></span> <span class='ocrx_word' id='word_1_618' title='bbox 2142 2664 2237 2711; x_wconf 88' lang='lat' dir='ltr'>Hic</span> <span class='ocrx_word' id='word_1_619' title='bbox 2260 2664 2389 2729; x_wconf 86' lang='lat' dir='ltr'>prius</span> <span class='ocrx_word' id='word_1_620' title='bbox 2411 2680 2460 2712; x_wconf 86' lang='lat' dir='ltr'>se</span> <span class='ocrx_word' id='word_1_621' title='bbox 2480 2667 2607 2715; x_wconf 71' lang='lat' dir='ltr'>indi‘-</span> 
     </span>
     <span class='ocr_line' id='line_1_93' title="bbox 1550 2727 2607 2793; baseline 0 -16"><span class='ocrx_word' id='word_1_622' title='bbox 1550 2727 1690 2784; x_wconf 77' lang='lat' dir='ltr'>carit,</span> <span class='ocrx_word' id='word_1_623' title='bbox 1709 2744 1851 2793; x_wconf 82' lang='lat' dir='ltr'>quam</span> <span class='ocrx_word' id='word_1_624' title='bbox 1872 2742 1961 2791; x_wconf 87' lang='lat' dir='ltr'>ego</span> <span class='ocrx_word' id='word_1_625' title='bbox 1984 2735 2225 2789; x_wconf 83' lang='lat' dir='ltr'>argentum</span> <span class='ocrx_word' id='word_1_626' title='bbox 2248 2728 2449 2779; x_wconf 84' lang='lat' dir='ltr'>effecero</span> <span class='ocrx_word' id='word_1_627' title='bbox 2482 2730 2607 2779; x_wconf 83' lang='lat' dir='ltr'>Hea.</span> 
     </span>
     <span class='ocr_line' id='line_1_94' title="bbox 1548 2792 2608 2857; baseline 0.004 -18"><span class='ocrx_word' id='word_1_628' title='bbox 1548 2792 1625 2847; x_wconf 84' lang='lat' dir='ltr'>iii,</span> <span class='ocrx_word' id='word_1_629' title='bbox 1646 2796 1694 2841; x_wconf 76' lang='grc'>8.</span> <span class='ocrx_word' id='word_1_630' title='bbox 1718 2797 1782 2841; x_wconf 78' lang='grc'>23</span> <span class='ocrx_word' id='word_1_631' title='bbox 1817 2792 1867 2839; x_wconf 92' lang='lat' dir='ltr'>N</span> <span class='ocrx_word' id='word_1_632' title='bbox 1870 2808 1910 2841; x_wconf 81' lang='lat' dir='ltr'><strong>ae</strong></span> <span class='ocrx_word' id='word_1_633' title='bbox 1936 2808 2010 2839; x_wconf 89' lang='lat' dir='ltr'>me</span> <span class='ocrx_word' id='word_1_634' title='bbox 2030 2792 2151 2841; x_wconf 86' lang='lat' dir='ltr'>istuc</span> <span class='ocrx_word' id='word_1_635' title='bbox 2172 2808 2229 2839; x_wconf 88' lang='lat' dir='ltr'>ex</span> <span class='ocrx_word' id='word_1_636' title='bbox 2251 2798 2299 2839; x_wconf 86' lang='lat' dir='ltr'>te</span> <span class='ocrx_word' id='word_1_637' title='bbox 2320 2793 2448 2857; x_wconf 89' lang='lat' dir='ltr'>prius</span> <span class='ocrx_word' id='word_1_638' title='bbox 2470 2794 2608 2844; x_wconf 73' lang='lat' dir='ltr'>audi-</span> 
     </span>
     <span class='ocr_line' id='line_1_95' title="bbox 1546 2858 2603 2985; baseline 0.002 -16"><span class='ocrx_word' id='word_1_639' title='bbox 1546 2858 1673 2969; x_wconf 62' lang='grc' dir='ltr'>ἷῖἓῗῗ</span> <span class='ocrx_word' id='word_1_640' title='bbox 1693 2858 1921 2973; x_wconf 64' lang='lat' dir='ltr'>15²¹3⁶²f2t</span> <span class='ocrx_word' id='word_1_641' title='bbox 1950 2859 2603 2985; x_wconf 49' lang='lat' dir='ltr'>qffieff&#39;iffffissassssffiffss</span> 
     </span>
     <span class='ocr_line' id='line_1_96' title="bbox 1546 2985 2603 3115; baseline 0.001 -18"><span class='ocrx_word' id='word_1_642' title='bbox 1546 2993 1717 3112; x_wconf 56' lang='grc' dir='ltr'>ἓξὲξ</span> <span class='ocrx_word' id='word_1_643' title='bbox 1724 2985 2430 3115; x_wconf 61' lang='lat' dir='ltr'>’q22330‚1&#39;⁶5‘1¹:3.‘5¹⁸q335³·.÷{·</span> <span class='ocrx_word' id='word_1_644' title='bbox 2442 2991 2603 3109; x_wconf 53' lang='grc' dir='ltr'>.ἒῇῙᾷ</span> 
     </span>
     <span class='ocr_line' id='line_1_97' title="bbox 1544 3114 2603 3177; baseline 0.005 -16"><span class='ocrx_word' id='word_1_645' title='bbox 1544 3114 1671 3165; x_wconf 82' lang='lat' dir='ltr'>Hea.</span> <span class='ocrx_word' id='word_1_646' title='bbox 1690 3130 1735 3172; x_wconf 76' lang='lat' dir='ltr'>v,</span> <span class='ocrx_word' id='word_1_647' title='bbox 1757 3120 1806 3164; x_wconf 84' lang='grc'>2.</span> <span class='ocrx_word' id='word_1_648' title='bbox 1832 3119 1891 3163; x_wconf 87' lang='grc'>18</span> <span class='ocrx_word' id='word_1_649' title='bbox 1926 3114 2025 3163; x_wconf 90' lang='lat' dir='ltr'>Ubi</span> <span class='ocrx_word' id='word_1_650' title='bbox 2042 3130 2132 3177; x_wconf 85' lang='lat' dir='ltr'>ego</span> <span class='ocrx_word' id='word_1_651' title='bbox 2154 3130 2343 3175; x_wconf 82' lang='lat' dir='ltr'>venero,</span> <span class='ocrx_word' id='word_1_652' title='bbox 2366 3116 2603 3167; x_wconf 80' lang='lat' dir='ltr'>exossabi-</span> 
     </span>
     <span class='ocr_line' id='line_1_98' title="bbox 1545 3178 2602 3244; baseline -0.006 -15"><span class='ocrx_word' id='word_1_653' title='bbox 1545 3181 1651 3229; x_wconf 73' lang='lat' dir='ltr'>tur:</span> <span class='ocrx_word' id='word_1_654' title='bbox 1692 3180 1821 3244; x_wconf 84' lang='lat' dir='ltr'>prius</span> <span class='ocrx_word' id='word_1_655' title='bbox 1842 3178 1970 3226; x_wconf 80' lang='lat' dir='ltr'>nolo.</span> <span class='ocrx_word' id='word_1_656' title='bbox 2017 3179 2095 3225; x_wconf 86' lang='lat' dir='ltr'>An</span> <span class='ocrx_word' id='word_1_657' title='bbox 2118 3194 2214 3226; x_wconf 83' lang='lat' dir='ltr'>non</span> <span class='ocrx_word' id='word_1_658' title='bbox 2238 3194 2316 3226; x_wconf 82' lang='lat' dir='ltr'>sex</span> <span class='ocrx_word' id='word_1_659' title='bbox 2342 3180 2451 3227; x_wconf 76' lang='lat' dir='ltr'>totis</span> <span class='ocrx_word' id='word_1_660' title='bbox 2472 3197 2602 3228; x_wconf 80' lang='lat' dir='ltr'>men.</span> 
     </span>
     <span class='ocr_line' id='line_1_99' title="bbox 1544 3243 2602 3309; baseline -0.002 -18"><span class='ocrx_word' id='word_1_661' title='bbox 1544 3244 1672 3292; x_wconf 81' lang='lat' dir='ltr'>sibus</span> <span class='ocrx_word' id='word_1_662' title='bbox 1712 3244 1843 3309; x_wconf 86' lang='lat' dir='ltr'>prius</span> <span class='ocrx_word' id='word_1_663' title='bbox 1864 3243 2147 3300; x_wconf 81' lang='lat' dir='ltr'>olfecissem,</span> <span class='ocrx_word' id='word_1_664' title='bbox 2174 3260 2313 3305; x_wconf 83' lang='lat' dir='ltr'>quarn</span> <span class='ocrx_word' id='word_1_665' title='bbox 2350 3244 2431 3291; x_wconf 85' lang='lat' dir='ltr'>ille</span> <span class='ocrx_word' id='word_1_666' title='bbox 2467 3247 2602 3305; x_wconf 76' lang='lat' dir='ltr'>quic.</span> 
     </span>
     <span class='ocr_line' id='line_1_100' title="bbox 1545 3308 2601 3373; baseline 0.002 -18"><span class='ocrx_word' id='word_1_667' title='bbox 1545 3316 1688 3371; x_wconf 85' lang='lat' dir='ltr'>quam</span> <span class='ocrx_word' id='word_1_668' title='bbox 1710 3310 1940 3373; x_wconf 79' lang='lat' dir='ltr'>coeperit?</span> <span class='ocrx_word' id='word_1_669' title='bbox 1976 3309 2073 3355; x_wconf 90' lang='lat' dir='ltr'>Ad.</span> <span class='ocrx_word' id='word_1_670' title='bbox 2096 3308 2167 3365; x_wconf 85' lang='lat' dir='ltr'>iii,</span> <span class='ocrx_word' id='word_1_671' title='bbox 2190 3313 2237 3359; x_wconf 76' lang='lat'>3.</span> <span class='ocrx_word' id='word_1_672' title='bbox 2259 3312 2340 3357; x_wconf 82' lang='lat'>25.</span> <span class='ocrx_word' id='word_1_673' title='bbox 2363 3312 2427 3357; x_wconf 76' lang='grc'>48</span> <span class='ocrx_word' id='word_1_674' title='bbox 2462 3310 2601 3358; x_wconf 82' lang='lat' dir='ltr'>Prius</span> 
     </span>
     <span class='ocr_line' id='line_1_101' title="bbox 1542 3374 2599 3449; baseline 0.006 -30"><span class='ocrx_word' id='word_1_675' title='bbox 1542 3388 1637 3420; x_wconf 87' lang='lat' dir='ltr'>nox</span> <span class='ocrx_word' id='word_1_676' title='bbox 1658 3374 1965 3449; x_wconf 78' lang='lat' dir='ltr'>oppressisset</span> <span class='ocrx_word' id='word_1_677' title='bbox 1982 3374 2101 3435; x_wconf 83' lang='lat' dir='ltr'>illic,</span> <span class='ocrx_word' id='word_1_678' title='bbox 2132 3388 2273 3437; x_wconf 86' lang='lat' dir='ltr'>quam</span> <span class='ocrx_word' id='word_1_679' title='bbox 2307 3374 2399 3421; x_wconf 85' lang='lat' dir='ltr'>hue</span> <span class='ocrx_word' id='word_1_680' title='bbox 2430 3374 2599 3425; x_wconf 84' lang='lat' dir='ltr'>revorti</span> 
     </span>
     <span class='ocr_line' id='line_1_102' title="bbox 1541 3436 2601 3504; baseline 0.003 -18"><span class='ocrx_word' id='word_1_681' title='bbox 1541 3446 1703 3504; x_wconf 80' lang='lat' dir='ltr'>posset</span> <span class='ocrx_word' id='word_1_682' title='bbox 1721 3446 1890 3486; x_wconf 71' lang='lat' dir='ltr'>iterum</span> <span class='ocrx_word' id='word_1_683' title='bbox 1922 3436 2026 3487; x_wconf 86' lang='lat' dir='ltr'>Ad.</span> <span class='ocrx_word' id='word_1_684' title='bbox 2046 3438 2113 3496; x_wconf 77' lang='lat' dir='ltr'>iv,</span> <span class='ocrx_word' id='word_1_685' title='bbox 2136 3442 2184 3486; x_wconf 83' lang='lat' dir='ltr'>l.</span> <span class='ocrx_word' id='word_1_686' title='bbox 2203 3444 2235 3487; x_wconf 85' lang='grc'><strong>9</strong></span> <span class='ocrx_word' id='word_1_687' title='bbox 2268 3438 2369 3495; x_wconf 84' lang='lat' dir='ltr'>Qui</span> <span class='ocrx_word' id='word_1_688' title='bbox 2390 3454 2494 3487; x_wconf 87' lang='lat' dir='ltr'>cum</span> <span class='ocrx_word' id='word_1_689' title='bbox 2519 3440 2601 3489; x_wconf 76' lang='lat' dir='ltr'>{na</span> 
     </span>
     <span class='ocr_line' id='line_1_103' title="bbox 1541 3502 2597 3569; baseline 0.002 -20"><span class='ocrx_word' id='word_1_690' title='bbox 1541 3503 1789 3550; x_wconf 80' lang='lat' dir='ltr'>consuevit</span> <span class='ocrx_word' id='word_1_691' title='bbox 1824 3503 1951 3569; x_wconf 88' lang='lat' dir='ltr'>prius</span> <span class='ocrx_word' id='word_1_692' title='bbox 2000 3502 2098 3551; x_wconf 88' lang='lat' dir='ltr'>Ad.</span> <span class='ocrx_word' id='word_1_693' title='bbox 2133 3502 2201 3562; x_wconf 81' lang='lat' dir='ltr'>iv,</span> <span class='ocrx_word' id='word_1_694' title='bbox 2235 3508 2281 3551; x_wconf 79' lang='lat'>5.</span> <span class='ocrx_word' id='word_1_695' title='bbox 2316 3506 2381 3551; x_wconf 73' lang='lat'>32</span> <span class='ocrx_word' id='word_1_696' title='bbox 2436 3504 2597 3552; x_wconf 84' lang='lat' dir='ltr'>Multo</span> 
     </span>
     <span class='ocr_line' id='line_1_104' title="bbox 1577 3567 2597 3633; baseline 0.001 -18"><span class='ocrx_word' id='word_1_697' title='bbox 1577 3568 1671 3619; x_wconf 86' lang='lat' dir='ltr'>rius</span> <span class='ocrx_word' id='word_1_698' title='bbox 1693 3568 1826 3629; x_wconf 85' lang='lat' dir='ltr'>scivi,</span> <span class='ocrx_word' id='word_1_699' title='bbox 1856 3582 1994 3631; x_wconf 82' lang='lat' dir='ltr'>quam</span> <span class='ocrx_word' id='word_1_700' title='bbox 2020 3574 2090 3630; x_wconf 82' lang='lat' dir='ltr'>tu,</span> <span class='ocrx_word' id='word_1_701' title='bbox 2120 3567 2251 3614; x_wconf 77' lang='lat' dir='ltr'>iilum</span> <span class='ocrx_word' id='word_1_702' title='bbox 2290 3568 2487 3615; x_wconf 80' lang='lat' dir='ltr'>amicam</span> <span class='ocrx_word' id='word_1_703' title='bbox 2514 3570 2597 3633; x_wconf 44' lang='lat' dir='ltr'>ha·-</span> 
     </span>
     <span class='ocr_line' id='line_1_105' title="bbox 1573 3632 2032 3689; baseline -0.002 -8"><span class='ocrx_word' id='word_1_704' title='bbox 1573 3647 1650 3681; x_wconf 85' lang='lat' dir='ltr'>erc</span> <span class='ocrx_word' id='word_1_705' title='bbox 1685 3632 1781 3682; x_wconf 88' lang='lat' dir='ltr'>He.</span> <span class='ocrx_word' id='word_1_706' title='bbox 1802 3632 1872 3689; x_wconf 82' lang='lat' dir='ltr'>iv,</span> <span class='ocrx_word' id='word_1_707' title='bbox 1896 3636 1943 3682; x_wconf 83' lang='grc'>1.</span> <span class='ocrx_word' id='word_1_708' title='bbox 1966 3636 2032 3680; x_wconf 88' lang='grc'>26</span> 
     </span>
     <span class='ocr_line' id='line_1_106' title="bbox 1607 3694 2601 3759; baseline 0 -14"><span class='ocrx_word' id='word_1_709' title='bbox 1607 3696 1764 3753; x_wconf 76' lang='lat' dir='ltr'>Prius„</span> <span class='ocrx_word' id='word_1_710' title='bbox 1782 3712 1939 3759; x_wconf 82' lang='lat' dir='ltr'>quam.</span> <span class='ocrx_word' id='word_1_711' title='bbox 1976 3695 2273 3759; x_wconf 81' lang='lat' dir='ltr'>Priusquam.</span> <span class='ocrx_word' id='word_1_712' title='bbox 2326 3694 2499 3743; x_wconf 80' lang='lat' dir='ltr'>Omnia</span> <span class='ocrx_word' id='word_1_713' title='bbox 2515 3714 2601 3745; x_wconf 78' lang='lat' dir='ltr'>ex·-</span> 
     </span>
     <span class='ocr_line' id='line_1_107' title="bbox 1540 3761 2596 3823; baseline 0 -14"><span class='ocrx_word' id='word_1_714' title='bbox 1540 3761 1683 3823; x_wconf 79' lang='lat' dir='ltr'>periri</span> <span class='ocrx_word' id='word_1_715' title='bbox 1702 3769 1879 3811; x_wconf 82' lang='lat' dir='ltr'>certum</span> <span class='ocrx_word' id='word_1_716' title='bbox 1902 3766 1975 3807; x_wconf 87' lang='lat' dir='ltr'>est</span> <span class='ocrx_word' id='word_1_717' title='bbox 2006 3762 2151 3823; x_wconf 88' lang='lat' dir='ltr'>prius,</span> <span class='ocrx_word' id='word_1_718' title='bbox 2186 3776 2324 3822; x_wconf 87' lang='lat' dir='ltr'>quam</span> <span class='ocrx_word' id='word_1_719' title='bbox 2361 3776 2499 3823; x_wconf 85' lang='lat' dir='ltr'>pereo</span> <span class='ocrx_word' id='word_1_720' title='bbox 2534 3762 2596 3809; x_wconf 84' lang='lat' dir='ltr'>A.</span> 
     </span>
     <span class='ocr_line' id='line_1_108' title="bbox 1541 3822 2595 3889; baseline 0.002 -18"><span class='ocrx_word' id='word_1_721' title='bbox 1541 3824 1593 3887; x_wconf 88' lang='lat' dir='ltr'>ii,</span> <span class='ocrx_word' id='word_1_722' title='bbox 1609 3830 1654 3873; x_wconf 80' lang='lat'>1.</span> <span class='ocrx_word' id='word_1_723' title='bbox 1672 3830 1731 3875; x_wconf 81' lang='lat'>11</span> <span class='ocrx_word' id='word_1_724' title='bbox 1768 3824 2047 3889; x_wconf 86' lang='lat' dir='ltr'>Priusquam</span> <span class='ocrx_word' id='word_1_725' title='bbox 2058 3832 2209 3881; x_wconf 85' lang='lat' dir='ltr'>tuum,</span> <span class='ocrx_word' id='word_1_726' title='bbox 2224 3832 2277 3871; x_wconf 82' lang='lat' dir='ltr'>ut</span> <span class='ocrx_word' id='word_1_727' title='bbox 2290 3840 2391 3871; x_wconf 84' lang='lat' dir='ltr'>sese</span> <span class='ocrx_word' id='word_1_728' title='bbox 2407 3822 2595 3881; x_wconf 75' lang='lat' dir='ltr'>habeat,</span> 
     </span>
     <span class='ocr_line' id='line_1_109' title="bbox 1540 3882 2595 3955; baseline 0.003 -20"><span class='ocrx_word' id='word_1_729' title='bbox 1540 3890 1747 3938; x_wconf 78' lang='lat' dir='ltr'>animum</span> <span class='ocrx_word' id='word_1_730' title='bbox 1770 3891 1831 3936; x_wconf 79' lang='lat' dir='ltr'>ad</span> <span class='ocrx_word' id='word_1_731' title='bbox 1850 3889 2042 3953; x_wconf 77' lang='lat' dir='ltr'>nuptias</span> <span class='ocrx_word' id='word_1_732' title='bbox 2062 3888 2353 3955; x_wconf 80' lang='lat' dir='ltr'>perspexerit</span> <span class='ocrx_word' id='word_1_733' title='bbox 2382 3888 2444 3938; x_wconf 89' lang='lat' dir='ltr'>A.</span> <span class='ocrx_word' id='word_1_734' title='bbox 2468 3890 2521 3945; x_wconf 82' lang='lat' dir='ltr'>ii,</span> <span class='ocrx_word' id='word_1_735' title='bbox 2541 3882 2595 3950; x_wconf 58' lang='grc' dir='ltr'>βξ</span> 
     </span>
     <span class='ocr_line' id='line_1_110' title="bbox 1539 3954 2595 4017; baseline -0.002 -14"><span class='ocrx_word' id='word_1_736' title='bbox 1539 3958 1571 4003; x_wconf 84' lang='grc'><strong>4</strong></span> <span class='ocrx_word' id='word_1_737' title='bbox 1622 3955 1721 4003; x_wconf 89' lang='lat' dir='ltr'>Oro</span> <span class='ocrx_word' id='word_1_738' title='bbox 1741 3962 1795 4001; x_wconf 83' lang='lat' dir='ltr'>ut</span> <span class='ocrx_word' id='word_1_739' title='bbox 1814 3962 1924 4001; x_wconf 84' lang='lat' dir='ltr'>ante</span> <span class='ocrx_word' id='word_1_740' title='bbox 1945 3967 2124 4010; x_wconf 85' lang='lat' dir='ltr'>eamus,</span> <span class='ocrx_word' id='word_1_741' title='bbox 2158 3954 2269 4001; x_wconf 90' lang='lat' dir='ltr'>dum</span> <span class='ocrx_word' id='word_1_742' title='bbox 2304 3960 2488 4017; x_wconf 80' lang='lat' dir='ltr'>tempus</span> <span class='ocrx_word' id='word_1_743' title='bbox 2511 3954 2595 4001; x_wconf 78' lang='lat' dir='ltr'>da-¹</span> 
     </span>
     <span class='ocr_line' id='line_1_111' title="bbox 1539 4016 2598 4085; baseline 0.001 -21"><span class='ocrx_word' id='word_1_744' title='bbox 1539 4018 1645 4069; x_wconf 79' lang='lat' dir='ltr'>tur:</span> <span class='ocrx_word' id='word_1_745' title='bbox 1680 4020 1950 4085; x_wconf 84' lang='lat' dir='ltr'>priusquam</span> <span class='ocrx_word' id='word_1_746' title='bbox 1982 4020 2143 4065; x_wconf 87' lang='lat' dir='ltr'>harum</span> <span class='ocrx_word' id='word_1_747' title='bbox 2165 4016 2339 4067; x_wconf 75' lang='lat' dir='ltr'>scelera</span> <span class='ocrx_word' id='word_1_748' title='bbox 2370 4020 2598 4077; x_wconf 56' lang='lat' dir='ltr'>reducant</span> 
     </span>
     <span class='ocr_line' id='line_1_112' title="bbox 1537 4082 2591 4145; baseline -0.002 -14"><span class='ocrx_word' id='word_1_749' title='bbox 1537 4084 1745 4135; x_wconf 81' lang='lat' dir='ltr'>animum</span> <span class='ocrx_word' id='word_1_750' title='bbox 1780 4082 1843 4131; x_wconf 88' lang='lat' dir='ltr'>A.</span> <span class='ocrx_word' id='word_1_751' title='bbox 1862 4082 1935 4139; x_wconf 85' lang='lat' dir='ltr'>iii,</span> <span class='ocrx_word' id='word_1_752' title='bbox 1957 4088 2010 4135; x_wconf 80' lang='grc'>8.</span> <span class='ocrx_word' id='word_1_753' title='bbox 2030 4088 2094 4131; x_wconf 86' lang='grc'>26</span> <span class='ocrx_word' id='word_1_754' title='bbox 2150 4082 2298 4145; x_wconf 79' lang='lat' dir='ltr'>Cave,</span> <span class='ocrx_word' id='word_1_755' title='bbox 2336 4098 2399 4130; x_wconf 85' lang='lat' dir='ltr'>ne</span> <span class='ocrx_word' id='word_1_756' title='bbox 2443 4085 2591 4145; x_wconf 75' lang='lat' dir='ltr'>prius,</span> 
     </span>
     <span class='ocr_line' id='line_1_113' title="bbox 1537 4146 2591 4211; baseline 0.002 -16"><span class='ocrx_word' id='word_1_757' title='bbox 1537 4158 1678 4211; x_wconf 81' lang='lat' dir='ltr'>quarn</span> <span class='ocrx_word' id='word_1_758' title='bbox 1714 4150 1836 4196; x_wconf 85' lang='lat' dir='ltr'>hanc</span> <span class='ocrx_word' id='word_1_759' title='bbox 1874 4164 1903 4195; x_wconf 84' lang='lat' dir='ltr'>a</span> <span class='ocrx_word' id='word_1_760' title='bbox 1926 4164 1998 4195; x_wconf 88' lang='lat' dir='ltr'>me</span> <span class='ocrx_word' id='word_1_761' title='bbox 2026 4147 2251 4209; x_wconf 81' lang='lat' dir='ltr'>accipias,</span> <span class='ocrx_word' id='word_1_762' title='bbox 2284 4146 2468 4195; x_wconf 73' lang='lat' dir='ltr'>amittas</span> <span class='ocrx_word' id='word_1_763' title='bbox 2499 4148 2591 4207; x_wconf 74' lang='lat' dir='ltr'>Eu.</span> 
     </span>
     <span class='ocr_line' id='line_1_114' title="bbox 1537 4212 2587 4275; baseline 0.001 -14"><span class='ocrx_word' id='word_1_764' title='bbox 1537 4214 1603 4268; x_wconf 81' lang='lat' dir='ltr'>iv,</span> <span class='ocrx_word' id='word_1_765' title='bbox 1626 4218 1676 4262; x_wconf 86' lang='grc'>6.</span> <span class='ocrx_word' id='word_1_766' title='bbox 1696 4218 1758 4262; x_wconf 79' lang='grc'>18</span> <span class='ocrx_word' id='word_1_767' title='bbox 1804 4213 2081 4275; x_wconf 81' lang='lat' dir='ltr'>Priusquam</span> <span class='ocrx_word' id='word_1_768' title='bbox 2100 4212 2160 4258; x_wconf 85' lang='lat' dir='ltr'>ad</span> <span class='ocrx_word' id='word_1_769' title='bbox 2196 4220 2375 4275; x_wconf 85' lang='lat' dir='ltr'>portam</span> <span class='ocrx_word' id='word_1_770' title='bbox 2408 4213 2587 4270; x_wconf 81' lang='lat' dir='ltr'>venias,</span> 
     </span>
     <span class='ocr_line' id='line_1_115' title="bbox 1539 4276 2590 4342; baseline 0.001 -18"><span class='ocrx_word' id='word_1_771' title='bbox 1539 4278 1666 4341; x_wconf 79' lang='lat' dir='ltr'>apud</span> <span class='ocrx_word' id='word_1_772' title='bbox 1698 4279 1852 4342; x_wconf 83' lang='lat' dir='ltr'>ipsum</span> <span class='ocrx_word' id='word_1_773' title='bbox 1886 4278 2039 4325; x_wconf 81' lang='lat' dir='ltr'>lacum</span> <span class='ocrx_word' id='word_1_774' title='bbox 2073 4284 2145 4325; x_wconf 73' lang='lat' dir='ltr'>est</span> <span class='ocrx_word' id='word_1_775' title='bbox 2177 4276 2371 4341; x_wconf 70' lang='lat' dir='ltr'>pistrilla</span> <span class='ocrx_word' id='word_1_776' title='bbox 2402 4276 2501 4327; x_wconf 89' lang='lat' dir='ltr'>Ad.</span> <span class='ocrx_word' id='word_1_777' title='bbox 2524 4280 2590 4340; x_wconf 81' lang='lat' dir='ltr'>iv,</span> 
     </span>
     <span class='ocr_line' id='line_1_116' title="bbox 1538 4342 2589 4406; baseline -0.001 -12"><span class='ocrx_word' id='word_1_778' title='bbox 1538 4346 1590 4394; x_wconf 79' lang='lat'>2.</span> <span class='ocrx_word' id='word_1_779' title='bbox 1611 4346 1676 4394; x_wconf 83' lang='grc'>44</span> <span class='ocrx_word' id='word_1_780' title='bbox 1732 4343 1807 4391; x_wconf 84' lang='lat' dir='ltr'>Eo</span> <span class='ocrx_word' id='word_1_781' title='bbox 1850 4344 2059 4400; x_wconf 85' lang='lat' dir='ltr'>domum,</span> <span class='ocrx_word' id='word_1_782' title='bbox 2102 4342 2269 4391; x_wconf 85' lang='lat' dir='ltr'>studeo</span> <span class='ocrx_word' id='word_1_783' title='bbox 2302 4343 2419 4400; x_wconf 65' lang='lat' dir='ltr'>haee,</span> <span class='ocrx_word' id='word_1_784' title='bbox 2460 4344 2589 4406; x_wconf 68' lang='lat' dir='ltr'>prius</span> 
     </span>
    </p>
   </div>
  </div>
 </body>
</html>
