3192 4975
539 415 786 483 clxviii

547 581 670 631 inter
690 594 775 628 nos
797 578 904 626 suit
934 578 1030 627 Ad.
1054 578 1110 638 ii,
1129 583 1179 627 2.
1199 582 1230 629 et
1285 577 1434 635 Quasi
1471 594 1601 627 nunc

543 648 752 693 norimus
775 659 862 691 nos
894 643 1017 691 inter
1039 659 1124 690 nos
1156 642 1252 693 Ad.
1277 642 1328 699 ii,
1348 646 1398 693 4.
1418 648 1447 693 7
1505 642 1597 691 Ni-

541 711 690 759 mium
711 710 836 756 inter
855 724 958 765 vos,
979 707 1254 770 pernimium
1277 708 1469 757 interest
1499 707 1596 758 Ad.

547 774 617 831 iii,
639 779 686 823 3.
707 778 770 822 38
817 770 888 819 Tu
923 772 1049 819 inter
1077 788 1157 819 eas
1193 772 1350 821 restim
1381 773 1597 829 ductans,

538 838 736 885 saltabis
765 835 864 884 Ad.
887 836 951 899 iv,
970 842 1020 886 7.
1041 841 1104 885 34
1153 836 1347 885 Dictum
1369 838 1458 885 hoc
1481 837 1603 886 inter

543 918 633 952 nos
669 901 764 949 fuit
793 900 890 948 Ad.
909 918 959 958 v,
979 906 1030 959 3,
1055 906 1117 950 10
1173 902 1456 951 Communia
1498 917 1601 949 esse

534 966 796 1015 amicorum
828 965 953 1013 inter
983 982 1034 1013 se
1069 965 1228 1014 omnia
1259 965 1358 1014 Ad.
1389 982 1438 1023 ν,
1457 970 1510 1016 3.
1536 969 1600 1015 18

541 1031 705 1079 Video
727 1046 910 1093 sapere,
928 1030 1209 1093 intelligere,
1231 1030 1354 1078 inter
1375 1046 1600 1079 seuniae

543 1095 640 1145 Ad.
662 1112 709 1151 v,
725 1099 775 1144 3.
791 1100 855 1144 42
890 1094 960 1143 Ut
980 1096 1204 1157 agitarem
1221 1095 1364 1145 libere
1379 1096 1501 1143 inter
1517 1112 1601 1143 vus

541 1160 812 1209 convivium
845 1158 941 1209 He.
965 1160 998 1213 i.
1021 1164 1068 1208 2.
1087 1165 1156 1209 ,18
1189 1160 1323 1208 Bene
1343 1160 1601 1208 convenie-

543 1226 758 1273 batsane
771 1224 894 1271 inter
915 1239 1011 1273 ess.
1075 1224 1248 1287 Neque
1271 1225 1376 1273 lites
1397 1225 1508 1273 ullae
1523 1225 1599 1272 in-

545 1296 617 1337 ter
635 1304 716 1337 eas
749 1288 845 1335 He.
864 1288 912 1344 i,.
925 1292 974 1337 2.
1001 1292 1109 1337 103.
1135 1294 1228 1338 105
1266 1289 1396 1346 Quid
1419 1290 1603 1353 egerint

543 1354 666 1401 inter
699 1369 768 1410 se,
805 1355 1017 1400 nondum
1055 1354 1196 1402 etism
1233 1354 1332 1402 scio
1363 1354 1458 1402 He.
1495 1354 1528 1409 i,
1551 1358 1601 1403 2.

547 1423 641 1467 117
699 1418 810 1466 Una
840 1418 961 1466 inter
982 1433 1067 1464 nos
1088 1434 1224 1481 agere
1247 1427 1432 1466 aetatem
1457 1419 1601 1466 liceat

537 1483 644 1533 He.
677 1483 730 1535 ii.
755 1486 802 1532 1.
828 1486 890 1532 10
939 1482 1082 1530 Unde
1103 1482 1184 1529 ira
1217 1484 1338 1532 inter
1355 1499 1436 1531 eas
1453 1483 1600 1532 inter-

543 1548 688 1597 cessit
715 1547 812 1595 He.
849 1547 920 1601 iii,
951 1552 996 1596 1.
1025 1551 1092 1597 25
1149 1547 1291 1595 Pueri
1334 1548 1456 1595 inter
1499 1564 1601 1596 sese

541 1627 688 1677 qnam
702 1626 786 1675 pro
805 1611 985 1659 levibus
1007 1612 1158 1659 noxiis
1179 1612 1272 1661 iras
1287 1613 1478 1675 gerunt!
1515 1613 1601 1660 lti-

539 1678 654 1724 dem
673 1675 908 1723 mulieres.
975 1676 1136 1724 Unum
1161 1678 1348 1725 verbum
1379 1677 1500 1724 inter
1521 1693 1601 1725 eas

545 1741 662 1789 iram
701 1742 823 1789 hanc
861 1742 1116 1788 conciverit
1146 1741 1241 1790 He.
1264 1742 1334 1796 iii,
1360 1747 1406 1791 l.
1430 1746 1511 1791 30.
1535 1746 1599 1791 33

543 1804 668 1851 Rem
689 1806 907 1860 narrabit,
931 1805 1047 1861 scio,
1085 1822 1192 1868 quae
1216 1807 1335 1853 inter
1355 1822 1436 1853 vos
1459 1807 1600 1855 inter-

543 1869 676 1917 venit
705 1868 800 1917 He.
832 1870 967 1924 iii,2.
991 1874 1053 1919 16
1106 1870 1276 1933 Neque
1321 1871 1414 1917 alio
1459 1879 1601 1933 pacto

535 1934 769 1997 componi
792 1942 950 1996 potest
971 1934 1094 1980 inter
1113 1950 1192 1982 eas
1225 1936 1376 1997 gratia
1407 1934 1504 1983 He.
1527 1936 1599 1993 iii,

542 2004 594 2047 5.
613 2002 682 2047 29
735 1998 869 2046 Inter
899 2014 947 2045 se
971 1999 1357 2060 transigantipsi,
1389 2008 1443 2046 ut
1471 2000 1601 2048 iubet

533 2062 640 2114 He.
673 2062 748 2120 iii,
770 2068 902 2113 &61
957 2063 1032 2111 Ex
1065 2080 1160 2127 quo
1195 2064 1440 2112 firmiorem
1467 2064 1601 2113 inter

531 2144 632 2176 ‘nos
667 2128 768 2176 fore
804 2126 1055 2175 amicitiam
1092 2130 1288 2191 posthac
1327 2130 1466 2177 scires
1503 2130 1600 2177 He.

543 2191 612 2249 tv,
643 2198 690 2242 1.
730 2198 790 2241 18
843 2190 962 2239 Esse
1015 2192 1137 2240 inter
1177 2209 1282 2247 uos,
1322 2194 1599 2242 affinitatem

533 2265 820 2319 :perpetuam
844 2256 952 2303 volo
985 2256 1081 2306 He.
1105 2258 1170 2311 iv,
1191 2263 1237 2306 4.
1264 2262 1322 2306 13
1357 2257 1464 2305 Nec
1485 2274 1599 2305 con-

535 2328 790 2368 marturum
812 2321 932 2367 inter
954 2336 1040 2367 nos
1063 2322 1260 2383 posthac
1281 2337 1384 2369 esse
1405 2322 1600 2370 arbitror

535 2383 640 2433 He.
672 2385 742 2441 iv,
758 2390 810 2433 4.
831 2388 892 2433 37
943 2384 1440 2433 Manereaffinitatem
1474 2387 1597 2435 hanc

543 2448 667 2497 inter
689 2463 775 2496 nos
795 2447 904 2494 volo
937 2446 1042 2495 He.
1067 2449 1132 2504 iv,
1155 2453 1203 2496 4.
1226 2453 1317 2497 101
1371 2449 1438 2498 Ut
1459 2452 1599 2499 amici

541 2512 667 2561 inter
689 2529 780 2562 nos
797 2512 942 2560 simus
975 2513 1066 2561 Ph.
1087 2512 1139 2566 ii,
1156 2517 1208 2562 3.
1233 2518 1294 2562 84
1333 2513 1478 2562 =Inter
1501 2531 1597 2562 ‹vos

533 2576 614 2626 sio
645 2579 747 2624 haec
767 2577 925 2640 potius
946 2592 1054 2625 cum
1073 2577 1198 2625 bona
1223 2585 1274 2624 ut
1309 2594 1596 2642 componan-

540 2642 806 2706 tnrgratia,
827 2657 968 2705 quam
1003 2658 1110 2690 cum
1141 2643 1301 2690 mala?
1332 2643 1426 2690 Ph.
1457 2644 1522 2700 iv,
1547 2651 1596 2694 3.

535 2709 611 2754 -16
651 2707 770 2754 ‘Tria
801 2722 900 2754 non
927 2706 1276 2756 eommutabitis
1295 2709 1438 2755 verba
1457 2710 1603 2758 hodie

533 2769 668 2818 cinter
687 2788 771 2820 vos
804 2773 897 2821 Ph.
919 2771 985 2828 iv,
1007 2776 1056 2820 3.
1075 2777 1142 2821 34
1193 2772 1333 2822 lutus
1353 2789 1462 2836 quae
1481 2775 1605 2822 inter

539 2850 652 2884 sese
670 2837 764 2900 ipsi
783 2836 1000 2899 egerint?
1021 2837 1204 2893 ·Ph.·v‚·
1217 2842 1267 2887 6.
1289 2843 1358 2886 36

596 2899 878 2950 ‚Interoedo.
941 2901 1084 2950 Unde
1105 2902 1174 2948 ira
1203 2902 1326 2950 inter
1345 2917 1425 2950 eas
1459 2901 1601 2950 inter·

541 2966 686 3014 cessit
715 2965 810 3014 He.
832 2965 901 3021 iii,
925 2971 971 3014 1.
991 2969 1055 3014 25
1097 2965 1230 3014 Dum
1249 2967 1510 3014 intercedet
1529 2967 1601 3016 fa-

539 3029 782 3078 miliaritas
814 3031 905 3078 Ph.
925 3031 1060 3086 iv,·1.
1082 3035 1143 3079 17
1185 3031 1242 3079 si
1263 3031 1394 3078 nulla
1410 3031 1601 3095 aegritu-

531 3093 610 3141 ·do
641 3095 754 3144 huic
790 3095 966 3157 gaudio
1001 3095 1315 3145 intercesserit
1344 3094 1408 3143 A.
1428 3103 1599 3153 v‚⁴5.‚6

529 3157 752 3208 Conscia
781 3160 904 3207 :mihi
921 3175 1023 3206 sum
1042 3177 1056 3219 3
1075 3175 1245 3224 neque
1266 3161 1484 3224 pretinm,
1515 3178 1599 3208 ne·-

535 3239 638 3287 qne
677 3239 774 3272 rem
809 3225 954 3272 ullam
979 3223 1302 3274 intercessisse
1335 3224 1599 3283 Ad..iii,-.2.

609 3350 884 3414 Intemipio.
951 3351 1096 3407 Quod
1133 3369 1220 3400 nos
1243 3368 1424 3415 capere
1442 3370 1599 3419 -opor-

537 3417 754 3469 tet‚1haec
773 3416 1022 3476 intercipit
1053 3417 1145 3465 Eu.
1171 3419 1204 3474 i,
1229 3421 1275 3465 1.
1297 3423 1358 3467 86

607 3479 868 3532 Interdico.
945 3479 1206 3542 Interdico,
1257 3498 1322 3530 ne
1375 3483 1599 3531 extulisse

533 3551 674 3593 extra
693 3545 820 3592 oedes
841 3561 1035 3608 puerum
1055 3563 1250 3610 usquam
1269 3546 1388 3594 velis
1405 3547 1514 3595 He.
1531 3549 1599 3612 iv,

545 3613 592 3658 1.
607 3614 681 3659 218
707 3609 968 3658 Intendixit
989 3610 1192 3659 hariolus
1226 3612 1317 3660 Ph.
1342 3611 1406 3668 iv,
1429 3618 1478 3661 4.
1496 3617 1563 3662 27

603 3673 838 3723 interdiu.
905 3674 1052 3723 Hisce
1095 3692 1238 3740 opera
1279 3683 1334 3722 ut
1372 3677 1484 3730 data
1521 3676 1599 3724 sit.

535 3737 847 3802 Sy..Potest.
881 3739 962 3788 ct.
1003 3739 1219 3789 Interdiu
1252 3739 1351 3789 Ad.
1373 3741 1439 3797 iv,
1466 3745 1510 3792 1.
1533 3746 1594 3790 1⁵

607 3803 868 3853 Interdum.
933 3803 1178 3852 Interdum
1200 3813 1392 3868 propter
1425 3806 1596 3852 dormi-

531 3876 593 3916 et
609 3867 716 3916 2Eu.
736 3868 794 3926 ii,
813 3873 861 3918 3.
871 3873 936 3918 76
969 3868 1228 3918 Pecuniam
1247 3870 1296 3916 in
1318 3868 1424 3918 loco
1445 3870 1596 3932 negli-

537 3948 674 3996 gere,
683 3934 935 3981 maximum
951 3933 1186 3982 interdum
1201 3941 1274 3982 est
1285 3934 1464 3982 lucrum
1497 3933 1599 3982 Ad.

531 3997 596 4054 «ii,
621 4002 676 4047 2.
697 4003 729 4048 8
785 3998 906 4055 Qnae
945 4014 1173 4046 maxumae
1212 4006 1324 4046 sunt
1363 3999 1599 4048 interdum

538 4062 643 4118 ire,
663 4060 858 4124 injurias
877 4062 1060 4112 faciunt
1091 4063 1185 4113 He.
1208 4063 1278 4120 iii,
1303 4068 1349 4111 1.
1369 4068 1434 4112 27

608 4126 810 4175 Interea.
867 4127 986 4175 Sine
1023 4144 1152 4177 nunc
1187 4143 1292 4175 meo
1326 4143 1406 4175 me
1443 4126 1599 4176 vivere

542 4188 724 4237 interea
757 4193 900 4239 modo
935 4194 998 4240 A.
1021 4193 1056 4248 i,
1083 4199 1128 4242 l.
1151 4197 1246 4242 126
1291 4192 1478 4241 Interea
1514 4193 1600 4242 fiet

543 4253 741 4316 aliquid,
779 4271 916 4317 spero
948 4257 1012 4304 A.
1043 4258 1095 4314 ii,
1121 4263 1166 4306 1.
1192 4261 1251 4306 14
1301 4257 1488 4307 Interea
1521 4257 1596 4304 in·

547 4317 686 4368 troire
723 4320 957 4368 neminem
993 4321 1130 4370 video
1165 4321 1232 4370 A.
1251 4321 1302 4379 ii,
1323 4327 1372 4376 2.
1395 4327 1460 4375 26
1515 4321 1597 4370 In-

1493 424 1590 479 }ss
1609 424 1756 473 Dux

1676 584 1805 625 terea
1826 575 2003 641 aliquid
2042 576 2266 625 acciderit
2302 577 2414 625 boni
2448 578 2509 626 A.
2530 579 2581 641 ii,
2600 584 2647 630 3¹.
2670 586 2734 633 24

1673 641 1864 689 Interea
1898 640 2033 687 miles
2068 641 2119 687 iu
2156 641 2339 691 Cariam
2380 651 2453 689 est
2483 646 2735 705 profectus.

1674 705 1744 753 Te
1781 706 1960 753 interea
1982 706 2073 753 loci
2096 707 2297 767 cognovi
2331 706 2423 755 Eu.
2444 708 2480 763 i,
2502 712 2549 757 2.
2573 714 2653 759 46.
2668 716 2735 761 46

1677 768 1807 818 Dum
1828 772 1932 819 haec
1955 770 2205 833 loquimur,
2228 771 2404 818 interea
2427 772 2519 820 loci
2540 774 2601 820 sd
2638 791 2733 823 ma-

1674 836 1847 883 cellum
1868 834 1947 883 ubi
1970 834 2245 883 advenimus
2280 834 2373 883 Eu.
2397 836 2446 893 ii,
2468 842 2518 887 2.
2542 842 2607 886 24
2639 840 2736 888 Illa

1676 914 1779 949 sese
1810 900 1984 947 interea
2018 900 2316 947 commodum
2346 901 2439 949 hue
2472 902 2736 953 adverterat

1676 964 1767 1013 Eu.
1786 965 1839 1024 ii,
1860 969 1907 1013 3.
1928 968 1988 1014 51
2048 962 2313 1011 Arcessitur
2332 964 2533 1015 lavatum
2554 967 2735 1017 interea

1678 1030 1807 1091 virgo
1842 1028 1936 1075 Eu.
1960 1028 2031 1088 iii,
2054 1034 2103 1077 ὅ.
2126 1034 2189 1079 44
2241 1029 2353 1076 Vin'
2388 1030 2584 1089 interea,
2618 1033 2732 1081 dum

1676 1094 1717 1142 is
1740 1094 1886 1148 venit.
1902 1093 2032 1141 domi
2052 1094 2383 1155 opperiamur?
2420 1096 2511 1144 Eu.
2532 1112 2579 1152 v,
2601 1102 2651 1147 2.
2666 1104 2729 1145 55

1676 1157 1871 1205 Rastros
1894 1158 2071 1207 interea
2093 1168 2247 1205 tamen
2262 1174 2455 1223 appone
2486 1160 2609 1211 Hea.
2634 1162 2669 1221 i,
2684 1167 2729 1211 1.

1666 1226 1742 1275 36
1776 1223 1943 1285 Usque
1963 1224 2075 1269 dum
2099 1223 2179 1271 ine.
2200 1223 2341 1273 vitam
2366 1224 2493 1274 illam
2514 1225 2640 1273 colet
2658 1226 2735 1273 in·

1670 1304 1835 1350 opem.
1854 1288 2032 1335 interea
2052 1303 2201 1351 usque
2232 1287 2305 1335 illi
2326 1289 2387 1337 de
2406 1305 2482 1337 me
2502 1290 2733 1353 supplici·

1677 1368 1755 1399 uin
1796 1352 1920 1399 dabo
1958 1351 2082 1401 Hea.
2118 1352 2151 1409 i,
2193 1356 2239 1400 1.
2276 1356 2339 1401 86
2394 1352 2585 1403 Interea
2621 1355 2735 1403 dum

1664 1432 1910 1465 sermones
1946 1416 2171 1464 credimus
2216 1415 2419 1476 Hem-ii,
2442 1421 2493 1465 3.
2514 1422 2537 1465 1
2600 1418 2731 1467 Dum

1676 1496 1767 1543 ego
1807 1490 1993 1545 propter
2032 1490 2078 1529 te
2113 1496 2285 1537 errans,
2327 1488 2378 1527 tu
2422 1482 2602 1529 interea
2640 1484 2732 1531 loci

1674 1546 2051 1609 collocupletasti
2074 1553 2121 1593 te
2154 1544 2277 1593 Hea.
2298 1542 2350 1601 ii,
2372 1550 2422 1594 3.
2448 1551 2511 1595 16
2556 1547 2631 1595 Tu
2654 1548 2731 1596 hic

1664 1626 1781 1667 .nos,
1826 1612 1937 1658 dum
1980 1610 2175 1666 eximus,
2227 1610 2407 1658 interea
2458 1612 2733 1673 opperibere

1678 1674 1801 1723 Hea.
1825 1676 1886 1731 iv,
1907 1680 1957 1725 7.
1978 1680 2007 1723 6
2042 1674 2170 1723 Dum
2206 1676 2279 1721 hae
2310 1674 2535 1723 silescunt
2568 1678 2731 1733 turbae,

1662 1740 1851 1789 -inteoea
1875 1740 1923 1787 in
1944 1738 2168 1802 angulum
2190 1738 2349 1801 aliquo
2368 1740 2530 1787 abeam
2564 1740 2663 1789 Ad.
2686 1758 2732 1797 v,

1673 1810 1725 1853 2.
1752 1810 1813 1853 10
1848 1803 1968 1853 Cum
1992 1805 2171 1853 interea
2190 1818 2341 1850 rumor
2364 1805 2493 1851 veuit
2514 1804 2609 1856 He.
2628 1805 2729 1854 Ait.

1678 1868 1803 1915 Pron.
1827 1873 1886 1917 31
1924 1868 2056 1925 Quid
2092 1868 2306 1917 interea?
2340 1868 2505 1917 ibatne
2524 1870 2584 1916 sd
2608 1870 2731 1919 Bac-

1676 1934 1895 1983 chidem?
1932 1932 2029 1983 He.
2050 1932 2082 1988 i,
2104 1937 2161 1981 2.
2172 1937 2235 1981 82
2270 1932 2392 1983 Cum
2414 1933 2594 1993 interea
2612 1950 2729 1981 sem-

1679 2014 1761 2061 per
1786 2005 1978 2045 mortem
2020 1998 2327 2060 expectabam
2367 1999 2503 2047 miser
2544 1998 2635 2047 He.
2656 1998 2728 2055 iii,

1667 2067 1725 2111 4.
1748 2067 1779 2111 8
1814 2062 1999 2112 Interea
2016 2062 2130 2111 dum
2152 2062 2369 2110 sedemus
2391 2062 2489 2111 illic
2520 2062 2610 2113 Ph.
2632 2064 2668 2125 i,
2682 2068 2730 2112 2.

1676 2131 1737 2175 41
1796 2126 1933 2189 Saepe
1970 2127 2146 2175 interea
2184 2125 2301 2175 mihi
2338 2142 2479 2175 senex
2520 2129 2734 2175 narrabat

1677 2190 1767 2239 Ph.
1813 2191 1867 2247 ii,
1886 2196 1918 2239 3
1932 2223 1944 2237 .
1964 2195 2025 2241 18
2066 2190 2254 2239 Interea
2274 2192 2373 2239 vita
2394 2202 2448 2239 ut
2466 2192 2515 2239 in
2540 2202 2641 2241 tuto
2664 2194 2733 2239 fo-

1674 2264 1745 2303 ret
1776 2256 1867 2306 Ph.
1888 2272 1935 2311 v,
1948 2261 2001 2305 .1.
2018 2259 2048 2303 7
2078 2255 2483 2305 Patruusinterea
2505 2258 2619 2305 inde
2638 2259 2729 2305 hue

1674 2318 1911 2430 eigil-‘editur
1951 2320 2074 2367 foras
2132 2319 2223 2367 Ph.
2261 2335 2311 2376 v,
2350 2325 2398 2369 6.
2438 2325 2501 2369 38
2556 2322 2729 2386 passim

1674 2398 1734 2431 ai
1769 2400 1786 2431 1

1740 2448 2038 2505 Interemtus,
2061 2464 2107 2506 a,
2144 2466 2243 2498 um.
2320 2449 2375 2500 Si
2406 2466 2561 2499 meum
2582 2452 2731 2514 impe-

1660 2511 1795 2561 rium
1816 2514 1985 2576 exequi
2019 2514 2257 2570 voluisses,
2291 2515 2581 2564 interemtam
2616 2517 2729 2582 (fili-

1674 2577 1777 2632 am)
1802 2579 2011 2642 oportuit
2041 2577 2164 2626 Hea.
2186 2580 2321 2636 iv‚·l.
2344 2585 2409 2630 22

1740 2643 1945 2693 Intereo.
2010 2643 2169 2703 Dave,
2189 2645 2324 2706 perii.
2372 2645 2469 2693 Da.
2508 2644 2637 2701 Quin
2678 2653 2729 2693 tu

1674 2708 1916 2756 hocsudi.
1950 2707 2043 2756 Ch.
2066 2707 2261 2757 Interii!
2297 2709 2431 2764 A.·ii,
2450 2714 2501 2760 2.
2520 2715 2553 2758 9
2601 2709 2731 2758 Inte-

1674 2772 1759 2820 rii!
1797 2774 1905 2836 plus
1926 2773 2031 2836 spei
2046 2773 2489 2837 video,quam-v010
2522 2774 2732 2836 Heaeiv,

1662 2841 1723 2886 11.
1742 2841 1811 2886 46
1842 2836 2017 2887 Nullus
2038 2853 2155 2884 sum.
2189 2837 2296 2886 Par.
2331 2839 2428 2896 Qui
2456 2839 2609 2889 dum?
2642 2839 2731 2887 Pa.

1666 2901 1836 2951 ,Periil
1864 2902 2052 2951 interii!
2090 2918 2175 2951 cur
2194 2902 2309 2950 mihi
2344 2905 2395 2952 id
2436 2919 2533 2952 nou
2573 2903 2729 2952 dixti?

1660 2965 1771 3014 ·He.
1790 2965 1863 3022 iii.
1885 2972 1933 3016 l.
1952 2971 2019 3016 42

1744 3030 1961 3080 Interest.
1993 3031 2188 3080 Homini
2204 3033 2353 3080 -homo
2374 3033 2489 3096 quid
2514 3032 2727 3094 praestat!

1662 3096 1819 3144 stulto
1838 3096 2133 3158 intelligens!
2161 3096 2275 3158 quid
2296 3097 2493 3144 interest
2512 3097 2522 3142 !
2560 3097 2653 3145 Eu.
2676 3097 2731 3154 ii,

1662 3164 1771 3210 ·2.2
1806 3161 1913 3208 Hoc
1943 3169 2077 3222 pater
2096 3175 2151 3208 ac
2173 3161 2393 3206 dominus
2408 3160 2601 3208 interest
2632 3160 2729 3210 Ad.

1660 3225 1781 3282 -i,.1.
1804 3230 1863 3274 51
1900 3225 2112 3272 Nimium
2133 3224 2257 3272 inter
2272 3239 2377 3280 vos,
2398 3223 2597 3280 Demea,
2622 3240 2729 3287 per-

1672 3289 1866 3336 nimium
1895 3289 2089 3336 interest
2139 3287 2241 3336 Ad.
2276 3289 2350 3346 iii,
2382 3293 2429 3340 3.
2466 3293 2531 3338 39
2579 3289 2732 3344 Quasi

1672 3369 1781 3400 vero
1834 3353 2025 3416 paulum
2079 3353 2293 3402 intersiet
2342 3353 2436 3402 Eu.
2479 3355 2542 3411 iv,
2580 3360 2629 3404 4.
2665 3359 2729 3404 18

1660 3419 1873 3467 -Psulum
1895 3418 2118 3468 interesse
2154 3433 2337 3480 censes,
2370 3436 2429 3467 ex
2450 3420 2608 3468 animo
2630 3435 2731 3466 om-

1658 3483 1752 3532 mia
1772 3483 1935 3539 facias,
1956 3498 2019 3532 an
2040 3485 2103 3532 de
2122 3485 2390 3533 industria?
2422 3483 2485 3530 A.
2506 3484 2573 3540 ir,
2592 3488 2640 3532 4.
2662 3489 2725 3532 65

1738 3543 1994 3596 [nterficio.
2059 3548 2203 3596 Nunc
2236 3557 2311 3596 est
2334 3547 2561 3610 profecto,
2583 3546 2727 3594 inter-

1660 3613 1752 3660 1fici
1770 3629 1881 3662 cum
1902 3613 2085 3677 perpeti
2122 3629 2196 3660 me
2229 3627 2419 3674 possum
2472 3611 2564 3661 Eu.
2587 3611 2661 3669 iii,
2680 3617 2729 3660 5.

1658 3682 1704 3729 .8

1738 3741 1951 3790 Interim.
2032 3739 2195 3788 Tristis
2250 3740 2454 3797 interim,
2508 3755 2729 3790 nonnun-

1670 3822 1813 3870 quam
1830 3805 2194 3854 collaerumshat
2235 3804 2307 3854 A.
2328 3806 2367 3866 i,
2391 3812 2438 3855 l.
2460 3811 2521 3855 81
2569 3806 2728 3854 Funus

1672 3868 2093 3932 interim‘procedit
2123 3869 2185 3917 A.
2207 3868 2242 3925 i,
2268 3874 2314 3918 1.
2340 3875 2435 3921 loo
2482 3871 2577 3920 Sed
2605 3871 2725 3918 inte-

1671 3937 1756 3982 rim
1778 3936 1839 3982 de
1854 3933 2079 3998 symbolis
2100 3935 2218 3998 quid
2233 3943 2389 3986 actum
2410 3937 2516 3984 est?
2550 3935 2641 3986 Eu.
2657 3935 2729 3997 iii,

1664 4006 1719 4048 5.
1742 4005 1807 4049 59
1857 3998 2051 4048 Interim
2067 3997 2181 4048 dum
2202 4007 2315 4048 ante
2334 4001 2503 4048 ostium
2527 4008 2600 4048 sto
2628 3999 2725 4049 Eu.

1673 4080 1720 4122 v,
1742 4070 1791 4114 2.
1814 4069 1845 4112 3
1878 4063 2005 4121 Scio,
2024 4066 2156 4127 apud
2176 4074 2356 4129 patrem
2372 4082 2387 4113 ε
2436 4071 2485 4110 at
2504 4063 2723 4111 nuncin·

1672 4129 1807 4177 terim
1840 4129 1963 4177 Hea.
1980 4129 2033 4186 ii,
2057 4135 2103 4178 3.
2128 4135 2225 4179 136
2272 4129 2367 4178 Sed
2388 4127 2587 4181 interim,
2606 4127 2723 4189 quid

1670 4193 1767 4242 iuic
1780 4192 2065 4256 jamdudum
2086 4204 2257 4258 gnatus
2274 4200 2429 4240 cessat
2444 4207 2549 4240 eum
2574 4190 2606 4237 S
2644 4193 2723 4240 ro?

1670 4257 1795 4306 Hes.
1819 4276 1863 4316 v,
1888 4263 1937 4310 1.
1960 4265 1992 4308 9
2024 4259 2095 4306 Tu
2110 4275 2217 4307 cum
2230 4257 2311 4307 ina
2328 4265 2375 4304 te
2391 4257 2517 4304 intus
2539 4257 2600 4304 ob
2620 4264 2728 4306 ecta

1668 4321 1852 4372 interim
1887 4322 1987 4374 Ad.
2010 4324 2063 4381 ii,
2084 4329 2133 4374 4.
2149 4329 2217 4373 ,20
2264 4321 2457 4372 Interim
2474 4321 2603 4371 miris
2622 4338 2723 4372 mo·
