3192 4975
1181 476 1260 528 IN
1305 478 1784 531 Tssassn‘rruu.

2381 464 2628 531 clxxiii

489 622 556 686 Is,
577 644 650 686 ea,
670 626 736 677 id.
801 626 912 687 Fuit
953 624 1065 676 olim
1105 642 1266 688 senex,
1302 643 1479 678 merca-
1554 627 1669 693 qnia
1704 626 1797 677 Ad.
1835 631 1952 686 vm.
1974 630 2041 677 32
2087 625 2166 675 ob
2197 642 2302 687 earn
2341 642 2438 678 rem
2468 628 2629 678 noluit

427 699 532 741 tor:
557 709 717 742 navem
749 692 788 740 is
823 691 962 755 fregit
997 693 1126 755 apud
1159 692 1405 741 Andrum:
1439 693 1480 741 is
1552 693 1725 741 iterum
1744 690 1932 750 referre,
1954 699 2009 740 ut
2041 692 2137 741 He.
2172 692 2302 741 Ptol.
2325 697 2358 742 6
2409 694 2501 742 Per
2520 696 2627 743 eam

425 758 548 805 obiit
569 764 758 805 mortem
792 757 856 805 A.
883 756 921 816 i,
942 760 991 804 3.
1015 762 1096 805 17.
1120 760 1182 806 18
1234 756 1383 805 Estne
1405 758 1481 806 hic

426 820 594 871 Crito?
617 822 656 868 is
677 829 750 869 est
783 821 844 868 A.
867 820 936 881 iv,
956 827 1004 868 5.
1026 824 1056 869 7
1089 820 1208 868 Tum
1233 822 1313 885 pol
1331 838 1421 885 ego
1443 822 1483 869 is

425 901 572 933 essem
591 886 718 941 vere,
741 885 822 949 qui
847 885 1096 932 simulabat
1128 884 1220 932 Eu.
1253 884 1325 945 iii,
1345 893 1394 935 5.
1418 891 1483 936 58

427 949 529 996 Etsi
541 950 583 998 is
594 965 790 1013 quoque
804 964 989 997 suarum
1006 963 1156 997 rerum
1171 950 1341 1013 satagit
1358 950 1484 999 Hea.

423 1012 478 1070 ii,
501 1018 550 1065 1.
574 1019 636 1064 13
671 1014 878 1071 Quando
896 1014 953 1070 is,
971 1014 1269 1089 quamobrem
1289 1014 1382 1063 hue
1407 1030 1484 1063 ve-

424 1092 600 1134 neram,
623 1094 702 1125 rus
723 1077 839 1127 abiit
872 1076 971 1126 Ad.
990 1077 1065 1135 tii,
1086 1082 1137 1128 3.
1157 1080 1223 1127 81
1257 1078 1336 1126 Ita
1355 1095 1484 1128 nunc

425 1140 466 1189 is
485 1142 576 1190 sibi
599 1158 674 1190 me
698 1143 1066 1206 supplicaturum
1089 1148 1226 1205 putat
1247 1143 1266 1190 ἓ
1299 1142 1392 1193 He.
1414 1144 1485 1201 iii,

427 1210 478 1255 5.
498 1211 563 1255 56
595 1206 645 1254 Is
665 1206 755 1253 sibi
776 1221 1046 1270 responsum
1067 1208 1159 1255 hoe
1193 1207 1363 1255 habeat
1395 1210 1487 1257 Ph.

427 1270 558 1319 Prol.
583 1275 644 1319 16
677 1270 796 1333 Ejus
815 1285 956 1319 causa
976 1271 1028 1319 in
1049 1270 1190 1319 funus
1206 1272 1386 1335 prodeo
1421 1272 1484 1321 A.

426 1332 463 1391 i,
490 1340 536 1383 1.
561 1339 624 1384 88
676 1336 800 1391 Quae
832 1335 1054 1399 cupiebat
1086 1335 1148 1383 de
1183 1351 1341 1385 sorore
1382 1336 1487 1401 ejus

426 1398 744 1472 (chremetis)
765 1399 974 1447 indicare
1008 1398 1100 1448 Eu.
1124 1397 1204 1475 JV,
1229 1405 1274 1449 1.
1297 1404 1328 1449 7
1383 1402 1484 1477 Μὶ-

426 1463 1488 1593 ’θῑςῴῗὲῖιῗιῖῗεὲηξξιιςιὲ

429 1592 498 1638 rit
526 1590 626 1640 Ad.
665 1592 734 1647 iii,
757 1595 807 1640 4.
829 1596 894 1642 26
940 1590 1065 1649 Nec,
1086 1607 1182 1656 qua
1201 1593 1278 1641 via
1301 1601 1488 1643 senten-

428 1653 828 1771 {³12⁶{3⁸1<¹}¹;⁵‘¹⁵
866 1655 1489 1786 2212553¹z1>¹1¹123345220

429 1783 540 1840 diit,
562 1755 624 1832 ..ἶ
642 1785 779 1831 non?
810 1784 904 1833 Ph.
925 1784 961 1840 i,
983 1790 1034 1834 2.
1056 1789 1120 1834 ιη
1171 1784 1280 1833 Ean’
1319 1786 1490 1861 ςρωῑ)

429 1864 520 1911 ego
540 1856 596 1897 at
615 1849 864 1897 adverset?
897 1845 962 1897 A.
1004 1848 1044 1906 i,
1065 1854 1113 1898 5.
1137 1853 1203 1899 28
1247 1849 1342 1898 Ubi
1364 1866 1491 1898 com-

430 1913 532 1975 peri
551 1930 610 1961 ex
629 1913 706 1970 iis,
728 1913 812 1978 qui
830 1913 876 1961 ei
894 1913 1026 1961 fuere
1037 1913 1216 1962 conscii
1249 1914 1373 1963 Hea.
1391 1915 1426 1970 i,
1443 1919 1491 1964 1.

431 1982 498 2027 66
543 1977 604 2025 In
641 1993 736 2041 quo
759 1979 860 2025 hoec
883 1977 1094 2026 discebat
1115 1978 1247 2035 ludo,
1267 1980 1492 2027 exadvor-

431 2056 535 2089 sum
552 2042 601 2089 ei
621 2042 727 2089 loco
748 2042 976 2090 tonstrina
996 2050 1096 2089 erat
1142 2041 1233 2089 Ph.
1265 2042 1300 2100 i,
1338 2047 1388 2092 2.
1427 2047 1492 2093 38

432 2104 630 2167 Rejeczt
658 2122 710 2153 se
746 2106 800 2153 in
837 2122 962 2162 eum,
994 2106 1112 2154 flens
1165 2106 1228 2153 A.
1267 2106 1302 2162 i,
1325 2112 1374 2156 1.
1398 2112 1494 2157 169

433 2168 638 2226 Dicunt,
673 2170 886 2217 homines
913 2169 1096 2218 nobiles
1131 2184 1239 2217 euru
1281 2170 1494 2234 adjutare

431 2232 531 2281 Ad.
570 2234 699 2281 Prol.
724 2239 787 2283 16
831 2233 906 2281 Ex
941 2249 999 2283 eo
1021 2249 1147 2282 nunc
1168 2235 1334 2282 misera
1354 2250 1492 2299 quem

432 2298 565 2361 capit
585 2298 788 2346 laborem
811 2298 824 2344 1
859 2298 924 2346 A.
951 2299 1015 2353 iv,
1039 2302 1086 2347 3.
1108 2302 1140 2347 4
1176 2298 1302 2346 Mihi
1325 2314 1492 2363 magna

433 2377 541 2410 cum
565 2377 624 2411 eo
649 2362 738 2410 ruit
760 2376 942 2425 semper
961 2361 1244 2410 familiaritas
1283 2362 1405 2411 Hea.
1428 2364 1493 2422 iv,

433 2430 484 2475 2.
505 2432 538 2476 9
571 2427 682 2477 cito
703 2428 762 2475 ab
784 2443 842 2475 eo
867 2428 967 2475 haeo
989 2427 1052 2473 ira
1076 2426 1299 2475 abscedet
1330 2427 1423 2476 He.
1444 2444 1492 2486 v,

433 2496 484 2540 2.
506 2497 564 2542 15
599 2493 746 2541 Senes
766 2493 848 2556 qui
872 2492 1008 2556 primi
1028 2492 1236 2549 venient,
1260 2491 1294 2540 ii
1313 2501 1494 2556 partem

435 2558 647 2618 aperient
692 2557 793 2605 Ad.
816 2557 944 2604 Prol.
966 2561 1030 2606 23
1083 2555 1258 2604 Eorum
1299 2558 1496 2621 obsequi

435 2622 604 2669 studiis
637 2620 698 2670 A.
718 2622 753 2674 i.
778 2625 824 2669 1.
845 2625 910 2670 87
945 2621 1119 2668 Eorum
1136 2620 1328 2683 ingenia
1343 2622 1495 2668 admi·

435 2699 510 2732 ror
530 2686 666 2733 simul
699 2684 791 2732 Eu.
819 2685 870 2741 ii,
892 2687 943 2733 2.
969 2687 1032 2734 19
1080 2683 1148 2730 Iis
1185 2700 1286 2733 sese
1324 2686 1497 2734 dedere

436 2747 501 2796 A.
524 2750 560 2811 i,
582 2754 630 2798 1.
653 2753 718 2798 36
751 2748 891 2811 coepi
911 2748 970 2795 iis
989 2747 1147 2795 omnia
1168 2746 1339 2805 facere,
1362 2749 1498 2797 obse·

437 2814 518 2876 qui
553 2813 644 2862 Ph.
682 2813 716 2870 i,
739 2815 788 2861 2.
812 2816 876 2862 28
921 2811 1047 2873 Eho,
1068 2826 1164 2858 non
1183 2819 1236 2859 tu
1257 2812 1374 2860 dixti
1397 2829 1499 2861 esse

435 2877 562 2926 inter
580 2893 664 2926 eos
686 2874 987 2924 inimicitias?
1022 2873 1085 2924 A.
1121 2891 1168 2933 v,
1191 2880 1239 2924 2.
1263 2881 1323 2926 11
1359 2875 1498 2924 Nihil

437 2948 512 2989 est
543 2943 674 3003 quod
711 2940 890 2996 maiitn,
922 2954 1061 3003 quarn
1104 2939 1234 2987 illam
1275 2939 1499 2988 familiam

439 3005 556 3052 mihi
576 3005 677 3052 dari
698 3004 902 3061 obviarn,
923 3010 978 3050 nt
997 3003 1112 3051 iram
1124 3003 1174 3050 in
1193 3019 1274 3051 eos
1289 3018 1500 3052 evomam

437 3068 538 3116 Ad.
557 3068 632 3125 iii.
655 3074 704 3118 2.
728 3072 789 3118 14
824 3067 898 3115 Ea
915 3067 1074 3115 abillo
1089 3067 1502 3117 animadvertenda

439 3132 616 3196 injuria
636 3141 709 3182 est
737 3133 802 3180 A.
825 3132 859 3188 i,
883 3136 932 3181 1.
956 3136 1052 3181 129
1085 3131 1244 3179 Samia
1264 3132 1376 3180 mihi
1402 3149 1502 3180 ma-

440 3204 510 3246 ter
526 3197 650 3258 fuit3
670 3214 729 3246 ea
749 3195 991 3245 habitabat
1006 3195 1172 3244 Rhodi
1199 3196 1291 3245 Eu.
1313 3196 1349 3255 i,
1368 3202 1417 3246 2.
1435 3201 1499 3246 27

441 3263 514 3310 Ea
535 3263 655 3310 obiit
689 3269 884 3310 mortem
935 3260 1059 3310 Hea.
1090 3260 1144 3318 ii,
1169 3265 1216 3309 3.
1241 3266 1304 3311 36
1347 3262 1503 3310 Tanta

440 3327 646 3438 2¹3⁵}ss
668 3326 736 3438 (Ξῖ
749 3341 824 3439 ¹2⁶
841 3325 1062 3440 ῗῗιῗὶἱι
1073 3325 1502 3454 ἶῖῖ“ἲ.ἔίι,ἒὶ“ι“ἒξὲ

439 3455 688 3503 hereditas
720 3455 813 3502 He.
836 3453 873 3511 i,
895 3458 943 3503 2.
962 3458 1024 3504 97
1059 3452 1130 3501 Ea
1162 3455 1392 3502 serviebat
1433 3456 1502 3502 le-

440 3520 556 3568 noni
573 3519 885 3583 impurissimo
918 3517 1008 3567 Ph.
1034 3517 1068 3574 i,
1086 3522 1136 3566 2.
1159 3522 1222 3566 33
1266 3517 1504 3581 Importu-

443 3585 638 3631 nitatem
655 3591 868 3647 spectate
897 3581 1133 3642 aniculam
1166 3582 1281 3646 quia
1309 3597 1504 3646 compo-

445 3646 534 3694 trix
554 3647 658 3722 ejus
676 3655 749 3696 est
779 3648 842 3697 A.
866 3647 902 3705 i,
920 3652 970 3697 4.
995 3653 1024 3696 5
1067 3645 1171 3694 Scis
1190 3646 1379 3695 fratrem
1401 3647 1508 3712 ejus

443 3711 690 3774 (virgmis)
711 3727 810 3760 esse
825 3713 1036 3775 apprime
1058 3710 1304 3760 nobilem?
1339 3711 1432 3760 Eu.
1452 3729 1507 3771 v,

444 3780 494 3825 5.
516 3780 577 3823 16
611 3774 730 3836 Ejus
749 3777 883 3824 anuis
905 3791 1064 3832 eausa,
1097 3775 1269 3839 opinor
1299 3776 1425 3824 Hea.
1454 3775 1505 3832 ii,

446 3842 494 3888 3.
516 3843 584 3889 46
616 3838 863 3899 obsecrat,
881 3838 966 3887 sibi
989 3847 1043 3887 ut
1063 3839 1167 3903 ejus
1189 3839 1416 3904 (puellm)
1436 3840 1507 3886 fa-

439 3904 538 3952 ciat
553 3903 737 3967 copiam
757 3904 848 3951 Ph.
864 3903 900 3960 i,
915 3907 964 3951 2.
981 3908 1044 3952 63
1062 3903 1214 3951 Dabis
1225 3905 1270 3952 ei
1307 3904 1508 3968 Thaidi)

447 3968 568 4016 ultro
591 3967 876 4031 supplicium
910 3967 1000 4014 Eu.
1030 3968 1068 4023 i,
1093 3973 1138 4016 1.
1160 3973 1226 4017 24
1325 3985 1400 4016 uae
1436 3976 1510 4016 est

447 4033 578 4081 dicta
600 4041 744 4081 mater
764 4047 866 4080 esse
888 4031 933 4078 ei
953 4029 1270 4095 (Antiphila)
1291 4034 1506 4090 antehac,

447 4113 544 4145 non
567 4097 658 4146 fuit
689 4096 813 4145 Hea.
854 4095 907 4151 ii,
929 4099 978 4144 3.
1000 4098 1066 4144 29
1100 4094 1220 4151 Qum
1263 4111 1334 4144 res
1373 4095 1424 4143 in
1457 4113 1506 4144 se

447 4177 602 4225 neque
621 4162 868 4209 consilium
889 4160 1050 4219 habet,
1080 4173 1182 4206 eam
1215 4161 1414 4208 consilio
1435 4176 1506 4209 re-

449 4241 556 4288 gere
593 4242 690 4274 non
734 4233 869 4290 potes
902 4224 994 4272 Eu.
1032 4222 1067 4278 i,
1094 4227 1140 4271 1.
1168 4227 1228 4272 13
1282 4223 1365 4272 Ad
1403 4239 1506 4272 eam

451 4303 554 4336 rem·
569 4297 752 4404 {empna
771 4307 867 4338 non
887 4296 988 4338 erat
1008 4286 1124 4400 ‚Rufi
1169 4287 1234 4351 iv,
1255 4293 1302 4403 Ῑὲ
1325 4289 1507 4402 71οιἳιιῖείξί

450 4368 556 4401 earn
607 4370 681 4404 me
707 4369 858 4403 civem
887 4368 1018 4402 esse.
1125 4367 1172 4401 u.
1207 4369 1253 4415 v,
1307 4386 1322 4402 .

451 4419 514 4467 ob
545 4433 648 4468 eam
681 4435 774 4469 ren
807 4417 938 4468 vobis
971 4417 1066 4466 vita
1099 4432 1203 4468 mea
1233 4416 1383 4468 invisa
1414 4426 1506 4477 est,

1557 765 1606 806 te
1640 759 1935 806 obsecramus
1974 758 2141 813 ambre,
2179 756 2219 805 si
2250 756 2412 820 jus‚si
2432 758 2503 807 fas
2534 765 2627 816 est,

1559 821 1630 870 uti
1661 822 1756 870 He.
1792 822 1866 879 iii,
1886 826 1934 871 3.
1956 826 2018 871 27
2074 821 2159 869 Sin
2190 830 2261 869 est
2294 823 2357 868 ob
2389 836 2491 869 eam
2530 838 2627 871 rem

1556 885 1703 934 iratus
1724 894 1911 951 gnatus,
1926 886 2054 950 quod
2090 885 2187 934 He.
2209 902 2257 941 v,
2270 890 2319 935 2.
2340 888 2403 935 14
2436 886 2510 934 Ea
2524 886 2629 951 lege

1560 958 1704 1014 atque
1726 950 1899 1007 omine,
1925 958 1998 1007 ut,
2018 950 2059 997 si
2089 948 2157 998 A.
2198 950 2233 1008 i,
2254 954 2303 999 2.
2321 954 2387 999 29
2432 950 2505 997 Ea
2525 966 2630 1013 gra-

1560 1014 1629 1062 tia
1649 1030 1808 1064 secum
1832 1014 2101 1071 adduxisse,
2132 1029 2195 1062 ne
2243 1013 2367 1062 Hes.
2404 1013 2471 1071 iv,
2494 1021 2541 1064 5.
2564 1019 2630 1065 26

1560 1078 1634 1125 Ea
1656 1079 1759 1143 lege
1780 1082 1872 1128 hoc
1894 1080 2015 1128 adeo
2036 1078 2203 1127 faciam
2230 1095 2245 1138 3
2269 1079 2309 1126 si
2329 1077 2465 1141 facit,
2499 1080 2629 1142 quod

1560 1143 1687 1193 Hea.
1708 1161 1756 1202 v,
1774 1150 1824 1194 5.
1849 1147 1913 1193 16
1946 1144 2020 1192 E·
2034 1142 2134 1207 Jam
2157 1149 2297 1191 aetate
2314 1158 2436 1200 sum,
2462 1150 2514 1190 ut
2536 1142 2633 1193 He.

1561 1224 1613 1264 v,
1635 1214 1683 1258 1.
1704 1213 1768 1258 16
1822 1208 2017 1269 Curavi,
2050 1207 2239 1271 propria
2258 1222 2318 1255 ea
2337 1206 2558 1255 Phaedria
2580 1215 2634 1256 ut

1563 1272 1794 1335 potiretur
1849 1272 1941 1321 Ph.
1985 1288 2033 1335 v,
2063 1277 2111 1321 5.
2150 1276 2182 1321 2
2237 1271 2317 1320 Ad
2362 1286 2494 1319 exem
2533 1271 2633 1320 lum

1563 1336 1803 1384 ambarum
1826 1350 1975 1385 mores
1998 1349 2155 1384 earum
2171 1335 2444 1384 existimans
2528 1352 2574 1386 e.
2596 1335 2635 1394 i,

1562 1405 1614 1452 2.
1638 1406 1703 1450 88
1738 1401 1893 1463 Exple
1915 1400 2121 1447 animum
2144 1400 2219 1460 iis,
2242 1409 2297 1448 ut
2316 1401 2516 1448 credant
2536 1400 2633 1449 He.

1564 1480 1614 1525 v,
1638 1470 1685 1514 2.
1707 1469 1766 1514 21
1794 1465 1901 1512 Nisi
1913 1465 1950 1512 si
1966 1465 2015 1513 id
2032 1472 2121 1522 est,
2139 1467 2267 1529 quod
2287 1462 2497 1528 suspicor
2513 1464 2576 1515 A.
2601 1465 2638 1522 i,

1566 1535 1615 1579 5.
1638 1533 1699 1578 14
1734 1528 1919 1593 Adjuta
1934 1544 2029 1587 me,
2046 1544 2141 1592 quo
2157 1530 2207 1577 id
2226 1529 2308 1577 fiat
2325 1529 2510 1577 facilius
2544 1528 2636 1577 Eu.

1564 1593 1600 1649 i,
1624 1597 1671 1641 2.
1693 1597 1758 1642 76
1791 1594 1870 1639 An
1894 1592 2004 1657 quia
2066 1594 2213 1642 udet?
2249 1593 2340 1642 Ch.
2378 1592 2436 1639 Id
2458 1593 2633 1657 ipsum.

1565 1657 1609 1706 P
1648 1694 1659 1705 .
1693 1656 1752 1705 Id
1778 1658 1969 1720 ipsum?
2044 1674 2096 1707 u.
2119 1673 2169 1719 v,
2188 1660 2237 1706 2.
2258 1661 2323 1707 69
2356 1654 2465 1705 Jam
2488 1658 2538 1704 id
2554 1672 2637 1705 ex-

1565 1738 1601 1785 p
1620 1729 1802 1833 ongum
1826 1722 2262 1836 pskP-h.¹ivi}b2}
2290 1720 2433 1832 ῌέιιὲο
2449 1722 2497 1768 id
2518 1737 2635 1785 ope·

1565 1802 1662 1833 ram
1721 1801 1821 1841 o,u
1929 1802 1998 1843 .1,
2056 1818 2071 1834 .
2262 1800 2328 1834 er
2418 1800 2547 1834 areo
2612 1812 2635 1825 -

1565 1866 1682 1906 ram,
1705 1850 1789 1914 qui
1818 1850 1959 1897 istum
1992 1864 2195 1899 amorem
2228 1866 2285 1898 ex
2318 1850 2474 1897 animo
2504 1802 2634 1898 agg·

1565 1930 1677 1963 veas
1698 1922 1802 1974 tuo,
1824 1929 1965 1977 quarn
1987 1914 2035 1962 id
2060 1914 2209 1980 loqui,
2228 1930 2324 1979 quo
2361 1913 2427 1963 A.
2448 1914 2567 1971 im.
2583 1919 2636 1965 7.

1567 1983 1599 2028 8
1645 1978 1705 2026 Id
1730 1994 1884 2042 agam,
1903 1979 2016 2027 mihi
2038 1979 2123 2043 qui
2144 1994 2206 2027 ne
2230 1980 2368 2027 detur
2407 1977 2469 2026 A.
2506 1978 2561 2039 ii,
2584 1984 2633 2029 1.

1568 2048 1631 2092 35
1668 2042 1729 2089 Id
1752 2058 1914 2105 pares,
1935 2059 1997 2091 ne
2020 2045 2169 2091 ducas
2192 2050 2245 2091 tu
2267 2042 2397 2090 illam
2428 2042 2494 2091 A.
2516 2043 2571 2105 ii,
2589 2047 2642 2092 2.

1569 2110 1633 2155 12
1667 2107 1719 2154 si
1739 2108 1787 2153 id
1813 2114 2089 2155 succenseat
2109 2122 2256 2166 nune,
2276 2108 2387 2171 quia
2420 2107 2485 2155 A.
2509 2106 2566 2163 ii,
2588 2110 2638 2155 3.

1567 2175 1600 2220 2
1618 2170 1677 2218 Id
1701 2178 1951 2234 propterea
1979 2186 2107 2221 nune
2127 2172 2256 2220 hunc
2278 2171 2542 2219 venientem
2566 2186 2640 2219 se·

1567 2234 1780 2347 ἓξὲἘέ·
1801 2235 1995 2349 ῗί5·οῗ»
2026 2234 2531 2348 ἓῗνὲῗέἑῗιῗῖἑῗέἓ
2555 2250 2641 2347 ζξὶ

1567 2362 1664 2414 Eu.
1701 2362 1773 2420 iii,
1798 2332 1845 2412 1⁹.
1869 2367 1900 2412 3
1934 2362 2089 2427 quue
2111 2364 2233 2411 adeo
2259 2364 2421 2420 visam,
2446 2364 2487 2411 si
2507 2314 2641 2413 ‹i'omi

1568 2434 1643 2476 est
1690 2426 1783 2475 Eu.
1820 2426 1891 2483 iii,
1912 2431 1961 2476 4.
1984 2431 2015 2476 7
2067 2426 2212 2476 Nunc
2258 2427 2307 2475 id
2346 2429 2542 2494 prodeo,
2584 2435 2641 2476 ut

1567 2493 1847 2541 conveniam
1869 2491 2213 2541 Parmenonem
2246 2491 2339 2542 Eu.
2362 2511 2410 2551 v,
2431 2497 2481 2544 7.
2496 2497 2527 2543 4
2562 2494 2637 2542 Si-

1569 2558 1762 2620 quidem
1782 2557 1836 2605 id
1860 2571 2023 2620 sapere
2044 2567 2135 2620 est,
2169 2557 2289 2606 velle
2324 2565 2371 2604 te
2400 2557 2471 2614 id,
2507 2559 2637 2621 quod

1569 2621 1695 2670 Hea.
1717 2621 1771 2682 ii,
1792 2624 1842 2669 3.
1866 2625 1929 2670 83
1964 2620 2023 2669 Id
2047 2636 2155 2669 cum
2179 2621 2420 2680 studuisti,
2442 2622 2519 2669 isti
2541 2623 2637 2670 for-

1569 2699 1661 2732 mae
1684 2691 1737 2730 ut
1757 2699 1907 2732 mores
1931 2685 2201 2733 consimiles
2223 2687 2379 2734 forent
2424 2685 2548 2735 Hea.
2584 2687 2637 2744 ii,

1569 2753 1620 2797 4.
1642 2753 1675 2797 2
1725 2745 1857 2795 Duru
1889 2747 1942 2794 id
1974 2763 2153 2824 quaro,
2177 2749 2263 2796 tibi
2285 2749 2370 2813 qui
2391 2749 2541 2797 filium
2564 2766 2638 2798 re-

1571 2812 1811 2859 stituerem
1834 2811 1960 2861 Hea.
1984 2812 2058 2873 xii,
2074 2817 2120 2862 1.
2142 2817 2206 2862 83
2230 2812 2385 2878 quue
2407 2814 2527 2860 adeo
2550 2815 2638 2861 mi-

1571 2891 1664 2937 ror,
1698 2876 1938 2939 quomodo
1972 2876 2095 2924 Hea.
2134 2893 2182 2939 v,
2203 2881 2250 2925 3.
2272 2882 2305 2927 2
2359 2877 2533 2941 Cogito
2568 2878 2641 2941 id,

1571 2940 1702 3002 quod
1722 2955 1795 2986 res
1815 2946 1889 2987 est
1919 2937 2015 2988 Ad.
2035 2940 2089 2997 ii,
2113 2945 2158 2990 1.
2183 2945 2247 2991 52
2281 2941 2445 3004 Ipsum
2467 2942 2517 2988 id
2542 2957 2638 2990 me·

1571 3011 1675 3061 tuo,
1699 3011 1753 3051 ut
1774 3005 1971 3052 credant
2002 3002 2101 3054 Ad.
2142 3005 2205 3063 ir,
2229 3010 2277 3054 4.
2301 3010 2362 3055 17
2414 3005 2472 3053 Id
2506 3007 2637 3069 quod

1572 3083 1650 3115 me
1672 3075 1865 3131 repente
1895 3077 2175 3131 aspexerant
2204 3069 2300 3117 He.
2337 3070 2406 3125 iii,
2426 3074 2476 3118 3.
2500 3075 2531 3120 8
2562 3071 2637 3118 Τιι

1573 3130 1645 3195 id,
1664 3133 1793 3195 quod
1818 3132 1930 3180 boni
1951 3139 2044 3191 est,
2064 3135 2277 3196 excerpis
2310 3134 2401 3181 Ph.
2417 3134 2485 3197 iv,
2502 3139 2551 3182 4.
2575 3140 2636 3186 18

1572 3195 1635 3244 In
1654 3196 1707 3243 id
1728 3197 1947 3245 redactus
1968 3213 2071 3245 sum
2092 3197 2203 3254 ioci,
2222 3206 2277 3246 ut
2309 3198 2401 3245 Ph.
2434 3214 2479 3254 v,
2501 3203 2549 3246 7.
2572 3203 2638 3248 86

1572 3260 1635 3307 In
1656 3277 1714 3308 eo
1734 3261 1981 3325 disputant
2010 3261 2077 3311 A.
2115 3261 2242 3311 Ptol.
2268 3267 2329 3312 15
2385 3262 2459 3310 Eo
2496 3270 2638 3326 paeto

1574 3326 1703 3389 apud
1726 3333 1776 3374 te
1798 3341 1903 3374 meo
1924 3324 2015 3374 erit
2034 3326 2230 3389 ingenio
2252 3326 2389 3385 fides,
2404 3343 2512 3374 curn
2544 3327 2641 3376 He.

1571 3389 1646 3448 iii,
1670 3395 1720 3440 5.
1742 3395 1809 3440 24
1855 3390 1930 3438 Τιι
1969 3391 2097 3438 haud
2120 3391 2371 3468 quicquam
2394 3391 2527 3450 mihi,
2550 3392 2642 3440 nisi

1574 3470 1651 3510 ea,
1672 3471 1779 3520 quae
1800 3454 1918 3502 nihil
1936 3469 2059 3517 opus
2074 3463 2185 3503 sunt
2200 3471 2317 3504 scire
2348 3455 2413 3504 A.
2432 3455 2490 3513 ii,
2510 3461 2555 3506 1.
2573 3461 2637 3507 37

1575 3518 1715 3581 Coepi
1734 3519 1873 3566 aliam
1894 3534 1991 3567 rem
2024 3535 2083 3568 ex
2114 3520 2209 3568 alia
2240 3520 2466 3582 cogitare,
2498 3527 2549 3567 et
2580 3535 2639 3568 ea

1577 3583 1808 3696 “mssitss?
1828 3582 2241 3698 pffifflss’fficm
2272 3585 2524 3696 3:233ss
2540 3588 2638 3714 ζ..

2220 3683 2235 3706 D
2496 3682 2512 3705 2

1576 3712 1651 3759 vis
1682 3711 1807 3760 Hes.
1826 3711 1898 3769 iii,
1922 3715 1971 3761 3.
1992 3716 2056 3761 27

1644 3775 1761 3832 Iste,
1798 3790 1845 3832 a,
1884 3775 1965 3824 ud.
2032 3775 2123 3824 Nae
2159 3774 2248 3822 iste
2284 3775 2410 3821 haud
2454 3791 2637 3823 mecum

1579 3841 1724 3888 sentit
1754 3838 1820 3889 A.
1840 3839 1893 3897 ii,
1918 3844 1963 3888 1.
1984 3843 2049 3888 24
2082 3838 2203 3895 Quis
2225 3839 2317 3886 fuit
2334 3839 2509 3902 igitur?
2542 3838 2637 3904 Py.

1579 3904 1680 3953 Iste
1702 3906 1915 3965 Chaerea,
1935 3904 2027 3951 iste
2048 3904 2259 3966 ephebus
2292 3903 2383 3950 Eu.
2408 3920 2455 3957 v,
2475 3907 2523 3951 1.
2538 3908 2586 3953 7.
2606 3909 2637 3954 8

1579 3968 1677 4017 Iste
1699 3976 1825 4024 tuus,
1844 3969 1947 4031 ipse
1967 3968 2139 4014 sentiet
2160 3967 2389 4029 posterius
2421 3967 2517 4014 Ad.
2538 3967 2573 4024 i,
2588 3971 2638 4019 2.

1578 4038 1645 4082 59
1678 4032 1791 4081 Νοιι
1810 4032 1965 4081 hercle
1986 4047 2043 4079 ex
2064 4047 2113 4079 re
2135 4031 2269 4078 istius
2296 4046 2371 4078 me
2404 4031 2639 4095 instigasti

1580 4097 1672 4145 Ph.
1710 4115 1755 4154 v,
1776 4101 1827 4146 7.
1846 4101 1913 4146 76
1963 4095 2091 4152 Quid
2122 4094 2199 4142 isti
2232 4094 2500 4160 (eunucho)
2539 4112 2639 4145 cre-

1579 4162 1723 4210 dam?
1772 4161 1862 4209 En.
1900 4161 1965 4218 iv,
1998 4165 2047 4208 4.
2082 4162 2146 4208 38
2200 4158 2453 4208 Hominem
2497 4160 2638 4208 istum

1578 4225 1941 4288 impurissimum
1964 4221 2243 4271 absolvitote
2290 4222 2387 4271 Ad.
2421 4224 2476 4281 ii,
2500 4229 2549 4274 4.
2575 4229 2638 4274 17

1579 4289 1702 4338 Cum
1728 4289 1879 4338 milite
1900 4289 1990 4337 isto
2047 4303 2231 4344 roseus,
2259 4289 2426 4338 absens
2452 4295 2508 4336 ut
2542 4289 2637 4346 sies

1579 4353 1669 4404 Eu.
1692 4355 1726 4416 i,
1746 4359 1795 4404 2.
1820 4358 1915 4404 112
1962 4352 1988 4401 Ῑ
2052 4352 2131 4400 isti
2166 4352 2636 4416 vituperant-factum

1577 4417 1644 4467 A.
1668 4419 1795 4469 Prol.
1838 4423 1895 4468 15
1948 4417 2075 4476 Quid
2096 4418 2115 4465 ?
2160 4417 2237 4466 isti
2274 4425 2325 4466 te
2360 4417 2641 4480 ignorabant
