<?xml version="1.0" encoding="UTF-8"?>
<!DOCTYPE html PUBLIC "-//W3C//DTD XHTML 1.0 Transitional//EN"
    "http://www.w3.org/TR/xhtml1/DTD/xhtml1-transitional.dtd">
<html xmlns="http://www.w3.org/1999/xhtml" xml:lang="en" lang="en">
 <head>
  <title>
</title>
<meta http-equiv="Content-Type" content="text/html;charset=utf-8" />
  <meta name='ocr-system' content='tesseract 3.04.00' />
  <meta name='ocr-capabilities' content='ocr_page ocr_carea ocr_par ocr_line ocrx_word'/>
</head>
<body>
  <div class='ocr_page' id='page_1' title='image "./comoedisex09westgoog_0334.png"; bbox 0 0 3192 4975; ppageno 0'>
   <div class='ocr_carea' id='block_1_1' title="bbox 555 390 1769 457">
    <p class='ocr_par' dir='ltr' id='par_1_1' title="bbox 555 390 1769 457">
     <span class='ocr_line' id='line_1_1' title="bbox 555 390 1769 457; baseline -0.007 0"><span class='ocrx_word' id='word_1_1' title='bbox 555 390 771 457; x_wconf 79' lang='lat' dir='ltr'><strong>clxxx</strong></span> <span class='ocrx_word' id='word_1_2' title='bbox 1523 403 1601 453; x_wconf 76' lang='lat' dir='ltr'><strong>m</strong></span> <span class='ocrx_word' id='word_1_3' title='bbox 1616 401 1769 451; x_wconf 75' lang='lat' dir='ltr'><strong>nex</strong></span> 
     </span>
    </p>
   </div>
   <div class='ocr_carea' id='block_1_2' title="bbox 555 551 1648 4260">
    <p class='ocr_par' dir='ltr' id='par_1_2' title="bbox 555 551 1620 1243">
     <span class='ocr_line' id='line_1_2' title="bbox 555 551 1609 617; baseline -0.004 -12"><span class='ocrx_word' id='word_1_4' title='bbox 555 556 683 617; x_wconf 73' lang='lat' dir='ltr'><strong>imus</strong></span> <span class='ocrx_word' id='word_1_5' title='bbox 703 556 926 605; x_wconf 70' lang='lat' dir='ltr'><strong>formam:</strong></span> <span class='ocrx_word' id='word_1_6' title='bbox 959 560 1012 599; x_wconf 87' lang='lat' dir='ltr'><strong>tu</strong></span> <span class='ocrx_word' id='word_1_7' title='bbox 1049 551 1191 615; x_wconf 82' lang='lat' dir='ltr'><strong>hujus</strong></span> <span class='ocrx_word' id='word_1_8' title='bbox 1222 559 1386 601; x_wconf 82' lang='lat' dir='ltr'><strong>contra</strong></span> <span class='ocrx_word' id='word_1_9' title='bbox 1411 551 1513 601; x_wconf 77' lang='lat' dir='ltr'><strong>Eu.</strong></span> <span class='ocrx_word' id='word_1_10' title='bbox 1531 551 1609 611; x_wconf 81' lang='lat' dir='ltr'><strong>iii,</strong></span> 
     </span>
     <span class='ocr_line' id='line_1_3' title="bbox 561 615 1610 685; baseline -0.005 -15"><span class='ocrx_word' id='word_1_11' title='bbox 561 623 608 685; x_wconf 67' lang='grc'><strong>1.</strong></span> <span class='ocrx_word' id='word_1_12' title='bbox 633 625 695 670; x_wconf 70' lang='grc'><strong>58</strong></span> <span class='ocrx_word' id='word_1_13' title='bbox 729 620 860 677; x_wconf 86' lang='lat' dir='ltr'>Quid</span> <span class='ocrx_word' id='word_1_14' title='bbox 899 633 989 681; x_wconf 83' lang='lat' dir='ltr'><strong>ego</strong></span> <span class='ocrx_word' id='word_1_15' title='bbox 1023 615 1128 679; x_wconf 85' lang='lat' dir='ltr'><strong>ejus</strong></span> <span class='ocrx_word' id='word_1_16' title='bbox 1149 617 1238 665; x_wconf 84' lang='lat' dir='ltr'><strong>tibi</strong></span> <span class='ocrx_word' id='word_1_17' title='bbox 1278 632 1402 665; x_wconf 87' lang='lat' dir='ltr'><strong>nunc</strong></span> <span class='ocrx_word' id='word_1_18' title='bbox 1439 617 1610 666; x_wconf 79' lang='lat' dir='ltr'><strong>faciem</strong></span> 
     </span>
     <span class='ocr_line' id='line_1_4' title="bbox 557 680 1609 749; baseline -0.001 -17"><span class='ocrx_word' id='word_1_19' title='bbox 557 684 828 749; x_wconf 66' lang='lat' dir='ltr'><strong>praedicem,</strong></span> <span class='ocrx_word' id='word_1_20' title='bbox 867 688 950 729; x_wconf 86' lang='lat' dir='ltr'><strong>aut</strong></span> <span class='ocrx_word' id='word_1_21' title='bbox 1003 680 1224 728; x_wconf 84' lang='lat' dir='ltr'><strong>laudem?</strong></span> <span class='ocrx_word' id='word_1_22' title='bbox 1276 681 1366 729; x_wconf 91' lang='lat' dir='ltr'><strong>Eu.</strong></span> <span class='ocrx_word' id='word_1_23' title='bbox 1384 680 1454 737; x_wconf 85' lang='lat' dir='ltr'><strong>iii,</strong></span> <span class='ocrx_word' id='word_1_24' title='bbox 1477 688 1524 731; x_wconf 90' lang='grc'><strong>5.</strong></span> <span class='ocrx_word' id='word_1_25' title='bbox 1548 686 1609 731; x_wconf 99' lang='grc'><strong>17</strong></span> 
     </span>
     <span class='ocr_line' id='line_1_5' title="bbox 559 745 1613 808; baseline -0.002 -13"><span class='ocrx_word' id='word_1_26' title='bbox 559 748 688 806; x_wconf 85' lang='lat' dir='ltr'><strong>Quid</strong></span> <span class='ocrx_word' id='word_1_27' title='bbox 707 760 1062 795; x_wconf 83' lang='lat' dir='ltr'>commemorem</span> <span class='ocrx_word' id='word_1_28' title='bbox 1084 746 1301 808; x_wconf 85' lang='lat' dir='ltr'><strong>primum,</strong></span> <span class='ocrx_word' id='word_1_29' title='bbox 1321 753 1404 795; x_wconf 81' lang='lat' dir='ltr'><strong>aut</strong></span> <span class='ocrx_word' id='word_1_30' title='bbox 1424 745 1613 793; x_wconf 81' lang='lat' dir='ltr'><strong>laudem</strong></span> 
     </span>
     <span class='ocr_line' id='line_1_6' title="bbox 557 808 1613 872; baseline -0.002 -11"><span class='ocrx_word' id='word_1_31' title='bbox 557 810 806 861; x_wconf 72' lang='lat' dir='ltr'><strong>maxume?</strong></span> <span class='ocrx_word' id='word_1_32' title='bbox 856 810 949 859; x_wconf 84' lang='lat' dir='ltr'><strong>Eu.</strong></span> <span class='ocrx_word' id='word_1_33' title='bbox 973 824 1018 865; x_wconf 89' lang='lat' dir='ltr'><strong>v,</strong></span> <span class='ocrx_word' id='word_1_34' title='bbox 1041 813 1092 860; x_wconf 90' lang='grc'><strong>0.</strong></span> <span class='ocrx_word' id='word_1_35' title='bbox 1117 814 1179 859; x_wconf 88' lang='grc'><strong>14</strong></span> <span class='ocrx_word' id='word_1_36' title='bbox 1223 808 1354 866; x_wconf 85' lang='lat' dir='ltr'>Quid</span> <span class='ocrx_word' id='word_1_37' title='bbox 1377 825 1466 872; x_wconf 79' lang='lat' dir='ltr'><strong>ego</strong></span> <span class='ocrx_word' id='word_1_38' title='bbox 1485 824 1613 859; x_wconf 78' lang='lat' dir='ltr'><strong>nunc</strong></span> 
     </span>
     <span class='ocr_line' id='line_1_7' title="bbox 559 872 1617 930; baseline -0.004 -5"><span class='ocrx_word' id='word_1_39' title='bbox 559 884 610 925; x_wconf 84' lang='lat' dir='ltr'><strong>te</strong></span> <span class='ocrx_word' id='word_1_40' title='bbox 641 874 863 925; x_wconf 84' lang='lat' dir='ltr'><strong>laudem?</strong></span> <span class='ocrx_word' id='word_1_41' title='bbox 895 873 994 922; x_wconf 85' lang='lat' dir='ltr'><strong>Ad.</strong></span> <span class='ocrx_word' id='word_1_42' title='bbox 1014 874 1067 930; x_wconf 83' lang='lat' dir='ltr'><strong>ii,</strong></span> <span class='ocrx_word' id='word_1_43' title='bbox 1089 877 1137 921; x_wconf 78' lang='lat'><strong>8.</strong></span> <span class='ocrx_word' id='word_1_44' title='bbox 1158 878 1188 923; x_wconf 71' lang='lat'>⁸</span> <span class='ocrx_word' id='word_1_45' title='bbox 1223 872 1334 922; x_wconf 85' lang='lat' dir='ltr'><strong>Uno</strong></span> <span class='ocrx_word' id='word_1_46' title='bbox 1356 890 1436 921; x_wconf 85' lang='lat' dir='ltr'><strong>ore</strong></span> <span class='ocrx_word' id='word_1_47' title='bbox 1457 872 1617 921; x_wconf 81' lang='lat' dir='ltr'><strong>onmia</strong></span> 
     </span>
     <span class='ocr_line' id='line_1_8' title="bbox 561 937 1619 993; baseline -0.002 -6"><span class='ocrx_word' id='word_1_48' title='bbox 561 942 688 992; x_wconf 70' lang='lat' dir='ltr'><strong>bota</strong></span> <span class='ocrx_word' id='word_1_49' title='bbox 705 939 880 993; x_wconf 79' lang='lat' dir='ltr'><strong>dicere,</strong></span> <span class='ocrx_word' id='word_1_50' title='bbox 899 947 948 987; x_wconf 83' lang='lat' dir='ltr'><strong>et</strong></span> <span class='ocrx_word' id='word_1_51' title='bbox 967 937 1156 985; x_wconf 86' lang='lat' dir='ltr'><strong>laudare</strong></span> <span class='ocrx_word' id='word_1_52' title='bbox 1173 937 1379 985; x_wconf 83' lang='lat' dir='ltr'><strong>fortunas</strong></span> <span class='ocrx_word' id='word_1_53' title='bbox 1394 952 1520 985; x_wconf 78' lang='lat' dir='ltr'><strong>meas</strong></span> <span class='ocrx_word' id='word_1_54' title='bbox 1550 937 1619 985; x_wconf 99' lang='lat' dir='ltr'><strong>A.</strong></span> 
     </span>
     <span class='ocr_line' id='line_1_9' title="bbox 561 1001 1619 1063; baseline -0.002 -12"><span class='ocrx_word' id='word_1_55' title='bbox 561 1004 598 1062; x_wconf 87' lang='lat' dir='ltr'><strong>i,</strong></span> <span class='ocrx_word' id='word_1_56' title='bbox 613 1008 659 1053; x_wconf 86' lang='lat'><strong>1.</strong></span> <span class='ocrx_word' id='word_1_57' title='bbox 681 1008 746 1054; x_wconf 97' lang='grc'><strong>70</strong></span> <span class='ocrx_word' id='word_1_58' title='bbox 779 1001 880 1063; x_wconf 87' lang='lat' dir='ltr'><strong>Ab,</strong></span> <span class='ocrx_word' id='word_1_59' title='bbox 899 1016 1059 1051; x_wconf 88' lang='lat' dir='ltr'><strong>vereor</strong></span> <span class='ocrx_word' id='word_1_60' title='bbox 1079 1017 1235 1051; x_wconf 84' lang='lat' dir='ltr'><strong>coram</strong></span> <span class='ocrx_word' id='word_1_61' title='bbox 1246 1002 1294 1048; x_wconf 90' lang='lat' dir='ltr'><strong>in</strong></span> <span class='ocrx_word' id='word_1_62' title='bbox 1307 1002 1619 1049; x_wconf 83' lang='lat' dir='ltr'><strong>ostelaudare</strong></span> 
     </span>
     <span class='ocr_line' id='line_1_10' title="bbox 561 1064 1619 1131; baseline -0.002 -16"><span class='ocrx_word' id='word_1_63' title='bbox 561 1067 765 1131; x_wconf 85' lang='lat' dir='ltr'><strong>amplius</strong></span> <span class='ocrx_word' id='word_1_64' title='bbox 797 1066 896 1114; x_wconf 92' lang='lat' dir='ltr'><strong>Ad.</strong></span> <span class='ocrx_word' id='word_1_65' title='bbox 916 1064 969 1121; x_wconf 80' lang='lat' dir='ltr'><strong>ii,</strong></span> <span class='ocrx_word' id='word_1_66' title='bbox 991 1069 1043 1115; x_wconf 97' lang='grc'><strong>4.</strong></span> <span class='ocrx_word' id='word_1_67' title='bbox 1063 1071 1092 1113; x_wconf 95' lang='grc'><strong>5</strong></span> <span class='ocrx_word' id='word_1_68' title='bbox 1129 1064 1232 1127; x_wconf 78' lang='lat' dir='ltr'><strong>Ego</strong></span> <span class='ocrx_word' id='word_1_69' title='bbox 1251 1066 1302 1112; x_wconf 90' lang='lat' dir='ltr'><strong>in</strong></span> <span class='ocrx_word' id='word_1_70' title='bbox 1322 1067 1412 1113; x_wconf 89' lang='lat' dir='ltr'><strong>hac</strong></span> <span class='ocrx_word' id='word_1_71' title='bbox 1430 1082 1479 1113; x_wconf 88' lang='lat' dir='ltr'><strong>re</strong></span> <span class='ocrx_word' id='word_1_72' title='bbox 1499 1066 1619 1113; x_wconf 87' lang='lat' dir='ltr'><strong>nihil</strong></span> 
     </span>
     <span class='ocr_line' id='line_1_11' title="bbox 559 1128 1620 1243; baseline 0 -1"><span class='ocrx_word' id='word_1_73' title='bbox 559 1128 1620 1243; x_wconf 49' lang='lat' dir='ltr'><strong>w?„qlfflz‘ssffrtsstzdxffiffffisszt</strong></span> 
     </span>
    </p>

    <p class='ocr_par' dir='ltr' id='par_1_3' title="bbox 565 1226 908 1309">
     <span class='ocr_line' id='line_1_12' title="bbox 644 1226 815 1253; baseline 0 -10"><span class='ocrx_word' id='word_1_74' title='bbox 644 1226 678 1243; x_wconf 57' lang='lat'><strong>0*</strong></span> <span class='ocrx_word' id='word_1_75' title='bbox 729 1230 746 1253; x_wconf 68' lang='lat'><em>,</em></span> <span class='ocrx_word' id='word_1_76' title='bbox 801 1231 815 1247; x_wconf 58' lang='grc' dir='ltr'><strong><em>η</em></strong></span> 
     </span>
     <span class='ocr_line' id='line_1_13' title="bbox 565 1258 908 1309; baseline -0.003 -2"><span class='ocrx_word' id='word_1_77' title='bbox 565 1258 664 1309; x_wconf 85' lang='lat' dir='ltr'><strong>Ad.</strong></span> <span class='ocrx_word' id='word_1_78' title='bbox 686 1260 733 1306; x_wconf 84' lang='lat' dir='ltr'><strong>iv</strong></span> <span class='ocrx_word' id='word_1_79' title='bbox 774 1264 821 1309; x_wconf 83' lang='lat' dir='ltr'><strong>l.</strong></span> <span class='ocrx_word' id='word_1_80' title='bbox 844 1262 908 1307; x_wconf 80' lang='lat'><strong>19</strong></span> 
     </span>
    </p>

    <p class='ocr_par' dir='ltr' id='par_1_4' title="bbox 564 1294 1631 2205">
     <span class='ocr_line' id='line_1_14' title="bbox 629 1294 1623 1383; baseline 0.001 -12"><span class='ocrx_word' id='word_1_81' title='bbox 629 1294 776 1371; x_wconf 53' lang='lat' dir='ltr'><strong>Lavi.</strong></span> <span class='ocrx_word' id='word_1_82' title='bbox 841 1322 906 1379; x_wconf 82' lang='lat' dir='ltr'><strong>It,</strong></span> <span class='ocrx_word' id='word_1_83' title='bbox 940 1321 1071 1377; x_wconf 67' lang='lat' dir='ltr'><strong>iavit,</strong></span> <span class='ocrx_word' id='word_1_84' title='bbox 1112 1322 1234 1369; x_wconf 65' lang='lat' dir='ltr'><strong>redit</strong></span> <span class='ocrx_word' id='word_1_85' title='bbox 1279 1321 1372 1371; x_wconf 70' lang='lat' dir='ltr'><strong>En.</strong></span> <span class='ocrx_word' id='word_1_86' title='bbox 1395 1321 1469 1383; x_wconf 72' lang='grc' dir='ltr'><strong>ῑῑῑ,</strong></span> <span class='ocrx_word' id='word_1_87' title='bbox 1484 1326 1533 1372; x_wconf 79' lang='lat'><strong>⁵.</strong></span> <span class='ocrx_word' id='word_1_88' title='bbox 1554 1325 1623 1372; x_wconf 72' lang='lat'><strong>4⁶</strong></span> 
     </span>
     <span class='ocr_line' id='line_1_15' title="bbox 564 1385 1623 1445; baseline -0.004 -9"><span class='ocrx_word' id='word_1_89' title='bbox 564 1387 698 1437; x_wconf 88' lang='lat' dir='ltr'><strong>Dum</strong></span> <span class='ocrx_word' id='word_1_90' title='bbox 739 1388 946 1435; x_wconf 87' lang='lat' dir='ltr'><strong>lavamus</strong></span> <span class='ocrx_word' id='word_1_91' title='bbox 996 1386 1088 1434; x_wconf 87' lang='lat' dir='ltr'><strong>Eu.</strong></span> <span class='ocrx_word' id='word_1_92' title='bbox 1107 1385 1181 1445; x_wconf 86' lang='lat' dir='ltr'><strong>iii,</strong></span> <span class='ocrx_word' id='word_1_93' title='bbox 1203 1392 1249 1435; x_wconf 89' lang='grc'><strong>5.</strong></span> <span class='ocrx_word' id='word_1_94' title='bbox 1273 1391 1340 1436; x_wconf 89' lang='grc'><strong>47</strong></span> <span class='ocrx_word' id='word_1_95' title='bbox 1379 1386 1432 1435; x_wconf 81' lang='lat' dir='ltr'><strong>si</strong></span> <span class='ocrx_word' id='word_1_96' title='bbox 1475 1385 1623 1443; x_wconf 81' lang='lat' dir='ltr'><strong>voles,</strong></span> 
     </span>
     <span class='ocr_line' id='line_1_16' title="bbox 568 1450 1624 1513; baseline -0.002 -14"><span class='ocrx_word' id='word_1_97' title='bbox 568 1453 726 1501; x_wconf 81' lang='lat' dir='ltr'><strong>lavato</strong></span> <span class='ocrx_word' id='word_1_98' title='bbox 761 1451 853 1500; x_wconf 88' lang='lat' dir='ltr'><strong>Eu.</strong></span> <span class='ocrx_word' id='word_1_99' title='bbox 879 1450 946 1506; x_wconf 87' lang='lat' dir='ltr'><strong>iii,</strong></span> <span class='ocrx_word' id='word_1_100' title='bbox 967 1455 1017 1499; x_wconf 93' lang='grc'><strong>5.</strong></span> <span class='ocrx_word' id='word_1_101' title='bbox 1037 1454 1103 1498; x_wconf 90' lang='grc'><strong>48</strong></span> <span class='ocrx_word' id='word_1_102' title='bbox 1137 1450 1339 1513; x_wconf 81' lang='lat' dir='ltr'><strong>Purgem</strong></span> <span class='ocrx_word' id='word_1_103' title='bbox 1369 1451 1480 1499; x_wconf 88' lang='lat' dir='ltr'><strong>me?</strong></span> <span class='ocrx_word' id='word_1_104' title='bbox 1505 1450 1624 1497; x_wconf 86' lang='lat' dir='ltr'><strong>late·</strong></span> 
     </span>
     <span class='ocr_line' id='line_1_17' title="bbox 570 1512 1623 1577; baseline -0.001 -14"><span class='ocrx_word' id='word_1_105' title='bbox 570 1532 670 1563; x_wconf 86' lang='lat' dir='ltr'><strong>rem</strong></span> <span class='ocrx_word' id='word_1_106' title='bbox 691 1516 840 1563; x_wconf 83' lang='lat' dir='ltr'><strong>lavem</strong></span> <span class='ocrx_word' id='word_1_107' title='bbox 860 1515 952 1562; x_wconf 88' lang='lat' dir='ltr'><strong>Ph.</strong></span> <span class='ocrx_word' id='word_1_108' title='bbox 975 1514 1009 1571; x_wconf 86' lang='lat' dir='ltr'><strong>i,</strong></span> <span class='ocrx_word' id='word_1_109' title='bbox 1030 1518 1078 1563; x_wconf 86' lang='lat'><strong>4.</strong></span> <span class='ocrx_word' id='word_1_110' title='bbox 1094 1519 1127 1562; x_wconf 89' lang='grc'><strong>0</strong></span> <span class='ocrx_word' id='word_1_111' title='bbox 1153 1514 1292 1563; x_wconf 89' lang='lat' dir='ltr'><strong>Nunc</strong></span> <span class='ocrx_word' id='word_1_112' title='bbox 1306 1514 1506 1577; x_wconf 87' lang='lat' dir='ltr'><strong>primum</strong></span> <span class='ocrx_word' id='word_1_113' title='bbox 1529 1512 1623 1569; x_wconf 80' lang='lat' dir='ltr'><strong>fac.</strong></span> 
     </span>
     <span class='ocr_line' id='line_1_18' title="bbox 566 1578 1625 1637; baseline -0.004 -9"><span class='ocrx_word' id='word_1_114' title='bbox 566 1581 730 1629; x_wconf 81' lang='lat' dir='ltr'><strong>isthaec</strong></span> <span class='ocrx_word' id='word_1_115' title='bbox 766 1587 821 1626; x_wconf 81' lang='lat' dir='ltr'><strong>ut</strong></span> <span class='ocrx_word' id='word_1_116' title='bbox 861 1578 986 1626; x_wconf 88' lang='lat' dir='ltr'><strong>lavet</strong></span> <span class='ocrx_word' id='word_1_117' title='bbox 1040 1578 1102 1625; x_wconf 88' lang='lat' dir='ltr'><strong>A.</strong></span> <span class='ocrx_word' id='word_1_118' title='bbox 1119 1578 1196 1637; x_wconf 89' lang='lat' dir='ltr'><strong>iii,</strong></span> <span class='ocrx_word' id='word_1_119' title='bbox 1219 1584 1268 1628; x_wconf 89' lang='grc'><strong>2.</strong></span> <span class='ocrx_word' id='word_1_120' title='bbox 1291 1584 1321 1627; x_wconf 78' lang='lat'><strong>3</strong></span> <span class='ocrx_word' id='word_1_121' title='bbox 1378 1580 1625 1628; x_wconf 74' lang='lat' dir='ltr'><strong>Continuo</strong></span> 
     </span>
     <span class='ocr_line' id='line_1_19' title="bbox 565 1642 1627 1699; baseline -0.002 -8"><span class='ocrx_word' id='word_1_122' title='bbox 565 1645 670 1693; x_wconf 81' lang='lat' dir='ltr'><strong>haec</strong></span> <span class='ocrx_word' id='word_1_123' title='bbox 691 1644 940 1698; x_wconf 82' lang='lat' dir='ltr'><strong>adornant,</strong></span> <span class='ocrx_word' id='word_1_124' title='bbox 962 1649 1016 1689; x_wconf 88' lang='lat' dir='ltr'><strong>ut</strong></span> <span class='ocrx_word' id='word_1_125' title='bbox 1031 1642 1158 1690; x_wconf 89' lang='lat' dir='ltr'><strong>lavet</strong></span> <span class='ocrx_word' id='word_1_126' title='bbox 1187 1642 1281 1692; x_wconf 87' lang='lat' dir='ltr'><strong>Eu.</strong></span> <span class='ocrx_word' id='word_1_127' title='bbox 1300 1642 1373 1699; x_wconf 82' lang='lat' dir='ltr'><strong>iii,</strong></span> <span class='ocrx_word' id='word_1_128' title='bbox 1395 1648 1444 1693; x_wconf 87' lang='grc'><strong>5.</strong></span> <span class='ocrx_word' id='word_1_129' title='bbox 1461 1648 1526 1693; x_wconf 77' lang='grc'><strong>34</strong></span> <span class='ocrx_word' id='word_1_130' title='bbox 1557 1642 1627 1689; x_wconf 83' lang='grc' dir='ltr'><strong>ΙΙ·</strong></span> 
     </span>
     <span class='ocr_line' id='line_1_20' title="bbox 570 1706 1629 1771; baseline -0.003 -16"><span class='ocrx_word' id='word_1_131' title='bbox 570 1708 618 1755; x_wconf 83' lang='lat' dir='ltr'><strong>la</strong></span> <span class='ocrx_word' id='word_1_132' title='bbox 638 1708 676 1755; x_wconf 82' lang='lat' dir='ltr'><strong>si</strong></span> <span class='ocrx_word' id='word_1_133' title='bbox 706 1706 808 1771; x_wconf 85' lang='lat' dir='ltr'><strong>jam</strong></span> <span class='ocrx_word' id='word_1_134' title='bbox 832 1707 1014 1765; x_wconf 85' lang='lat' dir='ltr'><strong>laverit,</strong></span> <span class='ocrx_word' id='word_1_135' title='bbox 1045 1706 1163 1753; x_wconf 86' lang='lat' dir='ltr'><strong>mihi</strong></span> <span class='ocrx_word' id='word_1_136' title='bbox 1199 1707 1368 1757; x_wconf 80' lang='lat' dir='ltr'><strong>nuntia</strong></span> <span class='ocrx_word' id='word_1_137' title='bbox 1399 1706 1629 1765; x_wconf 60' lang='lat' dir='ltr'><strong>Hem-iv,</strong></span> 
     </span>
     <span class='ocr_line' id='line_1_21' title="bbox 572 1770 1627 1827; baseline 0 -6"><span class='ocrx_word' id='word_1_138' title='bbox 572 1778 620 1821; x_wconf 91' lang='grc'><strong>1.</strong></span> <span class='ocrx_word' id='word_1_139' title='bbox 659 1778 688 1821; x_wconf 92' lang='grc'><strong>5</strong></span> <span class='ocrx_word' id='word_1_140' title='bbox 738 1770 838 1819; x_wconf 88' lang='lat' dir='ltr'><strong>Ubi</strong></span> <span class='ocrx_word' id='word_1_141' title='bbox 879 1786 970 1818; x_wconf 82' lang='lat' dir='ltr'><strong>nos</strong></span> <span class='ocrx_word' id='word_1_142' title='bbox 995 1770 1243 1819; x_wconf 75' lang='lat' dir='ltr'><strong>laverimus</strong></span> <span class='ocrx_word' id='word_1_143' title='bbox 1288 1771 1379 1820; x_wconf 88' lang='lat' dir='ltr'><strong>Eu.</strong></span> <span class='ocrx_word' id='word_1_144' title='bbox 1396 1770 1468 1827; x_wconf 88' lang='lat' dir='ltr'><strong>iii,</strong></span> <span class='ocrx_word' id='word_1_145' title='bbox 1491 1777 1538 1819; x_wconf 87' lang='grc'><strong>5.</strong></span> <span class='ocrx_word' id='word_1_146' title='bbox 1560 1775 1627 1821; x_wconf 85' lang='grc'><strong>48</strong></span> 
     </span>
     <span class='ocr_line' id='line_1_22' title="bbox 569 1834 1629 1898; baseline -0.002 -15"><span class='ocrx_word' id='word_1_147' title='bbox 569 1835 835 1883; x_wconf 82' lang='lat' dir='ltr'><strong>Arcessitur</strong></span> <span class='ocrx_word' id='word_1_148' title='bbox 856 1834 1059 1883; x_wconf 84' lang='lat' dir='ltr'><strong>lavatum</strong></span> <span class='ocrx_word' id='word_1_149' title='bbox 1081 1835 1260 1883; x_wconf 87' lang='lat' dir='ltr'><strong>interea</strong></span> <span class='ocrx_word' id='word_1_150' title='bbox 1278 1836 1408 1898; x_wconf 82' lang='lat' dir='ltr'><strong>virgo</strong></span> <span class='ocrx_word' id='word_1_151' title='bbox 1439 1834 1532 1882; x_wconf 89' lang='lat' dir='ltr'><strong>Eu.</strong></span> <span class='ocrx_word' id='word_1_152' title='bbox 1553 1834 1629 1894; x_wconf 89' lang='lat' dir='ltr'><strong>iii,</strong></span> 
     </span>
     <span class='ocr_line' id='line_1_23' title="bbox 567 1898 1631 1960; baseline -0.004 -10"><span class='ocrx_word' id='word_1_153' title='bbox 567 1906 620 1953; x_wconf 79' lang='grc'><strong>5.</strong></span> <span class='ocrx_word' id='word_1_154' title='bbox 637 1904 704 1949; x_wconf 85' lang='lat'><strong>44</strong></span> <span class='ocrx_word' id='word_1_155' title='bbox 734 1898 931 1947; x_wconf 82' lang='lat' dir='ltr'><strong>Abeunt</strong></span> <span class='ocrx_word' id='word_1_156' title='bbox 947 1898 1149 1946; x_wconf 85' lang='lat' dir='ltr'><strong>lavatum</strong></span> <span class='ocrx_word' id='word_1_157' title='bbox 1183 1899 1274 1947; x_wconf 87' lang='lat' dir='ltr'><strong>Eu.</strong></span> <span class='ocrx_word' id='word_1_158' title='bbox 1295 1899 1366 1960; x_wconf 83' lang='lat' dir='ltr'><strong>iii,</strong></span> <span class='ocrx_word' id='word_1_159' title='bbox 1381 1906 1431 1948; x_wconf 90' lang='grc'><strong>5.</strong></span> <span class='ocrx_word' id='word_1_160' title='bbox 1456 1904 1520 1948; x_wconf 87' lang='grc'><strong>52</strong></span> <span class='ocrx_word' id='word_1_161' title='bbox 1555 1898 1631 1946; x_wconf 83' lang='lat' dir='ltr'><strong>Ea</strong></span> 
     </span>
     <span class='ocr_line' id='line_1_24' title="bbox 573 1962 1629 2017; baseline 0.001 -7"><span class='ocrx_word' id='word_1_162' title='bbox 573 1963 778 2011; x_wconf 82' lang='lat' dir='ltr'><strong>lavatum</strong></span> <span class='ocrx_word' id='word_1_163' title='bbox 799 1964 912 2009; x_wconf 89' lang='lat' dir='ltr'><strong>dum</strong></span> <span class='ocrx_word' id='word_1_164' title='bbox 927 1962 968 2011; x_wconf 84' lang='lat' dir='ltr'><strong>it</strong></span> <span class='ocrx_word' id='word_1_165' title='bbox 1015 1962 1140 2013; x_wconf 85' lang='lat' dir='ltr'><strong>Hea.</strong></span> <span class='ocrx_word' id='word_1_166' title='bbox 1157 1962 1226 2017; x_wconf 87' lang='lat' dir='ltr'><strong>iv,</strong></span> <span class='ocrx_word' id='word_1_167' title='bbox 1249 1968 1296 2011; x_wconf 89' lang='grc'><strong>1.</strong></span> <span class='ocrx_word' id='word_1_168' title='bbox 1317 1968 1384 2013; x_wconf 88' lang='grc'><strong>42</strong></span> <span class='ocrx_word' id='word_1_169' title='bbox 1417 1962 1629 2011; x_wconf 87' lang='lat' dir='ltr'><strong>Unctum</strong></span> 
     </span>
     <span class='ocr_line' id='line_1_25' title="bbox 570 2026 1628 2092; baseline -0.002 -15"><span class='ocrx_word' id='word_1_170' title='bbox 570 2035 713 2092; x_wconf 85' lang='lat' dir='ltr'><strong>atque</strong></span> <span class='ocrx_word' id='word_1_171' title='bbox 732 2026 908 2075; x_wconf 84' lang='lat' dir='ltr'><strong>lautum</strong></span> <span class='ocrx_word' id='word_1_172' title='bbox 927 2042 954 2075; x_wconf 89' lang='lat' dir='ltr'><strong>e</strong></span> <span class='ocrx_word' id='word_1_173' title='bbox 971 2027 1152 2075; x_wconf 76' lang='lat' dir='ltr'><strong>balneis</strong></span> <span class='ocrx_word' id='word_1_174' title='bbox 1183 2026 1274 2074; x_wconf 89' lang='lat' dir='ltr'><strong>Ph.</strong></span> <span class='ocrx_word' id='word_1_175' title='bbox 1294 2027 1351 2090; x_wconf 87' lang='lat' dir='ltr'><strong>ii,</strong></span> <span class='ocrx_word' id='word_1_176' title='bbox 1371 2033 1420 2078; x_wconf 83' lang='lat'><strong>2.</strong></span> <span class='ocrx_word' id='word_1_177' title='bbox 1441 2032 1504 2076; x_wconf 88' lang='grc'><strong>25</strong></span> <span class='ocrx_word' id='word_1_178' title='bbox 1529 2027 1628 2076; x_wconf 86' lang='lat' dir='ltr'><strong>Ve-</strong></span> 
     </span>
     <span class='ocr_line' id='line_1_26' title="bbox 569 2091 1629 2205; baseline 0.002 -66"><span class='ocrx_word' id='word_1_179' title='bbox 569 2093 676 2204; x_wconf 57' lang='lat'>{¹5⁸³</span> <span class='ocrx_word' id='word_1_180' title='bbox 715 2107 855 2204; x_wconf 56' lang='grc' dir='ltr'><strong>ξυιιΡῖ</strong></span> <span class='ocrx_word' id='word_1_181' title='bbox 897 2092 1113 2205; x_wconf 59' lang='grc' dir='ltr'><strong>ρῐεξίδὸιιὸ</strong></span> <span class='ocrx_word' id='word_1_182' title='bbox 1157 2091 1338 2139; x_wconf 87' lang='lat' dir='ltr'><strong>lautum</strong></span> <span class='ocrx_word' id='word_1_183' title='bbox 1379 2098 1629 2156; x_wconf 84' lang='lat' dir='ltr'><strong>peccatum</strong></span> 
     </span>
    </p>

    <p class='ocr_par' dir='ltr' id='par_1_5' title="bbox 596 2172 1022 2211">
     <span class='ocr_line' id='line_1_27' title="bbox 596 2172 1022 2211; baseline 0 -8"><span class='ocrx_word' id='word_1_184' title='bbox 596 2172 708 2203; x_wconf 87' lang='lat' dir='ltr'><strong>uum</strong></span> <span class='ocrx_word' id='word_1_185' title='bbox 729 2192 740 2203; x_wconf 90' lang='lat'>.</span> <span class='ocrx_word' id='word_1_186' title='bbox 859 2192 873 2205; x_wconf 89' lang='lat'>.</span> <span class='ocrx_word' id='word_1_187' title='bbox 895 2173 943 2211; x_wconf 83' lang='lat' dir='ltr'><strong>v,</strong></span> <span class='ocrx_word' id='word_1_188' title='bbox 1008 2187 1022 2203; x_wconf 89' lang='lat'>.</span> 
     </span>
    </p>

    <p class='ocr_par' dir='ltr' id='par_1_6' title="bbox 569 2218 1637 3114">
     <span class='ocr_line' id='line_1_28' title="bbox 636 2218 1630 2269; baseline 0 -2"><span class='ocrx_word' id='word_1_189' title='bbox 636 2220 778 2268; x_wconf 87' lang='lat' dir='ltr'><strong>Laus.</strong></span> <span class='ocrx_word' id='word_1_190' title='bbox 842 2218 1045 2267; x_wconf 84' lang='lat' dir='ltr'><strong>Laudin’</strong></span> <span class='ocrx_word' id='word_1_191' title='bbox 1079 2234 1140 2267; x_wconf 85' lang='lat' dir='ltr'><strong>an</strong></span> <span class='ocrx_word' id='word_1_192' title='bbox 1173 2218 1293 2268; x_wconf 85' lang='lat' dir='ltr'><strong>vitio</strong></span> <span class='ocrx_word' id='word_1_193' title='bbox 1323 2220 1434 2269; x_wconf 86' lang='lat' dir='ltr'><strong>duci</strong></span> <span class='ocrx_word' id='word_1_194' title='bbox 1455 2220 1504 2267; x_wconf 89' lang='lat' dir='ltr'><strong>id</strong></span> <span class='ocrx_word' id='word_1_195' title='bbox 1527 2221 1630 2268; x_wconf 77' lang='lat' dir='ltr'><strong>sac-</strong></span> 
     </span>
     <span class='ocr_line' id='line_1_29' title="bbox 571 2282 1633 2346; baseline -0.001 -14"><span class='ocrx_word' id='word_1_196' title='bbox 571 2290 674 2332; x_wconf 86' lang='lat' dir='ltr'><strong>tum</strong></span> <span class='ocrx_word' id='word_1_197' title='bbox 694 2290 911 2346; x_wconf 83' lang='lat' dir='ltr'><strong>oporteat</strong></span> <span class='ocrx_word' id='word_1_198' title='bbox 941 2282 1043 2332; x_wconf 86' lang='lat' dir='ltr'><strong>Ad.</strong></span> <span class='ocrx_word' id='word_1_199' title='bbox 1067 2282 1192 2333; x_wconf 87' lang='lat' dir='ltr'><strong>Prol.</strong></span> <span class='ocrx_word' id='word_1_200' title='bbox 1215 2289 1246 2331; x_wconf 90' lang='grc'><strong>5</strong></span> <span class='ocrx_word' id='word_1_201' title='bbox 1297 2284 1372 2331; x_wconf 87' lang='lat' dir='ltr'><strong>Tu</strong></span> <span class='ocrx_word' id='word_1_202' title='bbox 1396 2298 1522 2331; x_wconf 87' lang='lat' dir='ltr'><strong>nunc</strong></span> <span class='ocrx_word' id='word_1_203' title='bbox 1545 2284 1633 2331; x_wconf 89' lang='lat' dir='ltr'><strong>tibi</strong></span> 
     </span>
     <span class='ocr_line' id='line_1_30' title="bbox 569 2344 1631 2401; baseline 0.001 -7"><span class='ocrx_word' id='word_1_204' title='bbox 569 2348 620 2395; x_wconf 90' lang='lat' dir='ltr'><strong>id</strong></span> <span class='ocrx_word' id='word_1_205' title='bbox 642 2347 773 2395; x_wconf 88' lang='lat' dir='ltr'><strong>laudi</strong></span> <span class='ocrx_word' id='word_1_206' title='bbox 794 2346 958 2393; x_wconf 88' lang='lat' dir='ltr'><strong>ducis?</strong></span> <span class='ocrx_word' id='word_1_207' title='bbox 993 2344 1092 2395; x_wconf 91' lang='lat' dir='ltr'><strong>Ad.</strong></span> <span class='ocrx_word' id='word_1_208' title='bbox 1111 2346 1148 2401; x_wconf 83' lang='lat' dir='ltr'><strong>i,</strong></span> <span class='ocrx_word' id='word_1_209' title='bbox 1168 2351 1218 2395; x_wconf 97' lang='grc'><strong>2.</strong></span> <span class='ocrx_word' id='word_1_210' title='bbox 1242 2352 1304 2395; x_wconf 91' lang='grc'><strong>25</strong></span> <span class='ocrx_word' id='word_1_211' title='bbox 1340 2347 1508 2395; x_wconf 84' lang='lat' dir='ltr'><strong>Utrum</strong></span> <span class='ocrx_word' id='word_1_212' title='bbox 1531 2356 1631 2395; x_wconf 83' lang='lat' dir='ltr'><strong>stu-</strong></span> 
     </span>
     <span class='ocr_line' id='line_1_31' title="bbox 571 2409 1631 2473; baseline -0.002 -14"><span class='ocrx_word' id='word_1_213' title='bbox 571 2412 717 2459; x_wconf 83' lang='lat' dir='ltr'><strong>dione</strong></span> <span class='ocrx_word' id='word_1_214' title='bbox 739 2410 789 2456; x_wconf 91' lang='lat' dir='ltr'><strong>id</strong></span> <span class='ocrx_word' id='word_1_215' title='bbox 812 2409 900 2456; x_wconf 85' lang='lat' dir='ltr'><strong>sibi</strong></span> <span class='ocrx_word' id='word_1_216' title='bbox 921 2410 1083 2469; x_wconf 84' lang='lat' dir='ltr'><strong>habet,</strong></span> <span class='ocrx_word' id='word_1_217' title='bbox 1107 2425 1167 2457; x_wconf 89' lang='lat' dir='ltr'><strong>an</strong></span> <span class='ocrx_word' id='word_1_218' title='bbox 1190 2410 1321 2457; x_wconf 87' lang='lat' dir='ltr'><strong>laudi</strong></span> <span class='ocrx_word' id='word_1_219' title='bbox 1338 2417 1476 2473; x_wconf 81' lang='lat' dir='ltr'><strong>putat</strong></span> <span class='ocrx_word' id='word_1_220' title='bbox 1495 2410 1631 2458; x_wconf 79' lang='lat' dir='ltr'><strong>fore?</strong></span> 
     </span>
     <span class='ocr_line' id='line_1_32' title="bbox 571 2470 1633 2534; baseline -0.001 -10"><span class='ocrx_word' id='word_1_221' title='bbox 571 2474 671 2524; x_wconf 86' lang='lat' dir='ltr'><strong>Ad.</strong></span> <span class='ocrx_word' id='word_1_222' title='bbox 695 2472 764 2534; x_wconf 88' lang='lat' dir='ltr'><strong>iii,</strong></span> <span class='ocrx_word' id='word_1_223' title='bbox 787 2477 834 2522; x_wconf 75' lang='lat'><strong>3.</strong></span> <span class='ocrx_word' id='word_1_224' title='bbox 855 2476 920 2521; x_wconf 87' lang='grc'><strong>28</strong></span> <span class='ocrx_word' id='word_1_225' title='bbox 968 2470 1076 2521; x_wconf 91' lang='lat' dir='ltr'><strong>Hoc</strong></span> <span class='ocrx_word' id='word_1_226' title='bbox 1099 2470 1228 2520; x_wconf 87' lang='lat' dir='ltr'><strong>laudi</strong></span> <span class='ocrx_word' id='word_1_227' title='bbox 1265 2482 1351 2522; x_wconf 90' lang='lat' dir='ltr'><strong>est.</strong></span> <span class='ocrx_word' id='word_1_228' title='bbox 1387 2475 1478 2522; x_wconf 86' lang='lat' dir='ltr'><strong>hoc</strong></span> <span class='ocrx_word' id='word_1_229' title='bbox 1515 2473 1633 2523; x_wconf 83' lang='lat' dir='ltr'><strong>vitio</strong></span> 
     </span>
     <span class='ocr_line' id='line_1_33' title="bbox 575 2536 1633 2591; baseline 0.002 -6"><span class='ocrx_word' id='word_1_230' title='bbox 575 2540 716 2585; x_wconf 84' lang='lat' dir='ltr'><strong>datur</strong></span> <span class='ocrx_word' id='word_1_231' title='bbox 758 2536 854 2585; x_wconf 94' lang='lat' dir='ltr'><strong>Ad.</strong></span> <span class='ocrx_word' id='word_1_232' title='bbox 870 2536 941 2591; x_wconf 85' lang='lat' dir='ltr'><strong>iii,</strong></span> <span class='ocrx_word' id='word_1_233' title='bbox 964 2541 1012 2586; x_wconf 74' lang='lat'><strong>8.</strong></span> <span class='ocrx_word' id='word_1_234' title='bbox 1033 2541 1098 2587; x_wconf 82' lang='grc'><strong>64</strong></span> <span class='ocrx_word' id='word_1_235' title='bbox 1145 2537 1221 2585; x_wconf 80' lang='lat' dir='ltr'><strong>Ita</strong></span> <span class='ocrx_word' id='word_1_236' title='bbox 1257 2538 1495 2586; x_wconf 77' lang='lat' dir='ltr'><strong>facillume</strong></span> <span class='ocrx_word' id='word_1_237' title='bbox 1529 2539 1633 2588; x_wconf 86' lang='lat' dir='ltr'><strong>sine</strong></span> 
     </span>
     <span class='ocr_line' id='line_1_34' title="bbox 576 2601 1635 2663; baseline 0.002 -13"><span class='ocrx_word' id='word_1_238' title='bbox 576 2601 756 2651; x_wconf 86' lang='lat' dir='ltr'><strong>invidia</strong></span> <span class='ocrx_word' id='word_1_239' title='bbox 799 2601 988 2648; x_wconf 87' lang='lat' dir='ltr'><strong>laudem</strong></span> <span class='ocrx_word' id='word_1_240' title='bbox 1026 2601 1241 2650; x_wconf 83' lang='lat' dir='ltr'><strong>invenias</strong></span> <span class='ocrx_word' id='word_1_241' title='bbox 1315 2603 1378 2649; x_wconf 90' lang='lat' dir='ltr'><strong>A.</strong></span> <span class='ocrx_word' id='word_1_242' title='bbox 1412 2602 1450 2663; x_wconf 89' lang='lat' dir='ltr'><strong>i,</strong></span> <span class='ocrx_word' id='word_1_243' title='bbox 1486 2606 1532 2650; x_wconf 84' lang='lat'><strong>1.</strong></span> <span class='ocrx_word' id='word_1_244' title='bbox 1569 2607 1635 2652; x_wconf 74' lang='lat'><strong>39</strong></span> 
     </span>
     <span class='ocr_line' id='line_1_35' title="bbox 578 2665 1637 2731; baseline 0.003 -19"><span class='ocrx_word' id='word_1_245' title='bbox 578 2665 837 2725; x_wconf 77' lang='lat' dir='ltr'><strong>Quantam,</strong></span> <span class='ocrx_word' id='word_1_246' title='bbox 855 2672 905 2712; x_wconf 88' lang='lat' dir='ltr'><strong>et</strong></span> <span class='ocrx_word' id='word_1_247' title='bbox 926 2681 1066 2728; x_wconf 89' lang='lat' dir='ltr'><strong>quam</strong></span> <span class='ocrx_word' id='word_1_248' title='bbox 1089 2681 1240 2713; x_wconf 86' lang='lat' dir='ltr'><strong>veram</strong></span> <span class='ocrx_word' id='word_1_249' title='bbox 1263 2665 1453 2714; x_wconf 86' lang='lat' dir='ltr'><strong>laudem</strong></span> <span class='ocrx_word' id='word_1_250' title='bbox 1473 2667 1637 2731; x_wconf 83' lang='lat' dir='ltr'><strong>capiet</strong></span> 
     </span>
     <span class='ocr_line' id='line_1_36' title="bbox 575 2729 1635 2792; baseline 0 -14"><span class='ocrx_word' id='word_1_251' title='bbox 575 2729 838 2778; x_wconf 80' lang='lat' dir='ltr'><strong>Parmeno!</strong></span> <span class='ocrx_word' id='word_1_252' title='bbox 888 2729 981 2777; x_wconf 89' lang='lat' dir='ltr'><strong>Eu.</strong></span> <span class='ocrx_word' id='word_1_253' title='bbox 1003 2747 1048 2792; x_wconf 92' lang='lat' dir='ltr'><strong>v,</strong></span> <span class='ocrx_word' id='word_1_254' title='bbox 1071 2733 1120 2778; x_wconf 75' lang='lat'><strong>4.</strong></span> <span class='ocrx_word' id='word_1_255' title='bbox 1138 2735 1168 2779; x_wconf 73' lang='lat'><strong>3</strong></span> <span class='ocrx_word' id='word_1_256' title='bbox 1224 2729 1282 2778; x_wconf 91' lang='lat' dir='ltr'><strong>In</strong></span> <span class='ocrx_word' id='word_1_257' title='bbox 1305 2746 1412 2778; x_wconf 87' lang='lat' dir='ltr'><strong>mea</strong></span> <span class='ocrx_word' id='word_1_258' title='bbox 1449 2731 1546 2778; x_wconf 87' lang='lat' dir='ltr'><strong>vita</strong></span> <span class='ocrx_word' id='word_1_259' title='bbox 1581 2740 1635 2778; x_wconf 90' lang='lat' dir='ltr'><strong>tu</strong></span> 
     </span>
     <span class='ocr_line' id='line_1_37' title="bbox 577 2793 1635 2868; baseline 0.004 -27"><span class='ocrx_word' id='word_1_260' title='bbox 577 2794 667 2842; x_wconf 86' lang='lat' dir='ltr'><strong>tibi</strong></span> <span class='ocrx_word' id='word_1_261' title='bbox 704 2795 892 2843; x_wconf 87' lang='lat' dir='ltr'><strong>laudem</strong></span> <span class='ocrx_word' id='word_1_262' title='bbox 911 2793 950 2841; x_wconf 86' lang='lat' dir='ltr'><strong>is</strong></span> <span class='ocrx_word' id='word_1_263' title='bbox 983 2794 1234 2868; x_wconf 78' lang='lat' dir='ltr'><strong>quaesitum</strong></span> <span class='ocrx_word' id='word_1_264' title='bbox 1281 2795 1404 2842; x_wconf 91' lang='lat' dir='ltr'><strong>Hea.</strong></span> <span class='ocrx_word' id='word_1_265' title='bbox 1424 2794 1477 2852; x_wconf 86' lang='lat' dir='ltr'><strong>ii,</strong></span> <span class='ocrx_word' id='word_1_266' title='bbox 1499 2799 1548 2844; x_wconf 72' lang='lat'><strong>3.</strong></span> <span class='ocrx_word' id='word_1_267' title='bbox 1568 2799 1635 2846; x_wconf 88' lang='grc'><strong>74</strong></span> 
     </span>
     <span class='ocr_line' id='line_1_38' title="bbox 580 2857 1636 2915; baseline 0.002 -9"><span class='ocrx_word' id='word_1_268' title='bbox 580 2858 724 2915; x_wconf 84' lang='lat' dir='ltr'><strong>Quod</strong></span> <span class='ocrx_word' id='word_1_269' title='bbox 747 2857 816 2905; x_wconf 91' lang='lat' dir='ltr'><strong>illi</strong></span> <span class='ocrx_word' id='word_1_270' title='bbox 837 2858 1139 2906; x_wconf 75' lang='lat' dir='ltr'><strong>maledictum</strong></span> <span class='ocrx_word' id='word_1_271' title='bbox 1160 2859 1411 2906; x_wconf 85' lang='lat' dir='ltr'><strong>vehemens</strong></span> <span class='ocrx_word' id='word_1_272' title='bbox 1431 2874 1534 2907; x_wconf 79' lang='lat' dir='ltr'><strong>esse</strong></span> <span class='ocrx_word' id='word_1_273' title='bbox 1553 2875 1636 2908; x_wconf 85' lang='lat' dir='ltr'><strong>ex-</strong></span> 
     </span>
     <span class='ocr_line' id='line_1_39' title="bbox 577 2922 1637 2979; baseline 0.001 -10"><span class='ocrx_word' id='word_1_274' title='bbox 577 2923 820 2979; x_wconf 85' lang='lat' dir='ltr'><strong>istumant,</strong></span> <span class='ocrx_word' id='word_1_275' title='bbox 841 2937 944 2972; x_wconf 86' lang='lat' dir='ltr'><strong>eam</strong></span> <span class='ocrx_word' id='word_1_276' title='bbox 979 2922 1166 2970; x_wconf 83' lang='lat' dir='ltr'><strong>laudem</strong></span> <span class='ocrx_word' id='word_1_277' title='bbox 1204 2924 1282 2972; x_wconf 89' lang='lat' dir='ltr'><strong>hic</strong></span> <span class='ocrx_word' id='word_1_278' title='bbox 1319 2924 1455 2970; x_wconf 89' lang='lat' dir='ltr'><strong>ducit</strong></span> <span class='ocrx_word' id='word_1_279' title='bbox 1488 2924 1637 2970; x_wconf 82' lang='lat' dir='ltr'><strong>maxi-</strong></span> 
     </span>
     <span class='ocr_line' id='line_1_40' title="bbox 580 2985 1637 3036; baseline 0.002 -2"><span class='ocrx_word' id='word_1_280' title='bbox 580 3001 704 3034; x_wconf 80' lang='lat' dir='ltr'><strong>mam</strong></span> <span class='ocrx_word' id='word_1_281' title='bbox 753 2985 850 3034; x_wconf 87' lang='lat' dir='ltr'><strong>Ad.</strong></span> <span class='ocrx_word' id='word_1_282' title='bbox 874 2986 1001 3036; x_wconf 87' lang='lat' dir='ltr'><strong>Prol.</strong></span> <span class='ocrx_word' id='word_1_283' title='bbox 1027 2992 1089 3036; x_wconf 85' lang='grc'><strong>18</strong></span> <span class='ocrx_word' id='word_1_284' title='bbox 1134 2985 1238 3034; x_wconf 85' lang='lat' dir='ltr'><strong>Sibi</strong></span> <span class='ocrx_word' id='word_1_285' title='bbox 1258 3003 1368 3035; x_wconf 83' lang='lat' dir='ltr'><strong>vero</strong></span> <span class='ocrx_word' id='word_1_286' title='bbox 1389 2987 1510 3036; x_wconf 89' lang='lat' dir='ltr'><strong>hanc</strong></span> <span class='ocrx_word' id='word_1_287' title='bbox 1534 2989 1637 3036; x_wconf 83' lang='lat' dir='ltr'><strong>lau·</strong></span> 
     </span>
     <span class='ocr_line' id='line_1_41' title="bbox 580 3050 1351 3114; baseline 0.004 -16"><span class='ocrx_word' id='word_1_288' title='bbox 580 3051 688 3098; x_wconf 82' lang='lat' dir='ltr'><strong>dem</strong></span> <span class='ocrx_word' id='word_1_289' title='bbox 710 3050 983 3114; x_wconf 83' lang='lat' dir='ltr'><strong>relinquunt</strong></span> <span class='ocrx_word' id='word_1_290' title='bbox 1013 3051 1108 3099; x_wconf 87' lang='lat' dir='ltr'><strong>He.</strong></span> <span class='ocrx_word' id='word_1_291' title='bbox 1133 3051 1200 3106; x_wconf 82' lang='lat' dir='ltr'><strong>iii,</strong></span> <span class='ocrx_word' id='word_1_292' title='bbox 1221 3058 1269 3101; x_wconf 90' lang='grc'><strong>5.</strong></span> <span class='ocrx_word' id='word_1_293' title='bbox 1295 3056 1351 3100; x_wconf 85' lang='grc'><strong>11</strong></span> 
     </span>
    </p>

    <p class='ocr_par' dir='ltr' id='par_1_7' title="bbox 582 3113 1638 3298">
     <span class='ocr_line' id='line_1_42' title="bbox 645 3113 1638 3178; baseline 0.003 -17"><span class='ocrx_word' id='word_1_294' title='bbox 645 3113 814 3162; x_wconf 86' lang='lat' dir='ltr'><strong>Laute.</strong></span> <span class='ocrx_word' id='word_1_295' title='bbox 879 3114 1070 3170; x_wconf 84' lang='lat' dir='ltr'><strong>Facete.</strong></span> <span class='ocrx_word' id='word_1_296' title='bbox 1104 3114 1286 3178; x_wconf 87' lang='lat' dir='ltr'><strong>lepide,</strong></span> <span class='ocrx_word' id='word_1_297' title='bbox 1323 3115 1483 3163; x_wconf 81' lang='lat' dir='ltr'><strong>laute:</strong></span> <span class='ocrx_word' id='word_1_298' title='bbox 1517 3115 1638 3164; x_wconf 85' lang='lat' dir='ltr'><strong>nihil</strong></span> 
     </span>
     <span class='ocr_line' id='line_1_43' title="bbox 582 3178 1637 3240; baseline 0.002 -14"><span class='ocrx_word' id='word_1_299' title='bbox 582 3193 724 3240; x_wconf 85' lang='lat' dir='ltr'><strong>supra</strong></span> <span class='ocrx_word' id='word_1_300' title='bbox 754 3178 848 3228; x_wconf 87' lang='lat' dir='ltr'><strong>Eu.</strong></span> <span class='ocrx_word' id='word_1_301' title='bbox 871 3179 940 3237; x_wconf 83' lang='lat' dir='ltr'><strong>iii,</strong></span> <span class='ocrx_word' id='word_1_302' title='bbox 965 3183 1011 3226; x_wconf 89' lang='lat'><strong>1.</strong></span> <span class='ocrx_word' id='word_1_303' title='bbox 1029 3184 1090 3228; x_wconf 77' lang='grc'><strong>37</strong></span> <span class='ocrx_word' id='word_1_304' title='bbox 1126 3179 1276 3227; x_wconf 81' lang='lat' dir='ltr'><strong>Laute</strong></span> <span class='ocrx_word' id='word_1_305' title='bbox 1293 3195 1462 3229; x_wconf 84' lang='lat' dir='ltr'><strong>munus</strong></span> <span class='ocrx_word' id='word_1_306' title='bbox 1487 3181 1637 3228; x_wconf 87' lang='lat' dir='ltr'><strong>admi·</strong></span> 
     </span>
     <span class='ocr_line' id='line_1_44' title="bbox 584 3241 1264 3298; baseline 0.004 -8"><span class='ocrx_word' id='word_1_307' title='bbox 584 3243 794 3290; x_wconf 80' lang='lat' dir='ltr'><strong>nistrasti</strong></span> <span class='ocrx_word' id='word_1_308' title='bbox 817 3252 948 3290; x_wconf 85' lang='lat' dir='ltr'><strong>tuum</strong></span> <span class='ocrx_word' id='word_1_309' title='bbox 981 3241 1076 3290; x_wconf 86' lang='lat' dir='ltr'><strong>Ad.</strong></span> <span class='ocrx_word' id='word_1_310' title='bbox 1094 3258 1142 3298; x_wconf 86' lang='lat' dir='ltr'><strong>v,</strong></span> <span class='ocrx_word' id='word_1_311' title='bbox 1166 3246 1209 3292; x_wconf 84' lang='lat' dir='ltr'><strong>l.</strong></span> <span class='ocrx_word' id='word_1_312' title='bbox 1231 3249 1264 3292; x_wconf 86' lang='grc'><strong>2</strong></span> 
     </span>
    </p>

    <p class='ocr_par' dir='ltr' id='par_1_8' title="bbox 586 3306 1642 3496">
     <span class='ocr_line' id='line_1_45' title="bbox 647 3306 1642 3363; baseline 0.004 -10"><span class='ocrx_word' id='word_1_313' title='bbox 647 3307 847 3361; x_wconf 85' lang='lat' dir='ltr'><strong>Lautus,</strong></span> <span class='ocrx_word' id='word_1_314' title='bbox 871 3321 917 3363; x_wconf 87' lang='lat' dir='ltr'><strong>a,</strong></span> <span class='ocrx_word' id='word_1_315' title='bbox 951 3321 1050 3353; x_wconf 87' lang='lat' dir='ltr'><strong>um.</strong></span> <span class='ocrx_word' id='word_1_316' title='bbox 1098 3306 1277 3355; x_wconf 81' lang='lat' dir='ltr'><strong>Omnes</strong></span> <span class='ocrx_word' id='word_1_317' title='bbox 1299 3313 1346 3354; x_wconf 79' lang='lat' dir='ltr'><strong>te</strong></span> <span class='ocrx_word' id='word_1_318' title='bbox 1367 3308 1416 3356; x_wconf 91' lang='lat' dir='ltr'><strong>in</strong></span> <span class='ocrx_word' id='word_1_319' title='bbox 1441 3308 1568 3356; x_wconf 88' lang='lat' dir='ltr'><strong>lauta</strong></span> <span class='ocrx_word' id='word_1_320' title='bbox 1590 3316 1642 3357; x_wconf 87' lang='lat' dir='ltr'><strong>et</strong></span> 
     </span>
     <span class='ocr_line' id='line_1_46' title="bbox 586 3369 1640 3434; baseline 0.005 -17"><span class='ocrx_word' id='word_1_321' title='bbox 586 3371 710 3418; x_wconf 84' lang='lat' dir='ltr'><strong>bene</strong></span> <span class='ocrx_word' id='word_1_322' title='bbox 733 3370 874 3417; x_wconf 86' lang='lat' dir='ltr'><strong>aucta</strong></span> <span class='ocrx_word' id='word_1_323' title='bbox 896 3378 1024 3432; x_wconf 84' lang='lat' dir='ltr'><strong>parte</strong></span> <span class='ocrx_word' id='word_1_324' title='bbox 1059 3377 1230 3432; x_wconf 82' lang='lat' dir='ltr'><strong>putant</strong></span> <span class='ocrx_word' id='word_1_325' title='bbox 1277 3369 1400 3422; x_wconf 87' lang='lat' dir='ltr'><strong>Hea.</strong></span> <span class='ocrx_word' id='word_1_326' title='bbox 1418 3371 1488 3434; x_wconf 84' lang='lat' dir='ltr'><strong>iv,</strong></span> <span class='ocrx_word' id='word_1_327' title='bbox 1507 3379 1552 3424; x_wconf 90' lang='grc'><strong>5.</strong></span> <span class='ocrx_word' id='word_1_328' title='bbox 1575 3377 1640 3422; x_wconf 90' lang='grc'><strong>50</strong></span> 
     </span>
     <span class='ocr_line' id='line_1_47' title="bbox 587 3433 1539 3496; baseline 0.005 -15"><span class='ocrx_word' id='word_1_329' title='bbox 587 3433 696 3482; x_wconf 83' lang='lat' dir='ltr'><strong>Hoc</strong></span> <span class='ocrx_word' id='word_1_330' title='bbox 720 3434 897 3480; x_wconf 87' lang='lat' dir='ltr'><strong>lautum</strong></span> <span class='ocrx_word' id='word_1_331' title='bbox 920 3442 992 3481; x_wconf 86' lang='lat' dir='ltr'><strong>est</strong></span> <span class='ocrx_word' id='word_1_332' title='bbox 1013 3449 1174 3496; x_wconf 88' lang='lat' dir='ltr'><strong>parum</strong></span> <span class='ocrx_word' id='word_1_333' title='bbox 1206 3434 1303 3486; x_wconf 86' lang='lat' dir='ltr'><strong>Ad.</strong></span> <span class='ocrx_word' id='word_1_334' title='bbox 1325 3436 1394 3492; x_wconf 87' lang='lat' dir='ltr'><strong>iii,</strong></span> <span class='ocrx_word' id='word_1_335' title='bbox 1415 3441 1463 3485; x_wconf 73' lang='lat'><strong>3.</strong></span> <span class='ocrx_word' id='word_1_336' title='bbox 1477 3441 1539 3486; x_wconf 88' lang='grc'><strong>71</strong></span> 
     </span>
    </p>

    <p class='ocr_par' dir='ltr' id='par_1_9' title="bbox 588 3497 1643 3683">
     <span class='ocr_line' id='line_1_48' title="bbox 651 3497 1643 3560; baseline 0.006 -16"><span class='ocrx_word' id='word_1_337' title='bbox 651 3497 892 3548; x_wconf 76' lang='lat' dir='ltr'><strong>Lectulus.</strong></span> <span class='ocrx_word' id='word_1_338' title='bbox 957 3497 1178 3546; x_wconf 75' lang='lat' dir='ltr'><strong>Lectulos</strong></span> <span class='ocrx_word' id='word_1_339' title='bbox 1202 3499 1322 3560; x_wconf 85' lang='lat' dir='ltr'><strong>jube</strong></span> <span class='ocrx_word' id='word_1_340' title='bbox 1341 3499 1486 3548; x_wconf 75' lang='lat' dir='ltr'><strong>sterni</strong></span> <span class='ocrx_word' id='word_1_341' title='bbox 1505 3501 1643 3550; x_wconf 88' lang='lat' dir='ltr'><strong>nobis</strong></span> 
     </span>
     <span class='ocr_line' id='line_1_49' title="bbox 588 3561 1643 3630; baseline 0.003 -21"><span class='ocrx_word' id='word_1_342' title='bbox 588 3561 688 3610; x_wconf 86' lang='lat' dir='ltr'><strong>Ad.</strong></span> <span class='ocrx_word' id='word_1_343' title='bbox 708 3562 760 3619; x_wconf 88' lang='lat' dir='ltr'><strong>ii,</strong></span> <span class='ocrx_word' id='word_1_344' title='bbox 781 3567 830 3612; x_wconf 90' lang='lat'><strong>4.</strong></span> <span class='ocrx_word' id='word_1_345' title='bbox 853 3567 912 3612; x_wconf 82' lang='lat'><strong>21</strong></span> <span class='ocrx_word' id='word_1_346' title='bbox 950 3562 1170 3611; x_wconf 76' lang='lat' dir='ltr'><strong>Lectulos</strong></span> <span class='ocrx_word' id='word_1_347' title='bbox 1191 3563 1244 3610; x_wconf 84' lang='lat' dir='ltr'><strong>in</strong></span> <span class='ocrx_word' id='word_1_348' title='bbox 1265 3563 1362 3612; x_wconf 88' lang='lat' dir='ltr'><strong>sole</strong></span> <span class='ocrx_word' id='word_1_349' title='bbox 1380 3564 1536 3628; x_wconf 83' lang='lat' dir='ltr'><strong>ilignis</strong></span> <span class='ocrx_word' id='word_1_350' title='bbox 1557 3581 1643 3630; x_wconf 89' lang='lat' dir='ltr'><strong>pe-</strong></span> 
     </span>
     <span class='ocr_line' id='line_1_50' title="bbox 589 3627 1524 3683; baseline 0.006 -12"><span class='ocrx_word' id='word_1_351' title='bbox 589 3627 730 3674; x_wconf 90' lang='lat' dir='ltr'><strong>dibus</strong></span> <span class='ocrx_word' id='word_1_352' title='bbox 747 3627 994 3676; x_wconf 80' lang='lat' dir='ltr'><strong>faciundos</strong></span> <span class='ocrx_word' id='word_1_353' title='bbox 1015 3627 1150 3675; x_wconf 81' lang='lat' dir='ltr'><strong>dedit</strong></span> <span class='ocrx_word' id='word_1_354' title='bbox 1180 3627 1278 3676; x_wconf 86' lang='lat' dir='ltr'><strong>Ad.</strong></span> <span class='ocrx_word' id='word_1_355' title='bbox 1301 3629 1366 3683; x_wconf 83' lang='lat' dir='ltr'><strong>iv.</strong></span> <span class='ocrx_word' id='word_1_356' title='bbox 1389 3633 1437 3678; x_wconf 88' lang='grc'><strong>2.</strong></span> <span class='ocrx_word' id='word_1_357' title='bbox 1457 3633 1524 3677; x_wconf 94' lang='grc'><strong>46</strong></span> 
     </span>
    </p>

    <p class='ocr_par' dir='ltr' id='par_1_10' title="bbox 589 3691 1648 4069">
     <span class='ocr_line' id='line_1_51' title="bbox 655 3691 1643 3754; baseline 0.004 -16"><span class='ocrx_word' id='word_1_358' title='bbox 655 3691 845 3739; x_wconf 83' lang='lat' dir='ltr'><strong>Lectus.</strong></span> <span class='ocrx_word' id='word_1_359' title='bbox 909 3691 1020 3739; x_wconf 90' lang='lat' dir='ltr'><strong>Huc</strong></span> <span class='ocrx_word' id='word_1_360' title='bbox 1043 3699 1115 3738; x_wconf 88' lang='lat' dir='ltr'><strong>est</strong></span> <span class='ocrx_word' id='word_1_361' title='bbox 1145 3691 1268 3740; x_wconf 85' lang='lat' dir='ltr'><strong>intro</strong></span> <span class='ocrx_word' id='word_1_362' title='bbox 1306 3692 1428 3741; x_wconf 85' lang='lat' dir='ltr'><strong>latus</strong></span> <span class='ocrx_word' id='word_1_363' title='bbox 1464 3693 1643 3754; x_wconf 85' lang='lat' dir='ltr'><strong>lectus;</strong></span> 
     </span>
     <span class='ocr_line' id='line_1_52' title="bbox 589 3755 1645 3818; baseline 0.007 -17"><span class='ocrx_word' id='word_1_364' title='bbox 589 3755 878 3804; x_wconf 85' lang='lat' dir='ltr'><strong>vestimentis</strong></span> <span class='ocrx_word' id='word_1_365' title='bbox 919 3763 1086 3802; x_wconf 85' lang='lat' dir='ltr'><strong>stratus</strong></span> <span class='ocrx_word' id='word_1_366' title='bbox 1129 3764 1204 3804; x_wconf 91' lang='lat' dir='ltr'><strong>est</strong></span> <span class='ocrx_word' id='word_1_367' title='bbox 1252 3755 1376 3808; x_wconf 87' lang='lat' dir='ltr'><strong>Hea.</strong></span> <span class='ocrx_word' id='word_1_368' title='bbox 1414 3774 1463 3818; x_wconf 92' lang='lat' dir='ltr'><strong>v,</strong></span> <span class='ocrx_word' id='word_1_369' title='bbox 1501 3762 1547 3806; x_wconf 83' lang='lat'><strong>1.</strong></span> <span class='ocrx_word' id='word_1_370' title='bbox 1579 3762 1645 3808; x_wconf 73' lang='grc'><strong>30</strong></span> 
     </span>
     <span class='ocr_line' id='line_1_53' title="bbox 591 3818 1648 3872; baseline 0.007 -7"><span class='ocrx_word' id='word_1_371' title='bbox 591 3818 782 3868; x_wconf 85' lang='lat' dir='ltr'><strong>Deinde</strong></span> <span class='ocrx_word' id='word_1_372' title='bbox 800 3834 923 3867; x_wconf 89' lang='lat' dir='ltr'><strong>·eam</strong></span> <span class='ocrx_word' id='word_1_373' title='bbox 955 3820 1006 3867; x_wconf 88' lang='lat' dir='ltr'><strong>in</strong></span> <span class='ocrx_word' id='word_1_374' title='bbox 1043 3820 1217 3868; x_wconf 85' lang='lat' dir='ltr'><strong>lectum</strong></span> <span class='ocrx_word' id='word_1_375' title='bbox 1265 3819 1362 3868; x_wconf 75' lang='lat' dir='ltr'><strong>illae</strong></span> <span class='ocrx_word' id='word_1_376' title='bbox 1411 3821 1648 3872; x_wconf 82' lang='lat' dir='ltr'><strong>collocant</strong></span> 
     </span>
     <span class='ocr_line' id='line_1_54' title="bbox 591 3881 1645 3942; baseline 0.002 -11"><span class='ocrx_word' id='word_1_377' title='bbox 591 3881 683 3931; x_wconf 85' lang='lat' dir='ltr'><strong>Eu.</strong></span> <span class='ocrx_word' id='word_1_378' title='bbox 705 3884 774 3942; x_wconf 86' lang='lat' dir='ltr'><strong>iii,</strong></span> <span class='ocrx_word' id='word_1_379' title='bbox 796 3889 847 3933; x_wconf 90' lang='grc'><strong>5.</strong></span> <span class='ocrx_word' id='word_1_380' title='bbox 868 3889 932 3934; x_wconf 81' lang='grc'><strong>45</strong></span> <span class='ocrx_word' id='word_1_381' title='bbox 984 3882 1054 3931; x_wconf 90' lang='lat' dir='ltr'><strong>Ut</strong></span> <span class='ocrx_word' id='word_1_382' title='bbox 1076 3884 1230 3932; x_wconf 86' lang='lat' dir='ltr'><strong>triduo</strong></span> <span class='ocrx_word' id='word_1_383' title='bbox 1253 3885 1343 3933; x_wconf 89' lang='lat' dir='ltr'><strong>hoc</strong></span> <span class='ocrx_word' id='word_1_384' title='bbox 1366 3901 1394 3933; x_wconf 91' lang='lat' dir='ltr'><strong>e</strong></span> <span class='ocrx_word' id='word_1_385' title='bbox 1415 3885 1538 3933; x_wconf 91' lang='lat' dir='ltr'><strong>lecto</strong></span> <span class='ocrx_word' id='word_1_386' title='bbox 1559 3902 1645 3934; x_wconf 90' lang='lat' dir='ltr'><strong>ne-</strong></span> 
     </span>
     <span class='ocr_line' id='line_1_55' title="bbox 590 3948 1647 4011; baseline 0.005 -16"><span class='ocrx_word' id='word_1_387' title='bbox 590 3958 736 4010; x_wconf 85' lang='lat' dir='ltr'><strong>queat</strong></span> <span class='ocrx_word' id='word_1_388' title='bbox 756 3963 940 4010; x_wconf 78' lang='lat' dir='ltr'><strong>surgere</strong></span> <span class='ocrx_word' id='word_1_389' title='bbox 973 3949 1070 3994; x_wconf 89' lang='lat' dir='ltr'><strong>Ad.</strong></span> <span class='ocrx_word' id='word_1_390' title='bbox 1094 3949 1156 4002; x_wconf 87' lang='lat' dir='ltr'><strong>iv,</strong></span> <span class='ocrx_word' id='word_1_391' title='bbox 1181 3953 1224 3997; x_wconf 83' lang='lat'><strong>1.</strong></span> <span class='ocrx_word' id='word_1_392' title='bbox 1244 3951 1278 3996; x_wconf 88' lang='lat'>4</span> <span class='ocrx_word' id='word_1_393' title='bbox 1327 3948 1506 4011; x_wconf 87' lang='lat' dir='ltr'><strong>Video,</strong></span> <span class='ocrx_word' id='word_1_394' title='bbox 1529 3949 1647 3999; x_wconf 78' lang='lat' dir='ltr'><strong>alios</strong></span> 
     </span>
     <span class='ocr_line' id='line_1_56' title="bbox 593 4011 1592 4069; baseline 0.004 -11"><span class='ocrx_word' id='word_1_395' title='bbox 593 4011 833 4069; x_wconf 76' lang='lat' dir='ltr'><strong>festinare,</strong></span> <span class='ocrx_word' id='word_1_396' title='bbox 855 4013 1004 4061; x_wconf 84' lang='lat' dir='ltr'><strong>lectos</strong></span> <span class='ocrx_word' id='word_1_397' title='bbox 1019 4019 1222 4060; x_wconf 87' lang='lat' dir='ltr'><strong>sternere</strong></span> <span class='ocrx_word' id='word_1_398' title='bbox 1255 4011 1380 4059; x_wconf 87' lang='lat' dir='ltr'><strong>Hea.</strong></span> <span class='ocrx_word' id='word_1_399' title='bbox 1403 4012 1436 4069; x_wconf 87' lang='lat' dir='ltr'><strong>i,</strong></span> <span class='ocrx_word' id='word_1_400' title='bbox 1461 4017 1505 4061; x_wconf 92' lang='lat' dir='ltr'><strong>l.</strong></span> <span class='ocrx_word' id='word_1_401' title='bbox 1527 4017 1592 4062; x_wconf 74' lang='grc'><strong>70</strong></span> 
     </span>
    </p>

    <p class='ocr_par' dir='ltr' id='par_1_11' title="bbox 593 4075 1648 4260">
     <span class='ocr_line' id='line_1_57' title="bbox 657 4075 1647 4142; baseline 0.001 -18"><span class='ocrx_word' id='word_1_402' title='bbox 657 4076 850 4139; x_wconf 84' lang='lat' dir='ltr'><strong>Lectus,</strong></span> <span class='ocrx_word' id='word_1_403' title='bbox 873 4091 918 4134; x_wconf 89' lang='lat' dir='ltr'><strong>a,</strong></span> <span class='ocrx_word' id='word_1_404' title='bbox 959 4092 1057 4124; x_wconf 89' lang='lat' dir='ltr'><strong>um.</strong></span> <span class='ocrx_word' id='word_1_405' title='bbox 1122 4075 1305 4139; x_wconf 85' lang='lat' dir='ltr'><strong>Accipe</strong></span> <span class='ocrx_word' id='word_1_406' title='bbox 1326 4093 1338 4123; x_wconf 74' lang='grc' dir='ltr'>ε</span> <span class='ocrx_word' id='word_1_407' title='bbox 1377 4077 1516 4124; x_wconf 85' lang='lat' dir='ltr'><strong>hem!</strong></span> <span class='ocrx_word' id='word_1_408' title='bbox 1551 4077 1647 4142; x_wconf 87' lang='lat' dir='ltr'><strong>(ar-</strong></span> 
     </span>
     <span class='ocr_line' id='line_1_58' title="bbox 593 4140 1648 4204; baseline 0.004 -18"><span class='ocrx_word' id='word_1_409' title='bbox 593 4140 813 4204; x_wconf 71' lang='lat' dir='ltr'><strong>gentum)</strong></span> <span class='ocrx_word' id='word_1_410' title='bbox 855 4140 1029 4188; x_wconf 85' lang='lat' dir='ltr'><strong>lectum</strong></span> <span class='ocrx_word' id='word_1_411' title='bbox 1065 4148 1168 4189; x_wconf 67' lang='lat' dir='ltr'><strong>ests</strong></span> <span class='ocrx_word' id='word_1_412' title='bbox 1203 4140 1452 4189; x_wconf 85' lang='lat' dir='ltr'><strong>conveniet</strong></span> <span class='ocrx_word' id='word_1_413' title='bbox 1483 4157 1648 4190; x_wconf 84' lang='lat' dir='ltr'><strong>nume·</strong></span> 
     </span>
     <span class='ocr_line' id='line_1_59' title="bbox 595 4203 979 4260; baseline 0.016 -11"><span class='ocrx_word' id='word_1_414' title='bbox 595 4217 674 4249; x_wconf 87' lang='lat' dir='ltr'><strong>rus</strong></span> <span class='ocrx_word' id='word_1_415' title='bbox 707 4203 798 4250; x_wconf 87' lang='lat' dir='ltr'><strong>Ph.</strong></span> <span class='ocrx_word' id='word_1_416' title='bbox 821 4205 856 4260; x_wconf 84' lang='lat' dir='ltr'><strong>i,</strong></span> <span class='ocrx_word' id='word_1_417' title='bbox 875 4209 927 4254; x_wconf 89' lang='grc'><strong>2.</strong></span> <span class='ocrx_word' id='word_1_418' title='bbox 949 4208 979 4254; x_wconf 76' lang='grc'>3</span> 
     </span>
    </p>
   </div>
   <div class='ocr_carea' id='block_1_3' title="bbox 661 4265 1651 4335">
    <p class='ocr_par' dir='ltr' id='par_1_12' title="bbox 661 4265 1651 4335">
     <span class='ocr_line' id='line_1_60' title="bbox 661 4265 1651 4335; baseline 0.006 -21"><span class='ocrx_word' id='word_1_419' title='bbox 661 4265 878 4318; x_wconf 75' lang='lat' dir='ltr'><strong>Lemnos.</strong></span> <span class='ocrx_word' id='word_1_420' title='bbox 945 4269 1185 4334; x_wconf 82' lang='lat' dir='ltr'><strong>Fructum,</strong></span> <span class='ocrx_word' id='word_1_421' title='bbox 1217 4284 1358 4335; x_wconf 85' lang='lat' dir='ltr'><strong>quem</strong></span> <span class='ocrx_word' id='word_1_422' title='bbox 1377 4269 1544 4321; x_wconf 76' lang='lat' dir='ltr'><strong>Lemni</strong></span> <span class='ocrx_word' id='word_1_423' title='bbox 1555 4286 1651 4320; x_wconf 54' lang='lat' dir='ltr'><strong>*ux-</strong></span> 
     </span>
    </p>
   </div>
   <div class='ocr_carea' id='block_1_4' title="bbox 1686 548 2770 2998">
    <p class='ocr_par' dir='ltr' id='par_1_13' title="bbox 1686 548 2751 1190">
     <span class='ocr_line' id='line_1_61' title="bbox 1686 548 2749 616; baseline 0.001 -16"><span class='ocrx_word' id='word_1_424' title='bbox 1686 552 1779 601; x_wconf 74' lang='lat' dir='ltr'><strong>orb</strong></span> <span class='ocrx_word' id='word_1_425' title='bbox 1800 551 2005 599; x_wconf 79' lang='lat' dir='ltr'><strong>reddunt</strong></span> <span class='ocrx_word' id='word_1_426' title='bbox 2020 550 2195 614; x_wconf 64' lang='lat' dir='ltr'><strong>predia</strong></span> <span class='ocrx_word' id='word_1_427' title='bbox 2226 549 2319 601; x_wconf 86' lang='lat' dir='ltr'><strong>Ph.</strong></span> <span class='ocrx_word' id='word_1_428' title='bbox 2339 550 2405 609; x_wconf 74' lang='lat' dir='ltr'><strong>iv.</strong></span> <span class='ocrx_word' id='word_1_429' title='bbox 2426 548 2476 601; x_wconf 74' lang='lat'><strong>8.</strong></span> <span class='ocrx_word' id='word_1_430' title='bbox 2492 550 2557 603; x_wconf 72' lang='grc'><strong>75</strong></span> <span class='ocrx_word' id='word_1_431' title='bbox 2590 548 2749 616; x_wconf 60' lang='lat' dir='ltr'><strong>Cuju-</strong></span> 
     </span>
     <span class='ocr_line' id='line_1_62' title="bbox 1687 614 2747 674; baseline -0.002 -10"><span class='ocrx_word' id='word_1_432' title='bbox 1687 616 1758 665; x_wconf 85' lang='lat' dir='ltr'><strong>vir</strong></span> <span class='ocrx_word' id='word_1_433' title='bbox 1780 632 1967 664; x_wconf 87' lang='lat' dir='ltr'><strong>uxorem</strong></span> <span class='ocrx_word' id='word_1_434' title='bbox 1991 614 2155 663; x_wconf 83' lang='lat' dir='ltr'><strong>Lemni</strong></span> <span class='ocrx_word' id='word_1_435' title='bbox 2192 617 2358 665; x_wconf 80' lang='lat' dir='ltr'><strong>habuit</strong></span> <span class='ocrx_word' id='word_1_436' title='bbox 2390 616 2531 665; x_wconf 84' lang='lat' dir='ltr'><strong>aliam</strong></span> <span class='ocrx_word' id='word_1_437' title='bbox 2579 617 2669 665; x_wconf 91' lang='lat' dir='ltr'><strong>Ph.</strong></span> <span class='ocrx_word' id='word_1_438' title='bbox 2692 633 2747 674; x_wconf 77' lang='lat' dir='ltr'><strong>v,</strong></span> 
     </span>
     <span class='ocr_line' id='line_1_63' title="bbox 1688 679 2745 743; baseline -0.003 -13"><span class='ocrx_word' id='word_1_439' title='bbox 1688 685 1739 730; x_wconf 96' lang='grc'><strong>7.</strong></span> <span class='ocrx_word' id='word_1_440' title='bbox 1780 686 1847 731; x_wconf 86' lang='grc'><strong>40</strong></span> <span class='ocrx_word' id='word_1_441' title='bbox 1900 680 2129 729; x_wconf 70' lang='lat' dir='ltr'><strong>Haeccine</strong></span> <span class='ocrx_word' id='word_1_442' title='bbox 2172 686 2307 729; x_wconf 87' lang='lat' dir='ltr'><strong>erant</strong></span> <span class='ocrx_word' id='word_1_443' title='bbox 2346 679 2521 729; x_wconf 86' lang='lat' dir='ltr'><strong>itiones</strong></span> <span class='ocrx_word' id='word_1_444' title='bbox 2553 682 2745 743; x_wconf 71' lang='lat' dir='ltr'><strong>crebrae,</strong></span> 
     </span>
     <span class='ocr_line' id='line_1_64' title="bbox 1688 744 2747 802; baseline -0.001 -10"><span class='ocrx_word' id='word_1_445' title='bbox 1688 752 1740 793; x_wconf 88' lang='lat' dir='ltr'><strong>et</strong></span> <span class='ocrx_word' id='word_1_446' title='bbox 1789 746 2053 792; x_wconf 78' lang='lat' dir='ltr'><strong>mansiones</strong></span> <span class='ocrx_word' id='word_1_447' title='bbox 2094 744 2291 793; x_wconf 62' lang='lat' dir='ltr'><strong>diutinas</strong></span> <span class='ocrx_word' id='word_1_448' title='bbox 2334 744 2502 793; x_wconf 71' lang='lat' dir='ltr'><strong>Iaemni</strong></span> <span class='ocrx_word' id='word_1_449' title='bbox 2522 744 2541 792; x_wconf 85' lang='lat'>?</span> <span class='ocrx_word' id='word_1_450' title='bbox 2584 744 2675 793; x_wconf 78' lang='lat' dir='ltr'><strong>Ph.</strong></span> <span class='ocrx_word' id='word_1_451' title='bbox 2695 761 2747 802; x_wconf 80' lang='lat' dir='ltr'><strong>v,</strong></span> 
     </span>
     <span class='ocr_line' id='line_1_65' title="bbox 1690 806 2749 871; baseline -0.002 -14"><span class='ocrx_word' id='word_1_452' title='bbox 1690 812 1739 858; x_wconf 79' lang='lat'><strong>8.</strong></span> <span class='ocrx_word' id='word_1_453' title='bbox 1759 812 1823 857; x_wconf 81' lang='grc'><strong>24</strong></span> <span class='ocrx_word' id='word_1_454' title='bbox 1873 806 2046 857; x_wconf 85' lang='lat' dir='ltr'><strong>Evenit</strong></span> <span class='ocrx_word' id='word_1_455' title='bbox 2076 808 2185 871; x_wconf 81' lang='lat' dir='ltr'><strong>iter,</strong></span> <span class='ocrx_word' id='word_1_456' title='bbox 2228 808 2301 857; x_wconf 90' lang='lat' dir='ltr'><strong>illi</strong></span> <span class='ocrx_word' id='word_1_457' title='bbox 2334 808 2385 856; x_wconf 87' lang='lat' dir='ltr'><strong>in</strong></span> <span class='ocrx_word' id='word_1_458' title='bbox 2424 808 2655 857; x_wconf 67' lang='lat' dir='ltr'><strong>lemnum</strong></span> <span class='ocrx_word' id='word_1_459' title='bbox 2693 816 2749 856; x_wconf 86' lang='lat' dir='ltr'><strong>ut</strong></span> 
     </span>
     <span class='ocr_line' id='line_1_66' title="bbox 1690 871 2751 937; baseline 0 -16"><span class='ocrx_word' id='word_1_460' title='bbox 1690 879 1815 921; x_wconf 82' lang='lat' dir='ltr'><strong>esset</strong></span> <span class='ocrx_word' id='word_1_461' title='bbox 1844 872 1938 921; x_wconf 83' lang='lat' dir='ltr'><strong>Ph.</strong></span> <span class='ocrx_word' id='word_1_462' title='bbox 1962 872 1997 935; x_wconf 87' lang='lat' dir='ltr'><strong>i,</strong></span> <span class='ocrx_word' id='word_1_463' title='bbox 2014 876 2065 922; x_wconf 89' lang='grc'><strong>2.</strong></span> <span class='ocrx_word' id='word_1_464' title='bbox 2086 877 2149 921; x_wconf 88' lang='grc'><strong>16</strong></span> <span class='ocrx_word' id='word_1_465' title='bbox 2181 871 2349 929; x_wconf 85' lang='lat' dir='ltr'><strong>Quid?</strong></span> <span class='ocrx_word' id='word_1_466' title='bbox 2385 888 2479 936; x_wconf 90' lang='lat' dir='ltr'><strong>qua</strong></span> <span class='ocrx_word' id='word_1_467' title='bbox 2510 874 2751 937; x_wconf 73' lang='lat' dir='ltr'><strong>profectus</strong></span> 
     </span>
     <span class='ocr_line' id='line_1_67' title="bbox 1692 936 2747 997; baseline 0 -12"><span class='ocrx_word' id='word_1_468' title='bbox 1692 950 1833 985; x_wconf 82' lang='lat' dir='ltr'><strong>eausa</strong></span> <span class='ocrx_word' id='word_1_469' title='bbox 1870 936 1981 985; x_wconf 87' lang='lat' dir='ltr'><strong>hinc</strong></span> <span class='ocrx_word' id='word_1_470' title='bbox 2018 952 2068 984; x_wconf 86' lang='lat' dir='ltr'><strong>es</strong></span> <span class='ocrx_word' id='word_1_471' title='bbox 2106 937 2371 985; x_wconf 79' lang='lat' dir='ltr'><strong>Lemnum?</strong></span> <span class='ocrx_word' id='word_1_472' title='bbox 2404 937 2493 987; x_wconf 89' lang='lat' dir='ltr'><strong>Ph.</strong></span> <span class='ocrx_word' id='word_1_473' title='bbox 2530 938 2596 997; x_wconf 89' lang='lat' dir='ltr'><strong>iv,</strong></span> <span class='ocrx_word' id='word_1_474' title='bbox 2630 940 2676 987; x_wconf 85' lang='lat'><strong>1.</strong></span> <span class='ocrx_word' id='word_1_475' title='bbox 2716 940 2747 985; x_wconf 81' lang='lat'>1</span> 
     </span>
     <span class='ocr_line' id='line_1_68' title="bbox 1692 1000 2746 1063; baseline -0.003 -14"><span class='ocrx_word' id='word_1_476' title='bbox 1692 1000 1815 1049; x_wconf 83' lang='lat' dir='ltr'><strong>Cum</strong></span> <span class='ocrx_word' id='word_1_477' title='bbox 1836 1000 1940 1063; x_wconf 85' lang='lat' dir='ltr'><strong>ejus</strong></span> <span class='ocrx_word' id='word_1_478' title='bbox 1960 1001 2205 1049; x_wconf 83' lang='lat' dir='ltr'><strong>consuevit</strong></span> <span class='ocrx_word' id='word_1_479' title='bbox 2236 1001 2351 1050; x_wconf 87' lang='lat' dir='ltr'><strong>olim</strong></span> <span class='ocrx_word' id='word_1_480' title='bbox 2372 1008 2517 1049; x_wconf 83' lang='lat' dir='ltr'><strong>matre</strong></span> <span class='ocrx_word' id='word_1_481' title='bbox 2534 1000 2585 1047; x_wconf 84' lang='lat' dir='ltr'><strong>in</strong></span> <span class='ocrx_word' id='word_1_482' title='bbox 2606 1000 2746 1049; x_wconf 88' lang='lat' dir='ltr'><strong>Lem-</strong></span> 
     </span>
     <span class='ocr_line' id='line_1_69' title="bbox 1692 1064 2747 1126; baseline -0.001 -14"><span class='ocrx_word' id='word_1_483' title='bbox 1692 1080 1757 1112; x_wconf 81' lang='lat' dir='ltr'><strong>no</strong></span> <span class='ocrx_word' id='word_1_484' title='bbox 1795 1064 2062 1113; x_wconf 83' lang='lat' dir='ltr'><strong>clanculum</strong></span> <span class='ocrx_word' id='word_1_485' title='bbox 2086 1065 2201 1113; x_wconf 76' lang='grc' dir='ltr'><strong>ῬΙι.</strong></span> <span class='ocrx_word' id='word_1_486' title='bbox 2222 1082 2271 1126; x_wconf 87' lang='lat' dir='ltr'><strong>v,</strong></span> <span class='ocrx_word' id='word_1_487' title='bbox 2290 1070 2341 1113; x_wconf 83' lang='lat'><strong>6.</strong></span> <span class='ocrx_word' id='word_1_488' title='bbox 2358 1069 2423 1117; x_wconf 73' lang='grc'><strong>33</strong></span> <span class='ocrx_word' id='word_1_489' title='bbox 2472 1064 2533 1112; x_wconf 87' lang='lat' dir='ltr'><strong>In</strong></span> <span class='ocrx_word' id='word_1_490' title='bbox 2568 1064 2747 1113; x_wconf 68' lang='lat' dir='ltr'><strong>Iamno</strong></span> 
     </span>
     <span class='ocr_line' id='line_1_70' title="bbox 1693 1129 2605 1190; baseline 0 -12"><span class='ocrx_word' id='word_1_491' title='bbox 1693 1130 1814 1178; x_wconf 87' lang='lat' dir='ltr'><strong>clam</strong></span> <span class='ocrx_word' id='word_1_492' title='bbox 1836 1136 1884 1176; x_wconf 91' lang='lat' dir='ltr'><strong>te</strong></span> <span class='ocrx_word' id='word_1_493' title='bbox 1906 1144 2095 1177; x_wconf 86' lang='lat' dir='ltr'><strong>uxorem</strong></span> <span class='ocrx_word' id='word_1_494' title='bbox 2118 1129 2256 1177; x_wconf 84' lang='lat' dir='ltr'><strong>duxit</strong></span> <span class='ocrx_word' id='word_1_495' title='bbox 2286 1129 2379 1179; x_wconf 78' lang='lat' dir='ltr'><strong>Ph.</strong></span> <span class='ocrx_word' id='word_1_496' title='bbox 2400 1145 2449 1190; x_wconf 84' lang='lat' dir='ltr'><strong>v,</strong></span> <span class='ocrx_word' id='word_1_497' title='bbox 2470 1132 2520 1178; x_wconf 86' lang='grc'><strong>8.</strong></span> <span class='ocrx_word' id='word_1_498' title='bbox 2544 1133 2605 1178; x_wconf 89' lang='grc'><strong>15</strong></span> 
     </span>
    </p>

    <p class='ocr_par' dir='ltr' id='par_1_14' title="bbox 1694 1191 2753 1377">
     <span class='ocr_line' id='line_1_71' title="bbox 1760 1191 2749 1257; baseline -0.002 -16"><span class='ocrx_word' id='word_1_499' title='bbox 1760 1192 1925 1243; x_wconf 87' lang='lat' dir='ltr'><strong>Lenio.</strong></span> <span class='ocrx_word' id='word_1_500' title='bbox 1991 1194 2085 1241; x_wconf 88' lang='lat' dir='ltr'><strong>Pro</strong></span> <span class='ocrx_word' id='word_1_501' title='bbox 2106 1209 2157 1241; x_wconf 79' lang='lat' dir='ltr'><strong>se</strong></span> <span class='ocrx_word' id='word_1_502' title='bbox 2174 1194 2376 1257; x_wconf 85' lang='lat' dir='ltr'><strong>quisque</strong></span> <span class='ocrx_word' id='word_1_503' title='bbox 2396 1191 2565 1241; x_wconf 84' lang='lat' dir='ltr'><strong>sedulo</strong></span> <span class='ocrx_word' id='word_1_504' title='bbox 2601 1191 2749 1241; x_wconf 73' lang='lat' dir='ltr'><strong>facie-</strong></span> 
     </span>
     <span class='ocr_line' id='line_1_72' title="bbox 1694 1256 2753 1331; baseline 0 -26"><span class='ocrx_word' id='word_1_505' title='bbox 1694 1257 1795 1314; x_wconf 80' lang='lat' dir='ltr'><strong>bat,</strong></span> <span class='ocrx_word' id='word_1_506' title='bbox 1828 1272 1925 1331; x_wconf 75' lang='lat' dir='ltr'><strong>quo</strong></span> <span class='ocrx_word' id='word_1_507' title='bbox 1964 1256 2097 1307; x_wconf 85' lang='lat' dir='ltr'><strong>illam</strong></span> <span class='ocrx_word' id='word_1_508' title='bbox 2133 1258 2251 1305; x_wconf 87' lang='lat' dir='ltr'><strong>mihi</strong></span> <span class='ocrx_word' id='word_1_509' title='bbox 2286 1258 2490 1306; x_wconf 82' lang='lat' dir='ltr'><strong>lenirent</strong></span> <span class='ocrx_word' id='word_1_510' title='bbox 2522 1256 2753 1305; x_wconf 71' lang='lat' dir='ltr'><strong>miseriam</strong></span> 
     </span>
     <span class='ocr_line' id='line_1_73' title="bbox 1696 1320 2035 1377; baseline 0.006 -8"><span class='ocrx_word' id='word_1_511' title='bbox 1696 1320 1821 1372; x_wconf 88' lang='lat' dir='ltr'><strong>Hea.</strong></span> <span class='ocrx_word' id='word_1_512' title='bbox 1840 1335 1876 1377; x_wconf 86' lang='grc' dir='ltr'><strong>ι,</strong></span> <span class='ocrx_word' id='word_1_513' title='bbox 1901 1325 1951 1369; x_wconf 86' lang='lat'><strong>1.</strong></span> <span class='ocrx_word' id='word_1_514' title='bbox 1972 1326 2035 1371; x_wconf 85' lang='grc'><strong>75</strong></span> 
     </span>
    </p>

    <p class='ocr_par' dir='ltr' id='par_1_15' title="bbox 1696 1384 2761 2280">
     <span class='ocr_line' id='line_1_74' title="bbox 1760 1384 2754 1448; baseline 0.002 -17"><span class='ocrx_word' id='word_1_515' title='bbox 1760 1385 1919 1443; x_wconf 86' lang='lat' dir='ltr'><strong>Lenis,</strong></span> <span class='ocrx_word' id='word_1_516' title='bbox 1940 1401 1987 1435; x_wconf 86' lang='lat' dir='ltr'><strong>e.</strong></span> <span class='ocrx_word' id='word_1_517' title='bbox 2052 1384 2105 1432; x_wconf 89' lang='lat' dir='ltr'><strong>Si</strong></span> <span class='ocrx_word' id='word_1_518' title='bbox 2126 1400 2219 1448; x_wconf 84' lang='lat' dir='ltr'><strong>qua</strong></span> <span class='ocrx_word' id='word_1_519' title='bbox 2236 1384 2465 1434; x_wconf 84' lang='lat' dir='ltr'><strong>laboriosa</strong></span> <span class='ocrx_word' id='word_1_520' title='bbox 2480 1390 2570 1443; x_wconf 82' lang='lat' dir='ltr'><strong>est,</strong></span> <span class='ocrx_word' id='word_1_521' title='bbox 2592 1385 2654 1431; x_wconf 80' lang='lat' dir='ltr'><strong>ad</strong></span> <span class='ocrx_word' id='word_1_522' title='bbox 2676 1400 2754 1433; x_wconf 87' lang='lat' dir='ltr'><strong>me</strong></span> 
     </span>
     <span class='ocr_line' id='line_1_75' title="bbox 1696 1448 2755 1508; baseline -0.004 -10"><span class='ocrx_word' id='word_1_523' title='bbox 1696 1450 1921 1498; x_wconf 84' lang='lat' dir='ltr'><strong>curritur:</strong></span> <span class='ocrx_word' id='word_1_524' title='bbox 1976 1448 2049 1496; x_wconf 86' lang='lat' dir='ltr'><strong>sin</strong></span> <span class='ocrx_word' id='word_1_525' title='bbox 2070 1450 2189 1507; x_wconf 74' lang='lat' dir='ltr'><strong>lenis</strong></span> <span class='ocrx_word' id='word_1_526' title='bbox 2207 1460 2296 1508; x_wconf 89' lang='lat' dir='ltr'><strong>est,</strong></span> <span class='ocrx_word' id='word_1_527' title='bbox 2334 1450 2395 1497; x_wconf 91' lang='lat' dir='ltr'><strong>ad</strong></span> <span class='ocrx_word' id='word_1_528' title='bbox 2418 1450 2563 1495; x_wconf 85' lang='lat' dir='ltr'><strong>alium</strong></span> <span class='ocrx_word' id='word_1_529' title='bbox 2598 1448 2755 1495; x_wconf 78' lang='lat' dir='ltr'><strong>defer-</strong></span> 
     </span>
     <span class='ocr_line' id='line_1_76' title="bbox 1698 1512 2756 1576; baseline -0.001 -15"><span class='ocrx_word' id='word_1_530' title='bbox 1698 1520 1774 1561; x_wconf 86' lang='lat' dir='ltr'><strong>tur</strong></span> <span class='ocrx_word' id='word_1_531' title='bbox 1795 1528 1979 1576; x_wconf 83' lang='lat' dir='ltr'><strong>gregem</strong></span> <span class='ocrx_word' id='word_1_532' title='bbox 2012 1512 2133 1564; x_wconf 87' lang='lat' dir='ltr'><strong>Hea.</strong></span> <span class='ocrx_word' id='word_1_533' title='bbox 2158 1514 2285 1563; x_wconf 81' lang='lat' dir='ltr'><strong>Ptol.</strong></span> <span class='ocrx_word' id='word_1_534' title='bbox 2305 1518 2371 1563; x_wconf 82' lang='lat'><strong>45</strong></span> <span class='ocrx_word' id='word_1_535' title='bbox 2422 1512 2493 1561; x_wconf 88' lang='lat' dir='ltr'><strong>Ut</strong></span> <span class='ocrx_word' id='word_1_536' title='bbox 2531 1512 2648 1561; x_wconf 80' lang='lat' dir='ltr'><strong>sciat</strong></span> <span class='ocrx_word' id='word_1_537' title='bbox 2684 1512 2756 1560; x_wconf 92' lang='lat' dir='ltr'><strong>le-</strong></span> 
     </span>
     <span class='ocr_line' id='line_1_77' title="bbox 1698 1578 2757 1641; baseline 0 -16"><span class='ocrx_word' id='word_1_538' title='bbox 1698 1592 1806 1625; x_wconf 84' lang='lat' dir='ltr'><strong>nem</strong></span> <span class='ocrx_word' id='word_1_539' title='bbox 1832 1585 2008 1641; x_wconf 83' lang='lat' dir='ltr'><strong>patrem</strong></span> <span class='ocrx_word' id='word_1_540' title='bbox 2039 1578 2177 1625; x_wconf 86' lang='lat' dir='ltr'><strong>illurn</strong></span> <span class='ocrx_word' id='word_1_541' title='bbox 2209 1578 2383 1627; x_wconf 84' lang='lat' dir='ltr'><strong>factum</strong></span> <span class='ocrx_word' id='word_1_542' title='bbox 2405 1593 2481 1625; x_wconf 85' lang='lat' dir='ltr'><strong>me</strong></span> <span class='ocrx_word' id='word_1_543' title='bbox 2502 1592 2606 1625; x_wconf 89' lang='lat' dir='ltr'><strong>esse</strong></span> <span class='ocrx_word' id='word_1_544' title='bbox 2626 1592 2757 1625; x_wconf 67' lang='lat' dir='ltr'><strong>acer-⁴</strong></span> 
     </span>
     <span class='ocr_line' id='line_1_78' title="bbox 1700 1640 2758 1701; baseline 0.002 -14"><span class='ocrx_word' id='word_1_545' title='bbox 1700 1640 1867 1689; x_wconf 84' lang='lat' dir='ltr'><strong>rimuru</strong></span> <span class='ocrx_word' id='word_1_546' title='bbox 1902 1643 1991 1690; x_wconf 85' lang='lat' dir='ltr'><strong>Ph.</strong></span> <span class='ocrx_word' id='word_1_547' title='bbox 2014 1642 2067 1701; x_wconf 85' lang='lat' dir='ltr'><strong>ii,</strong></span> <span class='ocrx_word' id='word_1_548' title='bbox 2090 1647 2137 1692; x_wconf 90' lang='lat'><strong>1.</strong></span> <span class='ocrx_word' id='word_1_549' title='bbox 2161 1646 2225 1691; x_wconf 73' lang='grc'><strong>52</strong></span> <span class='ocrx_word' id='word_1_550' title='bbox 2281 1641 2378 1698; x_wconf 85' lang='lat' dir='ltr'><strong>Qui</strong></span> <span class='ocrx_word' id='word_1_551' title='bbox 2412 1656 2491 1689; x_wconf 90' lang='lat' dir='ltr'><strong>me</strong></span> <span class='ocrx_word' id='word_1_552' title='bbox 2528 1648 2625 1687; x_wconf 79' lang='lat' dir='ltr'><strong>tam</strong></span> <span class='ocrx_word' id='word_1_553' title='bbox 2659 1640 2758 1689; x_wconf 83' lang='lat' dir='ltr'><strong>leni</strong></span> 
     </span>
     <span class='ocr_line' id='line_1_79' title="bbox 1700 1703 2757 1769; baseline -0.002 -16"><span class='ocrx_word' id='word_1_554' title='bbox 1700 1720 1865 1767; x_wconf 80' lang='lat' dir='ltr'><strong>passus</strong></span> <span class='ocrx_word' id='word_1_555' title='bbox 1885 1713 1957 1755; x_wconf 86' lang='lat' dir='ltr'><strong>est</strong></span> <span class='ocrx_word' id='word_1_556' title='bbox 1992 1706 2149 1754; x_wconf 85' lang='lat' dir='ltr'><strong>auimo</strong></span> <span class='ocrx_word' id='word_1_557' title='bbox 2185 1721 2335 1769; x_wconf 87' lang='lat' dir='ltr'><strong>usque</strong></span> <span class='ocrx_word' id='word_1_558' title='bbox 2362 1706 2535 1753; x_wconf 77' lang='lat' dir='ltr'><strong>adhuc.</strong></span> <span class='ocrx_word' id='word_1_559' title='bbox 2564 1703 2629 1753; x_wconf 87' lang='lat' dir='ltr'><strong>A.</strong></span> <span class='ocrx_word' id='word_1_560' title='bbox 2650 1705 2685 1764; x_wconf 92' lang='lat' dir='ltr'><strong>i,</strong></span> <span class='ocrx_word' id='word_1_561' title='bbox 2704 1710 2757 1753; x_wconf 88' lang='grc'><strong>5.</strong></span> 
     </span>
     <span class='ocr_line' id='line_1_80' title="bbox 1700 1769 2758 1819; baseline -0.002 -1"><span class='ocrx_word' id='word_1_562' title='bbox 1700 1774 1763 1819; x_wconf 88' lang='grc'><strong>27</strong></span> <span class='ocrx_word' id='word_1_563' title='bbox 1817 1771 1867 1817; x_wconf 87' lang='lat' dir='ltr'><strong>Si</strong></span> <span class='ocrx_word' id='word_1_564' title='bbox 1890 1777 2053 1817; x_wconf 87' lang='lat' dir='ltr'><strong>tetam</strong></span> <span class='ocrx_word' id='word_1_565' title='bbox 2096 1770 2194 1817; x_wconf 91' lang='lat' dir='ltr'><strong>leni</strong></span> <span class='ocrx_word' id='word_1_566' title='bbox 2226 1778 2276 1817; x_wconf 89' lang='lat' dir='ltr'><strong>et</strong></span> <span class='ocrx_word' id='word_1_567' title='bbox 2298 1770 2433 1817; x_wconf 73' lang='lat' dir='ltr'><strong>²victo</strong></span> <span class='ocrx_word' id='word_1_568' title='bbox 2465 1769 2622 1817; x_wconf 84' lang='lat' dir='ltr'><strong>animo</strong></span> <span class='ocrx_word' id='word_1_569' title='bbox 2656 1783 2758 1817; x_wconf 77' lang='lat' dir='ltr'><strong>esse</strong></span> 
     </span>
     <span class='ocr_line' id='line_1_81' title="bbox 1702 1832 2759 1896; baseline -0.001 -14"><span class='ocrx_word' id='word_1_570' title='bbox 1702 1834 1961 1882; x_wconf 87' lang='lat' dir='ltr'><strong>ostenderis</strong></span> <span class='ocrx_word' id='word_1_571' title='bbox 1994 1834 2117 1884; x_wconf 84' lang='lat' dir='ltr'><strong>Hea.</strong></span> <span class='ocrx_word' id='word_1_572' title='bbox 2137 1834 2210 1895; x_wconf 87' lang='lat' dir='ltr'><strong>iii,</strong></span> <span class='ocrx_word' id='word_1_573' title='bbox 2233 1839 2283 1884; x_wconf 91' lang='lat'><strong>1.</strong></span> <span class='ocrx_word' id='word_1_574' title='bbox 2304 1838 2371 1883; x_wconf 83' lang='grc'><strong>20</strong></span> <span class='ocrx_word' id='word_1_575' title='bbox 2414 1832 2759 1896; x_wconf 75' lang='lat' dir='ltr'><strong>Quemquamne</strong></span> 
     </span>
     <span class='ocr_line' id='line_1_82' title="bbox 1701 1896 2755 1959; baseline -0.001 -15"><span class='ocrx_word' id='word_1_576' title='bbox 1701 1899 1857 1945; x_wconf 85' lang='lat' dir='ltr'><strong>animo</strong></span> <span class='ocrx_word' id='word_1_577' title='bbox 1881 1904 1975 1945; x_wconf 86' lang='lat' dir='ltr'><strong>tam</strong></span> <span class='ocrx_word' id='word_1_578' title='bbox 1996 1896 2233 1945; x_wconf 84' lang='lat' dir='ltr'><strong>communi</strong></span> <span class='ocrx_word' id='word_1_579' title='bbox 2264 1914 2383 1956; x_wconf 84' lang='lat' dir='ltr'><strong>esse,</strong></span> <span class='ocrx_word' id='word_1_580' title='bbox 2416 1905 2502 1945; x_wconf 85' lang='lat' dir='ltr'><strong>aut</strong></span> <span class='ocrx_word' id='word_1_581' title='bbox 2534 1898 2628 1945; x_wconf 83' lang='lat' dir='ltr'><strong>leni</strong></span> <span class='ocrx_word' id='word_1_582' title='bbox 2666 1912 2755 1959; x_wconf 86' lang='lat' dir='ltr'><strong>pu·</strong></span> 
     </span>
     <span class='ocr_line' id='line_1_83' title="bbox 1708 1960 2761 2023; baseline 0 -14"><span class='ocrx_word' id='word_1_583' title='bbox 1708 1963 1814 2009; x_wconf 74' lang='lat' dir='ltr'><strong>tas?</strong></span> <span class='ocrx_word' id='word_1_584' title='bbox 1848 1962 1971 2009; x_wconf 85' lang='lat' dir='ltr'><strong>Hea.</strong></span> <span class='ocrx_word' id='word_1_585' title='bbox 1993 1978 2044 2023; x_wconf 89' lang='lat' dir='ltr'><strong>v,</strong></span> <span class='ocrx_word' id='word_1_586' title='bbox 2068 1967 2115 2012; x_wconf 93' lang='grc'><strong>1.</strong></span> <span class='ocrx_word' id='word_1_587' title='bbox 2140 1967 2205 2011; x_wconf 71' lang='grc'><strong>39</strong></span> <span class='ocrx_word' id='word_1_588' title='bbox 2237 1962 2281 2009; x_wconf 87' lang='grc' dir='ltr'><strong>Ε</strong></span> <span class='ocrx_word' id='word_1_589' title='bbox 2313 1978 2342 2009; x_wconf 91' lang='grc' dir='ltr'><strong>ο</strong></span> <span class='ocrx_word' id='word_1_590' title='bbox 2362 1977 2464 2009; x_wconf 83' lang='lat' dir='ltr'><strong>sum</strong></span> <span class='ocrx_word' id='word_1_591' title='bbox 2485 1962 2641 2009; x_wconf 87' lang='lat' dir='ltr'><strong>animo</strong></span> <span class='ocrx_word' id='word_1_592' title='bbox 2664 1960 2761 2009; x_wconf 87' lang='lat' dir='ltr'><strong>leni</strong></span> 
     </span>
     <span class='ocr_line' id='line_1_84' title="bbox 1702 2024 2760 2090; baseline -0.001 -18"><span class='ocrx_word' id='word_1_593' title='bbox 1702 2033 1842 2073; x_wconf 84' lang='lat' dir='ltr'><strong>natus</strong></span> <span class='ocrx_word' id='word_1_594' title='bbox 1890 2025 1986 2074; x_wconf 87' lang='lat' dir='ltr'><strong>He.</strong></span> <span class='ocrx_word' id='word_1_595' title='bbox 2009 2026 2065 2083; x_wconf 84' lang='lat' dir='ltr'><strong>ii,</strong></span> <span class='ocrx_word' id='word_1_596' title='bbox 2084 2031 2133 2076; x_wconf 89' lang='grc'><strong>2.</strong></span> <span class='ocrx_word' id='word_1_597' title='bbox 2152 2030 2217 2077; x_wconf 84' lang='grc'><strong>28</strong></span> <span class='ocrx_word' id='word_1_598' title='bbox 2328 2025 2469 2090; x_wconf 83' lang='lat' dir='ltr'><strong>genio</strong></span> <span class='ocrx_word' id='word_1_599' title='bbox 2505 2032 2553 2073; x_wconf 88' lang='lat' dir='ltr'><strong>te</strong></span> <span class='ocrx_word' id='word_1_600' title='bbox 2584 2040 2685 2073; x_wconf 84' lang='lat' dir='ltr'><strong>esse</strong></span> <span class='ocrx_word' id='word_1_601' title='bbox 2705 2024 2760 2071; x_wconf 89' lang='lat' dir='ltr'><strong>in</strong></span> 
     </span>
     <span class='ocr_line' id='line_1_85' title="bbox 1704 2090 2759 2154; baseline -0.003 -16"><span class='ocrx_word' id='word_1_602' title='bbox 1704 2090 1875 2138; x_wconf 85' lang='lat' dir='ltr'><strong>liberos</strong></span> <span class='ocrx_word' id='word_1_603' title='bbox 1893 2090 1989 2137; x_wconf 88' lang='lat' dir='ltr'><strong>leni</strong></span> <span class='ocrx_word' id='word_1_604' title='bbox 2012 2098 2128 2154; x_wconf 85' lang='lat' dir='ltr'><strong>puto</strong></span> <span class='ocrx_word' id='word_1_605' title='bbox 2162 2090 2287 2139; x_wconf 83' lang='lat' dir='ltr'><strong>Hea.</strong></span> <span class='ocrx_word' id='word_1_606' title='bbox 2308 2090 2344 2148; x_wconf 82' lang='lat' dir='ltr'><strong>i,</strong></span> <span class='ocrx_word' id='word_1_607' title='bbox 2368 2096 2413 2140; x_wconf 87' lang='grc'><strong>1.</strong></span> <span class='ocrx_word' id='word_1_608' title='bbox 2429 2094 2497 2139; x_wconf 84' lang='grc'><strong>90</strong></span> <span class='ocrx_word' id='word_1_609' title='bbox 2528 2090 2759 2153; x_wconf 81' lang='lat' dir='ltr'><strong>Asperum</strong></span> 
     </span>
     <span class='ocr_line' id='line_1_86' title="bbox 1704 2152 2760 2219; baseline 0 -19"><span class='ocrx_word' id='word_1_610' title='bbox 1704 2152 1937 2219; x_wconf 82' lang='lat' dir='ltr'><strong>(vinum),</strong></span> <span class='ocrx_word' id='word_1_611' title='bbox 1958 2162 2109 2217; x_wconf 82' lang='lat' dir='ltr'><strong>pater,</strong></span> <span class='ocrx_word' id='word_1_612' title='bbox 2131 2155 2221 2202; x_wconf 88' lang='lat' dir='ltr'><strong>hoc</strong></span> <span class='ocrx_word' id='word_1_613' title='bbox 2238 2160 2309 2203; x_wconf 88' lang='lat' dir='ltr'><strong>est</strong></span> <span class='ocrx_word' id='word_1_614' title='bbox 2321 2169 2337 2213; x_wconf 88' lang='lat'>;</span> <span class='ocrx_word' id='word_1_615' title='bbox 2370 2154 2503 2203; x_wconf 80' lang='lat' dir='ltr'><strong>aliud</strong></span> <span class='ocrx_word' id='word_1_616' title='bbox 2520 2154 2671 2203; x_wconf 84' lang='lat' dir='ltr'><strong>lenius</strong></span> <span class='ocrx_word' id='word_1_617' title='bbox 2684 2169 2760 2201; x_wconf 86' lang='lat' dir='ltr'><strong>so·</strong></span> 
     </span>
     <span class='ocr_line' id='line_1_87' title="bbox 1705 2218 2341 2280; baseline 0 -14"><span class='ocrx_word' id='word_1_618' title='bbox 1705 2220 1807 2280; x_wconf 82' lang='lat' dir='ltr'><strong>des,</strong></span> <span class='ocrx_word' id='word_1_619' title='bbox 1828 2220 1937 2267; x_wconf 87' lang='lat' dir='ltr'><strong>vide</strong></span> <span class='ocrx_word' id='word_1_620' title='bbox 1968 2218 2092 2267; x_wconf 87' lang='lat' dir='ltr'><strong>Hea.</strong></span> <span class='ocrx_word' id='word_1_621' title='bbox 2112 2218 2184 2276; x_wconf 83' lang='lat' dir='ltr'><strong>iii,</strong></span> <span class='ocrx_word' id='word_1_622' title='bbox 2209 2223 2254 2267; x_wconf 88' lang='grc'><strong>1.</strong></span> <span class='ocrx_word' id='word_1_623' title='bbox 2276 2221 2341 2267; x_wconf 91' lang='grc'><strong>50</strong></span> 
     </span>
    </p>

    <p class='ocr_par' dir='ltr' id='par_1_16' title="bbox 1706 2280 2764 2473">
     <span class='ocr_line' id='line_1_88' title="bbox 1770 2280 2763 2346; baseline -0.002 -15"><span class='ocrx_word' id='word_1_624' title='bbox 1770 2283 1977 2331; x_wconf 67' lang='lat' dir='ltr'><strong>lenitas.</strong></span> <span class='ocrx_word' id='word_1_625' title='bbox 2040 2282 2157 2331; x_wconf 85' lang='lat' dir='ltr'><strong>Heri</strong></span> <span class='ocrx_word' id='word_1_626' title='bbox 2184 2297 2368 2346; x_wconf 81' lang='lat' dir='ltr'><strong>semper</strong></span> <span class='ocrx_word' id='word_1_627' title='bbox 2388 2280 2554 2330; x_wconf 85' lang='lat' dir='ltr'><strong>lenitas</strong></span> <span class='ocrx_word' id='word_1_628' title='bbox 2573 2281 2763 2330; x_wconf 81' lang='lat' dir='ltr'><strong>verebar</strong></span> 
     </span>
     <span class='ocr_line' id='line_1_89' title="bbox 1706 2345 2764 2409; baseline -0.001 -15"><span class='ocrx_word' id='word_1_629' title='bbox 1706 2362 1928 2409; x_wconf 80' lang='lat' dir='ltr'><strong>quorsum</strong></span> <span class='ocrx_word' id='word_1_630' title='bbox 1948 2348 2167 2395; x_wconf 77' lang='lat' dir='ltr'><strong>evaderet</strong></span> <span class='ocrx_word' id='word_1_631' title='bbox 2180 2346 2243 2397; x_wconf 88' lang='lat' dir='ltr'><strong>A.</strong></span> <span class='ocrx_word' id='word_1_632' title='bbox 2266 2346 2300 2403; x_wconf 86' lang='lat' dir='ltr'><strong>i,</strong></span> <span class='ocrx_word' id='word_1_633' title='bbox 2322 2351 2371 2397; x_wconf 92' lang='grc'><strong>2.</strong></span> <span class='ocrx_word' id='word_1_634' title='bbox 2385 2351 2418 2396; x_wconf 82' lang='grc'><strong>4</strong></span> <span class='ocrx_word' id='word_1_635' title='bbox 2452 2346 2625 2409; x_wconf 80' lang='lat' dir='ltr'><strong>Inepta</strong></span> <span class='ocrx_word' id='word_1_636' title='bbox 2643 2345 2764 2394; x_wconf 86' lang='lat' dir='ltr'><strong>leni-</strong></span> 
     </span>
     <span class='ocr_line' id='line_1_90' title="bbox 1708 2409 2763 2473; baseline 0.002 -15"><span class='ocrx_word' id='word_1_637' title='bbox 1708 2418 1781 2458; x_wconf 78' lang='lat' dir='ltr'><strong>tas</strong></span> <span class='ocrx_word' id='word_1_638' title='bbox 1804 2411 1963 2473; x_wconf 85' lang='lat' dir='ltr'><strong>patris,</strong></span> <span class='ocrx_word' id='word_1_639' title='bbox 1982 2417 2036 2459; x_wconf 87' lang='lat' dir='ltr'><strong>et</strong></span> <span class='ocrx_word' id='word_1_640' title='bbox 2049 2410 2251 2459; x_wconf 78' lang='lat' dir='ltr'><strong>facilitas</strong></span> <span class='ocrx_word' id='word_1_641' title='bbox 2262 2421 2403 2473; x_wconf 82' lang='lat' dir='ltr'><strong>prava</strong></span> <span class='ocrx_word' id='word_1_642' title='bbox 2417 2409 2516 2458; x_wconf 90' lang='lat' dir='ltr'><strong>Ad.</strong></span> <span class='ocrx_word' id='word_1_643' title='bbox 2536 2410 2607 2467; x_wconf 87' lang='lat' dir='ltr'><strong>iii,</strong></span> <span class='ocrx_word' id='word_1_644' title='bbox 2631 2414 2680 2460; x_wconf 77' lang='grc'><strong>3.</strong></span> <span class='ocrx_word' id='word_1_645' title='bbox 2696 2414 2763 2459; x_wconf 75' lang='grc'><strong>36</strong></span> 
     </span>
    </p>

    <p class='ocr_par' dir='ltr' id='par_1_17' title="bbox 1705 2473 2770 2998">
     <span class='ocr_line' id='line_1_91' title="bbox 1772 2473 2765 2524; baseline -0.002 0"><span class='ocrx_word' id='word_1_646' title='bbox 1772 2474 1921 2524; x_wconf 86' lang='lat' dir='ltr'><strong>Leno.</strong></span> <span class='ocrx_word' id='word_1_647' title='bbox 1944 2473 2129 2523; x_wconf 83' lang='lat' dir='ltr'><strong>Avarus</strong></span> <span class='ocrx_word' id='word_1_648' title='bbox 2150 2474 2259 2523; x_wconf 86' lang='lat' dir='ltr'><strong>leno</strong></span> <span class='ocrx_word' id='word_1_649' title='bbox 2282 2476 2405 2524; x_wconf 73' lang='lat' dir='ltr'><strong>Hea-</strong></span> <span class='ocrx_word' id='word_1_650' title='bbox 2425 2474 2553 2523; x_wconf 88' lang='lat' dir='ltr'><strong>Prol.</strong></span> <span class='ocrx_word' id='word_1_651' title='bbox 2576 2479 2641 2524; x_wconf 66' lang='lat'><strong>39</strong></span> <span class='ocrx_word' id='word_1_652' title='bbox 2672 2474 2765 2522; x_wconf 89' lang='lat' dir='ltr'><strong>Le-</strong></span> 
     </span>
     <span class='ocr_line' id='line_1_92' title="bbox 1710 2537 2764 2668; baseline 0.003 -17"><span class='ocrx_word' id='word_1_653' title='bbox 1710 2540 2216 2668; x_wconf 50' lang='lat'><strong>3235013&#39;3’22‘2335</strong></span> <span class='ocrx_word' id='word_1_654' title='bbox 2235 2549 2446 2652; x_wconf 49' lang='lat' dir='ltr'><strong>32²⁰ss</strong></span> <span class='ocrx_word' id='word_1_655' title='bbox 2466 2537 2764 2666; x_wconf 57' lang='lat' dir='ltr'><strong>‘331¹&#39;1231121&#39;s</strong></span> 
     </span>
     <span class='ocr_line' id='line_1_93' title="bbox 1705 2666 2765 2724; baseline 0.002 -10"><span class='ocrx_word' id='word_1_656' title='bbox 1705 2666 1784 2715; x_wconf 77' lang='lat' dir='ltr'><strong>Sa.</strong></span> <span class='ocrx_word' id='word_1_657' title='bbox 1823 2667 1954 2716; x_wconf 85' lang='lat' dir='ltr'><strong>Leno</strong></span> <span class='ocrx_word' id='word_1_658' title='bbox 1990 2684 2109 2724; x_wconf 85' lang='lat' dir='ltr'><strong>sum,</strong></span> <span class='ocrx_word' id='word_1_659' title='bbox 2145 2669 2301 2716; x_wconf 78' lang='lat' dir='ltr'><strong>fateor</strong></span> <span class='ocrx_word' id='word_1_660' title='bbox 2346 2668 2444 2716; x_wconf 86' lang='lat' dir='ltr'><strong>Ad.</strong></span> <span class='ocrx_word' id='word_1_661' title='bbox 2459 2669 2511 2724; x_wconf 82' lang='lat' dir='ltr'><strong>ii,</strong></span> <span class='ocrx_word' id='word_1_662' title='bbox 2536 2671 2765 2717; x_wconf 70' lang='lat'><strong>1.33.34</strong></span> 
     </span>
     <span class='ocr_line' id='line_1_94' title="bbox 1706 2731 2765 2795; baseline 0.004 -17"><span class='ocrx_word' id='word_1_663' title='bbox 1706 2731 1824 2792; x_wconf 83' lang='lat' dir='ltr'><strong>Eia!</strong></span> <span class='ocrx_word' id='word_1_664' title='bbox 1876 2748 1937 2780; x_wconf 89' lang='lat' dir='ltr'><strong>ne</strong></span> <span class='ocrx_word' id='word_1_665' title='bbox 1961 2747 2121 2795; x_wconf 87' lang='lat' dir='ltr'><strong>parum</strong></span> <span class='ocrx_word' id='word_1_666' title='bbox 2144 2731 2254 2782; x_wconf 83' lang='lat' dir='ltr'><strong>leno</strong></span> <span class='ocrx_word' id='word_1_667' title='bbox 2278 2733 2369 2780; x_wconf 83' lang='lat' dir='ltr'><strong>sies</strong></span> <span class='ocrx_word' id='word_1_668' title='bbox 2420 2733 2512 2781; x_wconf 88' lang='lat' dir='ltr'><strong>Ph.</strong></span> <span class='ocrx_word' id='word_1_669' title='bbox 2530 2732 2606 2788; x_wconf 87' lang='lat' dir='ltr'><strong>iii,</strong></span> <span class='ocrx_word' id='word_1_670' title='bbox 2628 2737 2677 2782; x_wconf 91' lang='grc'><strong>2.</strong></span> <span class='ocrx_word' id='word_1_671' title='bbox 2698 2735 2765 2782; x_wconf 74' lang='grc'><strong>23</strong></span> 
     </span>
     <span class='ocr_line' id='line_1_95' title="bbox 1708 2795 2770 2860; baseline -0.002 -17"><span class='ocrx_word' id='word_1_672' title='bbox 1708 2795 1769 2843; x_wconf 90' lang='lat' dir='ltr'><strong>In</strong></span> <span class='ocrx_word' id='word_1_673' title='bbox 1782 2795 1950 2844; x_wconf 79' lang='lat' dir='ltr'><strong>Graeca</strong></span> <span class='ocrx_word' id='word_1_674' title='bbox 1958 2796 2234 2845; x_wconf 74' lang='lat' dir='ltr'><strong>adolescens</strong></span> <span class='ocrx_word' id='word_1_675' title='bbox 2250 2804 2341 2853; x_wconf 85' lang='lat' dir='ltr'><strong>est,</strong></span> <span class='ocrx_word' id='word_1_676' title='bbox 2354 2796 2437 2860; x_wconf 90' lang='lat' dir='ltr'><strong>qui</strong></span> <span class='ocrx_word' id='word_1_677' title='bbox 2455 2796 2613 2844; x_wconf 88' lang='lat' dir='ltr'><strong>lenoni</strong></span> <span class='ocrx_word' id='word_1_678' title='bbox 2626 2795 2770 2858; x_wconf 84' lang='lat' dir='ltr'><strong>eripit</strong></span> 
     </span>
     <span class='ocr_line' id='line_1_96' title="bbox 1707 2859 2768 2910; baseline -0.002 -2"><span class='ocrx_word' id='word_1_679' title='bbox 1707 2861 1995 2908; x_wconf 87' lang='lat' dir='ltr'><strong>meretricem</strong></span> <span class='ocrx_word' id='word_1_680' title='bbox 2018 2859 2116 2910; x_wconf 87' lang='lat' dir='ltr'><strong>Ad.</strong></span> <span class='ocrx_word' id='word_1_681' title='bbox 2130 2861 2299 2910; x_wconf 55' lang='lat' dir='ltr'><strong>Prote</strong></span> <span class='ocrx_word' id='word_1_682' title='bbox 2322 2860 2768 2908; x_wconf 81' lang='lat' dir='ltr'><strong>Easerviebatleno·</strong></span> 
     </span>
     <span class='ocr_line' id='line_1_97' title="bbox 1710 2924 2769 2998; baseline -0.002 -26"><span class='ocrx_word' id='word_1_683' title='bbox 1710 2924 1760 2972; x_wconf 85' lang='lat' dir='ltr'><strong>ui</strong></span> <span class='ocrx_word' id='word_1_684' title='bbox 1790 2924 2101 2998; x_wconf 81' lang='lat' dir='ltr'><strong>impurissimo</strong></span> <span class='ocrx_word' id='word_1_685' title='bbox 2145 2924 2237 2974; x_wconf 76' lang='lat' dir='ltr'><strong>Ph.</strong></span> <span class='ocrx_word' id='word_1_686' title='bbox 2260 2925 2295 2983; x_wconf 88' lang='lat' dir='ltr'><strong>i,</strong></span> <span class='ocrx_word' id='word_1_687' title='bbox 2318 2929 2367 2974; x_wconf 89' lang='grc'><strong>2.</strong></span> <span class='ocrx_word' id='word_1_688' title='bbox 2388 2929 2451 2974; x_wconf 71' lang='grc'><strong>33</strong></span> <span class='ocrx_word' id='word_1_689' title='bbox 2505 2924 2769 2989; x_wconf 79' lang='lat' dir='ltr'><strong>Argentum</strong></span> 
     </span>
    </p>
   </div>
   <div class='ocr_carea' id='block_1_5' title="bbox 1708 2988 2879 3054">
    <p class='ocr_par' dir='ltr' id='par_1_18' title="bbox 1708 2988 2879 3054">
     <span class='ocr_line' id='line_1_98' title="bbox 1708 2988 2879 3054; baseline 0.001 -19"><span class='ocrx_word' id='word_1_690' title='bbox 1708 3003 1905 3051; x_wconf 72' lang='lat' dir='ltr'><strong>accepi:</strong></span> <span class='ocrx_word' id='word_1_691' title='bbox 1932 2989 2105 3037; x_wconf 87' lang='lat' dir='ltr'><strong>tradidi</strong></span> <span class='ocrx_word' id='word_1_692' title='bbox 2116 2989 2281 3037; x_wconf 90' lang='lat' dir='ltr'><strong>lenoni</strong></span> <span class='ocrx_word' id='word_1_693' title='bbox 2298 2988 2388 3036; x_wconf 89' lang='lat' dir='ltr'><strong>Ph.</strong></span> <span class='ocrx_word' id='word_1_694' title='bbox 2410 3006 2456 3046; x_wconf 89' lang='lat' dir='ltr'><strong>v,</strong></span> <span class='ocrx_word' id='word_1_695' title='bbox 2478 2995 2528 3038; x_wconf 92' lang='grc'><strong>5.</strong></span> <span class='ocrx_word' id='word_1_696' title='bbox 2552 2995 2578 3040; x_wconf 88' lang='grc'><strong>1</strong></span> <span class='ocrx_word' id='word_1_697' title='bbox 2612 2989 2662 3037; x_wconf 85' lang='lat' dir='ltr'><strong>Is</strong></span> <span class='ocrx_word' id='word_1_698' title='bbox 2684 3003 2769 3052; x_wconf 86' lang='lat' dir='ltr'><strong>pro</strong></span> <span class='ocrx_word' id='word_1_699' title='bbox 2826 2990 2833 2994; x_wconf 66' lang='grc'><em>“</em></span> <span class='ocrx_word' id='word_1_700' title='bbox 2870 3047 2879 3054; x_wconf 89' lang='lat'>.</span> 
     </span>
    </p>
   </div>
   <div class='ocr_carea' id='block_1_6' title="bbox 1708 3052 2775 4339">
    <p class='ocr_par' dir='ltr' id='par_1_19' title="bbox 1708 3052 2771 3677">
     <span class='ocr_line' id='line_1_99' title="bbox 1710 3052 2767 3115; baseline 0.002 -15"><span class='ocrx_word' id='word_1_701' title='bbox 1710 3067 1793 3100; x_wconf 83' lang='lat' dir='ltr'><strong>sua</strong></span> <span class='ocrx_word' id='word_1_702' title='bbox 1836 3052 1989 3101; x_wconf 88' lang='lat' dir='ltr'><strong>amica</strong></span> <span class='ocrx_word' id='word_1_703' title='bbox 2020 3052 2181 3100; x_wconf 83' lang='lat' dir='ltr'><strong>lenoni</strong></span> <span class='ocrx_word' id='word_1_704' title='bbox 2214 3053 2350 3100; x_wconf 88' lang='lat' dir='ltr'><strong>dedit</strong></span> <span class='ocrx_word' id='word_1_705' title='bbox 2398 3053 2492 3100; x_wconf 83' lang='lat' dir='ltr'><strong>Ph.</strong></span> <span class='ocrx_word' id='word_1_706' title='bbox 2532 3071 2581 3115; x_wconf 91' lang='lat' dir='ltr'><strong>v,</strong></span> <span class='ocrx_word' id='word_1_707' title='bbox 2621 3058 2671 3102; x_wconf 82' lang='lat'><strong>8.</strong></span> <span class='ocrx_word' id='word_1_708' title='bbox 2702 3057 2767 3102; x_wconf 84' lang='grc'><strong>50</strong></span> 
     </span>
     <span class='ocr_line' id='line_1_100' title="bbox 1710 3115 2770 3173; baseline 0 -11"><span class='ocrx_word' id='word_1_709' title='bbox 1710 3115 1829 3164; x_wconf 82' lang='lat' dir='ltr'><strong>Hei!</strong></span> <span class='ocrx_word' id='word_1_710' title='bbox 1867 3127 2025 3164; x_wconf 87' lang='lat' dir='ltr'><strong>metuo</strong></span> <span class='ocrx_word' id='word_1_711' title='bbox 2060 3116 2277 3164; x_wconf 82' lang='lat' dir='ltr'><strong>lenonem</strong></span> <span class='ocrx_word' id='word_1_712' title='bbox 2327 3116 2419 3164; x_wconf 85' lang='lat' dir='ltr'><strong>Ph.</strong></span> <span class='ocrx_word' id='word_1_713' title='bbox 2439 3117 2511 3173; x_wconf 86' lang='lat' dir='ltr'><strong>iii,</strong></span> <span class='ocrx_word' id='word_1_714' title='bbox 2528 3122 2580 3165; x_wconf 94' lang='grc'><strong>2.</strong></span> <span class='ocrx_word' id='word_1_715' title='bbox 2602 3122 2636 3165; x_wconf 84' lang='lat'>6</span> <span class='ocrx_word' id='word_1_716' title='bbox 2683 3115 2770 3164; x_wconf 87' lang='lat' dir='ltr'><strong>Ad</strong></span> 
     </span>
     <span class='ocr_line' id='line_1_101' title="bbox 1710 3179 2766 3242; baseline 0.002 -14"><span class='ocrx_word' id='word_1_717' title='bbox 1710 3180 1928 3228; x_wconf 85' lang='lat' dir='ltr'><strong>lenonem</strong></span> <span class='ocrx_word' id='word_1_718' title='bbox 1960 3181 2070 3228; x_wconf 85' lang='lat' dir='ltr'><strong>hinc</strong></span> <span class='ocrx_word' id='word_1_719' title='bbox 2102 3180 2169 3228; x_wconf 88' lang='lat' dir='ltr'><strong>ire</strong></span> <span class='ocrx_word' id='word_1_720' title='bbox 2200 3193 2391 3242; x_wconf 83' lang='lat' dir='ltr'><strong>pergam</strong></span> <span class='ocrx_word' id='word_1_721' title='bbox 2438 3179 2529 3230; x_wconf 86' lang='lat' dir='ltr'><strong>Pb.</strong></span> <span class='ocrx_word' id='word_1_722' title='bbox 2564 3196 2614 3236; x_wconf 83' lang='lat' dir='ltr'><strong>v,</strong></span> <span class='ocrx_word' id='word_1_723' title='bbox 2648 3185 2697 3228; x_wconf 83' lang='lat'><strong>6.</strong></span> <span class='ocrx_word' id='word_1_724' title='bbox 2734 3185 2766 3230; x_wconf 88' lang='grc'><strong>7</strong></span> 
     </span>
     <span class='ocr_line' id='line_1_102' title="bbox 1710 3242 2770 3307; baseline 0.001 -16"><span class='ocrx_word' id='word_1_725' title='bbox 1710 3245 1863 3300; x_wconf 88' lang='lat' dir='ltr'><strong>Leno,</strong></span> <span class='ocrx_word' id='word_1_726' title='bbox 1886 3245 2014 3302; x_wconf 86' lang='lat' dir='ltr'><strong>audi,</strong></span> <span class='ocrx_word' id='word_1_727' title='bbox 2036 3244 2074 3290; x_wconf 84' lang='lat' dir='ltr'><strong>si</strong></span> <span class='ocrx_word' id='word_1_728' title='bbox 2095 3243 2183 3306; x_wconf 80' lang='lat' dir='ltr'><strong>vis,</strong></span> <span class='ocrx_word' id='word_1_729' title='bbox 2204 3242 2358 3306; x_wconf 55' lang='lat' dir='ltr'><strong>nunc,¹</strong></span> <span class='ocrx_word' id='word_1_730' title='bbox 2368 3242 2472 3307; x_wconf 85' lang='lat' dir='ltr'><strong>jam</strong></span> <span class='ocrx_word' id='word_1_731' title='bbox 2520 3242 2622 3293; x_wconf 90' lang='lat' dir='ltr'><strong>Ad.</strong></span> <span class='ocrx_word' id='word_1_732' title='bbox 2642 3244 2696 3302; x_wconf 86' lang='lat' dir='ltr'><strong>ii,</strong></span> <span class='ocrx_word' id='word_1_733' title='bbox 2720 3249 2770 3294; x_wconf 84' lang='lat'><strong>1.</strong></span> 
     </span>
     <span class='ocr_line' id='line_1_103' title="bbox 1708 3307 2768 3365; baseline -0.003 -7"><span class='ocrx_word' id='word_1_734' title='bbox 1708 3313 1777 3358; x_wconf 66' lang='grc'><strong>30</strong></span> <span class='ocrx_word' id='word_1_735' title='bbox 1808 3307 1859 3354; x_wconf 88' lang='lat' dir='ltr'><strong>Si</strong></span> <span class='ocrx_word' id='word_1_736' title='bbox 1880 3309 1965 3355; x_wconf 88' lang='lat' dir='ltr'><strong>tibi</strong></span> <span class='ocrx_word' id='word_1_737' title='bbox 1991 3323 2064 3356; x_wconf 86' lang='lat' dir='ltr'><strong>res</strong></span> <span class='ocrx_word' id='word_1_738' title='bbox 2094 3309 2159 3355; x_wconf 84' lang='lat' dir='ltr'><strong>sit</strong></span> <span class='ocrx_word' id='word_1_739' title='bbox 2194 3323 2302 3356; x_wconf 86' lang='lat' dir='ltr'><strong>eum</strong></span> <span class='ocrx_word' id='word_1_740' title='bbox 2336 3324 2396 3356; x_wconf 87' lang='lat' dir='ltr'><strong>eo</strong></span> <span class='ocrx_word' id='word_1_741' title='bbox 2434 3308 2623 3365; x_wconf 86' lang='lat' dir='ltr'><strong>lenone,</strong></span> <span class='ocrx_word' id='word_1_742' title='bbox 2666 3315 2768 3355; x_wconf 87' lang='lat' dir='ltr'><strong>tum</strong></span> 
     </span>
     <span class='ocr_line' id='line_1_104' title="bbox 1715 3371 2771 3448; baseline 0 -28"><span class='ocrx_word' id='word_1_743' title='bbox 1715 3372 1891 3448; x_wconf 63' lang='lat' dir='ltr'><strong>sentias</strong></span> <span class='ocrx_word' id='word_1_744' title='bbox 1941 3372 2032 3420; x_wconf 88' lang='lat' dir='ltr'><strong>Ph.</strong></span> <span class='ocrx_word' id='word_1_745' title='bbox 2052 3372 2093 3434; x_wconf 91' lang='lat' dir='ltr'><strong>i,</strong></span> <span class='ocrx_word' id='word_1_746' title='bbox 2116 3376 2165 3423; x_wconf 70' lang='grc' dir='ltr'><strong>Β.</strong></span> <span class='ocrx_word' id='word_1_747' title='bbox 2190 3376 2253 3422; x_wconf 86' lang='grc'><strong>10</strong></span> <span class='ocrx_word' id='word_1_748' title='bbox 2315 3371 2393 3421; x_wconf 87' lang='lat' dir='ltr'><strong>Ab</strong></span> <span class='ocrx_word' id='word_1_749' title='bbox 2432 3373 2605 3422; x_wconf 86' lang='lat' dir='ltr'><strong>lenone</strong></span> <span class='ocrx_word' id='word_1_750' title='bbox 2637 3373 2771 3436; x_wconf 83' lang='lat' dir='ltr'><strong>ipsus</strong></span> 
     </span>
     <span class='ocr_line' id='line_1_105' title="bbox 1715 3437 2769 3564; baseline -0.003 -15"><span class='ocrx_word' id='word_1_751' title='bbox 1715 3437 2583 3564; x_wconf 41' lang='lat' dir='ltr'><strong>enffigiggani&#39;aggte:Rlagt-effllepide</strong></span> <span class='ocrx_word' id='word_1_752' title='bbox 2603 3517 2616 3548; x_wconf 75' lang='lat' dir='ltr'><em>z</em></span> <span class='ocrx_word' id='word_1_753' title='bbox 2648 3499 2769 3547; x_wconf 82' lang='lat' dir='ltr'><strong>nihil</strong></span> 
     </span>
     <span class='ocr_line' id='line_1_106' title="bbox 1715 3565 2230 3677; baseline -0.006 -59"><span class='ocrx_word' id='word_1_754' title='bbox 1715 3581 1859 3677; x_wconf 50' lang='lat' dir='ltr'><strong>suffia</strong></span> <span class='ocrx_word' id='word_1_755' title='bbox 1890 3565 1983 3614; x_wconf 85' lang='lat' dir='ltr'><strong>Eu.</strong></span> <span class='ocrx_word' id='word_1_756' title='bbox 2005 3565 2075 3624; x_wconf 85' lang='lat' dir='ltr'><strong>iii,</strong></span> <span class='ocrx_word' id='word_1_757' title='bbox 2100 3570 2145 3614; x_wconf 86' lang='lat'><strong>1.</strong></span> <span class='ocrx_word' id='word_1_758' title='bbox 2168 3570 2230 3615; x_wconf 77' lang='grc'><strong>37</strong></span> 
     </span>
    </p>

    <p class='ocr_par' dir='ltr' id='par_1_20' title="bbox 1716 3627 2775 4339">
     <span class='ocr_line' id='line_1_107' title="bbox 1854 3627 2768 3692; baseline -0.002 -15"><span class='ocrx_word' id='word_1_759' title='bbox 1854 3631 2013 3692; x_wconf 88' lang='lat' dir='ltr'><strong>pidus,</strong></span> <span class='ocrx_word' id='word_1_760' title='bbox 2034 3645 2079 3686; x_wconf 85' lang='lat' dir='ltr'><strong>a,</strong></span> <span class='ocrx_word' id='word_1_761' title='bbox 2100 3645 2195 3676; x_wconf 88' lang='lat' dir='ltr'><strong>um.</strong></span> <span class='ocrx_word' id='word_1_762' title='bbox 2250 3627 2417 3692; x_wconf 78' lang='lat' dir='ltr'><strong>Euge!</strong></span> <span class='ocrx_word' id='word_1_763' title='bbox 2452 3627 2555 3692; x_wconf 83' lang='lat' dir='ltr'><strong>jam</strong></span> <span class='ocrx_word' id='word_1_764' title='bbox 2576 3627 2768 3692; x_wconf 86' lang='lat' dir='ltr'><strong>lepidus</strong></span> 
     </span>
     <span class='ocr_line' id='line_1_108' title="bbox 1717 3692 2772 3756; baseline -0.003 -14"><span class='ocrx_word' id='word_1_765' title='bbox 1717 3709 1877 3742; x_wconf 87' lang='lat' dir='ltr'><strong>vocor.</strong></span> <span class='ocrx_word' id='word_1_766' title='bbox 1910 3693 2015 3756; x_wconf 87' lang='lat' dir='ltr'><strong>Ego</strong></span> <span class='ocrx_word' id='word_1_767' title='bbox 2038 3692 2225 3755; x_wconf 83' lang='lat' dir='ltr'><strong>lepidus</strong></span> <span class='ocrx_word' id='word_1_768' title='bbox 2244 3693 2355 3741; x_wconf 90' lang='lat' dir='ltr'><strong>ineo</strong></span> <span class='ocrx_word' id='word_1_769' title='bbox 2373 3695 2570 3756; x_wconf 82' lang='lat' dir='ltr'><strong>gratiam</strong></span> <span class='ocrx_word' id='word_1_770' title='bbox 2600 3693 2698 3742; x_wconf 89' lang='lat' dir='ltr'><strong>Ad.</strong></span> <span class='ocrx_word' id='word_1_771' title='bbox 2721 3709 2772 3752; x_wconf 90' lang='lat' dir='ltr'><strong>v,</strong></span> 
     </span>
     <span class='ocr_line' id='line_1_109' title="bbox 1716 3755 2771 3820; baseline -0.005 -11"><span class='ocrx_word' id='word_1_772' title='bbox 1716 3763 1765 3808; x_wconf 91' lang='grc'><strong>7.</strong></span> <span class='ocrx_word' id='word_1_773' title='bbox 1788 3762 1866 3807; x_wconf 76' lang='grc'><strong>13.</strong></span> <span class='ocrx_word' id='word_1_774' title='bbox 1890 3762 1954 3805; x_wconf 90' lang='grc'><strong>16</strong></span> <span class='ocrx_word' id='word_1_775' title='bbox 2008 3755 2053 3804; x_wconf 92' lang='grc' dir='ltr'>Ο</span> <span class='ocrx_word' id='word_1_776' title='bbox 2078 3758 2288 3820; x_wconf 83' lang='lat' dir='ltr'><strong>lepidum</strong></span> <span class='ocrx_word' id='word_1_777' title='bbox 2320 3759 2529 3820; x_wconf 86' lang='lat' dir='ltr'><strong>patrem!</strong></span> <span class='ocrx_word' id='word_1_778' title='bbox 2565 3757 2629 3806; x_wconf 89' lang='lat' dir='ltr'><strong>A.</strong></span> <span class='ocrx_word' id='word_1_779' title='bbox 2650 3773 2699 3814; x_wconf 83' lang='lat' dir='ltr'><strong>v,</strong></span> <span class='ocrx_word' id='word_1_780' title='bbox 2720 3761 2771 3806; x_wconf 94' lang='grc'><strong>4.</strong></span> 
     </span>
     <span class='ocr_line' id='line_1_110' title="bbox 1716 3821 2772 3886; baseline -0.004 -15"><span class='ocrx_word' id='word_1_781' title='bbox 1716 3827 1779 3871; x_wconf 90' lang='grc'><strong>45</strong></span> <span class='ocrx_word' id='word_1_782' title='bbox 1835 3821 1939 3884; x_wconf 85' lang='lat' dir='ltr'><strong>Ego</strong></span> <span class='ocrx_word' id='word_1_783' title='bbox 1962 3837 2047 3868; x_wconf 87' lang='lat' dir='ltr'><strong>usa</strong></span> <span class='ocrx_word' id='word_1_784' title='bbox 2066 3837 2169 3868; x_wconf 86' lang='lat' dir='ltr'><strong>sum</strong></span> <span class='ocrx_word' id='word_1_785' title='bbox 2190 3821 2415 3886; x_wconf 84' lang='lat' dir='ltr'><strong>benigno,</strong></span> <span class='ocrx_word' id='word_1_786' title='bbox 2452 3831 2505 3871; x_wconf 89' lang='lat' dir='ltr'><strong>et</strong></span> <span class='ocrx_word' id='word_1_787' title='bbox 2524 3825 2567 3870; x_wconf 86' lang='lat' dir='ltr'><strong>le</strong></span> <span class='ocrx_word' id='word_1_788' title='bbox 2604 3823 2699 3877; x_wconf 85' lang='lat' dir='ltr'><strong>ido,</strong></span> <span class='ocrx_word' id='word_1_789' title='bbox 2722 3827 2772 3868; x_wconf 86' lang='lat' dir='ltr'><strong>et</strong></span> 
     </span>
     <span class='ocr_line' id='line_1_111' title="bbox 1718 3885 2771 3952; baseline 0.001 -17"><span class='ocrx_word' id='word_1_790' title='bbox 1718 3885 1841 3936; x_wconf 88' lang='lat' dir='ltr'><strong>comi</strong></span> <span class='ocrx_word' id='word_1_791' title='bbox 1876 3885 1971 3933; x_wconf 89' lang='lat' dir='ltr'><strong>He.</strong></span> <span class='ocrx_word' id='word_1_792' title='bbox 1992 3901 2041 3940; x_wconf 83' lang='lat' dir='ltr'><strong>v,</strong></span> <span class='ocrx_word' id='word_1_793' title='bbox 2064 3891 2110 3935; x_wconf 73' lang='lat'><strong>8.</strong></span> <span class='ocrx_word' id='word_1_794' title='bbox 2132 3889 2198 3938; x_wconf 71' lang='lat'><strong>39</strong></span> <span class='ocrx_word' id='word_1_795' title='bbox 2252 3886 2437 3952; x_wconf 80' lang='lat' dir='ltr'><strong>Lepida</strong></span> <span class='ocrx_word' id='word_1_796' title='bbox 2454 3903 2506 3936; x_wconf 83' lang='lat' dir='ltr'><strong>es</strong></span> <span class='ocrx_word' id='word_1_797' title='bbox 2590 3904 2631 3937; x_wconf 89' lang='lat' dir='ltr'><strong>e.</strong></span> <span class='ocrx_word' id='word_1_798' title='bbox 2652 3903 2699 3940; x_wconf 85' lang='lat' dir='ltr'><strong>v.</strong></span> <span class='ocrx_word' id='word_1_799' title='bbox 2723 3890 2771 3936; x_wconf 90' lang='grc'><strong>1.</strong></span> 
     </span>
     <span class='ocr_line' id='line_1_112' title="bbox 1719 3949 2771 4015; baseline -0.003 -14"><span class='ocrx_word' id='word_1_800' title='bbox 1719 3955 1785 4001; x_wconf 87' lang='grc'><strong>26</strong></span> <span class='ocrx_word' id='word_1_801' title='bbox 1839 3949 1943 4012; x_wconf 80' lang='lat' dir='ltr'><strong>Ego</strong></span> <span class='ocrx_word' id='word_1_802' title='bbox 1982 3949 2065 4014; x_wconf 88' lang='lat' dir='ltr'><strong>pol</strong></span> <span class='ocrx_word' id='word_1_803' title='bbox 2102 3951 2188 3998; x_wconf 89' lang='lat' dir='ltr'><strong>tibi</strong></span> <span class='ocrx_word' id='word_1_804' title='bbox 2226 3951 2350 4000; x_wconf 89' lang='lat' dir='ltr'><strong>dabo</strong></span> <span class='ocrx_word' id='word_1_805' title='bbox 2391 3953 2523 4000; x_wconf 86' lang='lat' dir='ltr'><strong>illam</strong></span> <span class='ocrx_word' id='word_1_806' title='bbox 2565 3950 2771 4015; x_wconf 84' lang='lat' dir='ltr'><strong>lepidam</strong></span> 
     </span>
     <span class='ocr_line' id='line_1_113' title="bbox 1719 4014 2771 4080; baseline -0.001 -19"><span class='ocrx_word' id='word_1_807' title='bbox 1719 4014 1844 4066; x_wconf 88' lang='lat' dir='ltr'><strong>Hea.</strong></span> <span class='ocrx_word' id='word_1_808' title='bbox 1866 4031 1919 4073; x_wconf 85' lang='lat' dir='ltr'><strong>v,</strong></span> <span class='ocrx_word' id='word_1_809' title='bbox 1940 4020 1990 4064; x_wconf 91' lang='grc'><strong>5.</strong></span> <span class='ocrx_word' id='word_1_810' title='bbox 2016 4019 2077 4064; x_wconf 87' lang='grc'><strong>16</strong></span> <span class='ocrx_word' id='word_1_811' title='bbox 2128 4014 2251 4062; x_wconf 87' lang='lat' dir='ltr'><strong>Itan’</strong></span> <span class='ocrx_word' id='word_1_812' title='bbox 2275 4016 2487 4080; x_wconf 84' lang='lat' dir='ltr'><strong>lepidum</strong></span> <span class='ocrx_word' id='word_1_813' title='bbox 2515 4016 2603 4063; x_wconf 86' lang='lat' dir='ltr'><strong>tibi</strong></span> <span class='ocrx_word' id='word_1_814' title='bbox 2620 4015 2771 4062; x_wconf 84' lang='lat' dir='ltr'><strong>visum</strong></span> 
     </span>
     <span class='ocr_line' id='line_1_114' title="bbox 1720 4076 2771 4140; baseline -0.002 -14"><span class='ocrx_word' id='word_1_815' title='bbox 1720 4087 1811 4140; x_wconf 87' lang='lat' dir='ltr'><strong>est,</strong></span> <span class='ocrx_word' id='word_1_816' title='bbox 1832 4078 2001 4135; x_wconf 85' lang='lat' dir='ltr'><strong>scelus,</strong></span> <span class='ocrx_word' id='word_1_817' title='bbox 2022 4094 2109 4126; x_wconf 86' lang='lat' dir='ltr'><strong>nos</strong></span> <span class='ocrx_word' id='word_1_818' title='bbox 2124 4079 2344 4128; x_wconf 87' lang='lat' dir='ltr'><strong>irridere?</strong></span> <span class='ocrx_word' id='word_1_819' title='bbox 2376 4079 2469 4128; x_wconf 86' lang='lat' dir='ltr'><strong>Eu.</strong></span> <span class='ocrx_word' id='word_1_820' title='bbox 2493 4097 2539 4134; x_wconf 85' lang='lat' dir='ltr'><strong>v,</strong></span> <span class='ocrx_word' id='word_1_821' title='bbox 2555 4084 2605 4129; x_wconf 93' lang='grc'><strong>7.</strong></span> <span class='ocrx_word' id='word_1_822' title='bbox 2627 4083 2685 4127; x_wconf 90' lang='grc'><strong>17</strong></span> <span class='ocrx_word' id='word_1_823' title='bbox 2722 4076 2771 4124; x_wconf 90' lang='grc' dir='ltr'><strong>Ο</strong></span> 
     </span>
     <span class='ocr_line' id='line_1_115' title="bbox 1719 4140 2769 4207; baseline -0.002 -17"><span class='ocrx_word' id='word_1_824' title='bbox 1719 4140 1931 4206; x_wconf 87' lang='lat' dir='ltr'><strong>lepidum</strong></span> <span class='ocrx_word' id='word_1_825' title='bbox 1952 4145 2126 4207; x_wconf 78' lang='lat' dir='ltr'><strong>caput!</strong></span> <span class='ocrx_word' id='word_1_826' title='bbox 2161 4145 2259 4194; x_wconf 87' lang='lat' dir='ltr'><strong>Ad.</strong></span> <span class='ocrx_word' id='word_1_827' title='bbox 2294 4160 2341 4200; x_wconf 84' lang='lat' dir='ltr'><strong>v,</strong></span> <span class='ocrx_word' id='word_1_828' title='bbox 2362 4149 2413 4194; x_wconf 89' lang='grc'><strong>0.</strong></span> <span class='ocrx_word' id='word_1_829' title='bbox 2434 4148 2483 4193; x_wconf 94' lang='grc'><strong>0.</strong></span> <span class='ocrx_word' id='word_1_830' title='bbox 2516 4143 2606 4191; x_wconf 85' lang='lat' dir='ltr'><strong>Ph.</strong></span> <span class='ocrx_word' id='word_1_831' title='bbox 2626 4142 2696 4197; x_wconf 87' lang='lat' dir='ltr'><strong>iii,</strong></span> <span class='ocrx_word' id='word_1_832' title='bbox 2716 4145 2769 4189; x_wconf 73' lang='lat'><strong>8.</strong></span> 
     </span>
     <span class='ocr_line' id='line_1_116' title="bbox 1720 4205 2773 4273; baseline -0.006 -15"><span class='ocrx_word' id='word_1_833' title='bbox 1720 4212 1787 4258; x_wconf 86' lang='grc'><strong>26</strong></span> <span class='ocrx_word' id='word_1_834' title='bbox 1818 4207 1915 4255; x_wconf 89' lang='lat' dir='ltr'><strong>Abi</strong></span> <span class='ocrx_word' id='word_1_835' title='bbox 1938 4208 2067 4264; x_wconf 83' lang='lat' dir='ltr'><strong>hinc,</strong></span> <span class='ocrx_word' id='word_1_836' title='bbox 2088 4225 2183 4273; x_wconf 89' lang='lat' dir='ltr'><strong>quo</strong></span> <span class='ocrx_word' id='word_1_837' title='bbox 2201 4209 2387 4270; x_wconf 85' lang='lat' dir='ltr'><strong>dignus,</strong></span> <span class='ocrx_word' id='word_1_838' title='bbox 2402 4223 2511 4256; x_wconf 89' lang='lat' dir='ltr'><strong>cum</strong></span> <span class='ocrx_word' id='word_1_839' title='bbox 2525 4206 2662 4258; x_wconf 87' lang='lat' dir='ltr'><strong>donis</strong></span> <span class='ocrx_word' id='word_1_840' title='bbox 2678 4205 2773 4253; x_wconf 82' lang='lat' dir='ltr'><strong>tuis</strong></span> 
     </span>
     <span class='ocr_line' id='line_1_117' title="bbox 1723 4272 2775 4339; baseline -0.003 -17"><span class='ocrx_word' id='word_1_841' title='bbox 1723 4279 1819 4322; x_wconf 82' lang='lat' dir='ltr'><strong>tam</strong></span> <span class='ocrx_word' id='word_1_842' title='bbox 1842 4272 2011 4339; x_wconf 77' lang='lat' dir='ltr'><strong>lepidis</strong></span> <span class='ocrx_word' id='word_1_843' title='bbox 2044 4273 2137 4324; x_wconf 86' lang='lat' dir='ltr'><strong>Eu.</strong></span> <span class='ocrx_word' id='word_1_844' title='bbox 2158 4273 2225 4333; x_wconf 84' lang='lat' dir='ltr'><strong>iv,</strong></span> <span class='ocrx_word' id='word_1_845' title='bbox 2242 4276 2289 4326; x_wconf 74' lang='lat'><strong>3.</strong></span> <span class='ocrx_word' id='word_1_846' title='bbox 2313 4276 2375 4328; x_wconf 83' lang='grc'><strong>10</strong></span> <span class='ocrx_word' id='word_1_847' title='bbox 2409 4272 2606 4335; x_wconf 50' lang='lat' dir='ltr'><strong>Placen</strong></span> <span class='ocrx_word' id='word_1_848' title='bbox 2638 4277 2775 4339; x_wconf 78' lang='lat' dir='ltr'><strong>patet</strong></span> 
     </span>
    </p>
   </div>
   <div class='ocr_carea' id='block_1_7' title="bbox 3176 3919 3189 4458">
    <p class='ocr_par' dir='ltr' id='par_1_21' title="bbox 3176 3919 3189 4458">
     <span class='ocr_line' id='line_1_118' title="bbox 3176 3919 3189 4458; baseline 0 0"><span class='ocrx_word' id='word_1_849' title='bbox 3176 3919 3189 4458; x_wconf 95' lang='lat' dir='ltr'><strong> </strong></span> 
     </span>
    </p>
   </div>
   <div class='ocr_carea' id='block_1_8' title="bbox 3177 246 3187 805">
    <p class='ocr_par' dir='ltr' id='par_1_22' title="bbox 3177 246 3187 805">
     <span class='ocr_line' id='line_1_119' title="bbox 3177 246 3187 805; baseline 0 0"><span class='ocrx_word' id='word_1_850' title='bbox 3177 246 3187 805; x_wconf 95' lang='lat' dir='ltr'><strong> </strong></span> 
     </span>
    </p>
   </div>
   <div class='ocr_carea' id='block_1_9' title="bbox 3175 1602 3190 2319">
    <p class='ocr_par' dir='ltr' id='par_1_23' title="bbox 3175 1602 3190 2319">
     <span class='ocr_line' id='line_1_120' title="bbox 3175 1602 3190 2319; baseline 0 0"><span class='ocrx_word' id='word_1_851' title='bbox 3175 1602 3190 2319; x_wconf 95' lang='lat' dir='ltr'><strong> </strong></span> 
     </span>
    </p>
   </div>
  </div>
 </body>
</html>
