3192 4975
679 395 988 477 cuuicxs
1035 424 1126 475 ιιι.
1167 424 1857 475 summutantur:
1901 422 2349 477 Assssnan.
2436 412 2613 480 1725

515 571 676 639 coll.
711 570 951 637 Baliol.
975 572 1286 637 codicem
1313 571 1653 657 possidet,
1698 570 1993 637 Terentii
2026 568 2417 638 Comoedias
2446 594 2605 639 cum

421 671 579 737 aliis
605 694 801 739 manu
828 675 1106 759 scriptis
1133 672 2101 741 miscellaneis‘continentem.
2190 672 2479 741 Mutilus
2506 682 2615 741 est

421 794 638 859 usque
667 776 753 839 ad
783 778 1080 841 medium
1127 796 1222 841 sc.
1255 776 1566 843 secundae
1616 782 1751 843 act.
1780 774 2093 841 secundi:
2138 774 2309 841 alias
2354 782 2463 843 est
2506 776 2613 848 in-

419 880 592 958 teger
637 883 705 942 et
734 878 1006 961 pulchre
1035 884 1378 942 exaratus.
1467 875 1526 941 E
1567 876 1923 943 codicibus
1960 880 2067 942 es't
2112 878 2289 963 'quos
2318 876 2613 963 Grayus,

353 1046 360 1053 ,
421 977 810 1062 Episcopus
840 979 1157 1057 Eliensis,
1188 998 1414 1043 secum
1448 998 1536 1044 ex
1565 976 1773 1045 Italia
1802 979 1993 1062 tulit3
2035 998 2194 1044 saec.
2222 996 2345 1045 xv.
2436 980 2613 1047 Haec

416 1079 773 1145 nobiscum
802 1080 1080 1164 benigne
1107 1078 1626 1147 communicavit
1657 1080 2093 1197 Reverendus
2134 1080 2410 1195 hujusce
2458 1082 2615 1153 Col-

417 1181 575 1265 legii
605 1182 932 1247 librarius.

515 1280 818 1347 Canonici
841 1284 988 1349 Lat.
1013 1286 1126 1349 94.
1185 1240 1488 1351 Terentii
1516 1280 1776 1353 Andria
1796 1290 1863 1350 et
1882 1284 2421 1353 Heautontimor.
2459 1284 2617 1354 c'od.

419 1382 634 1448 chart.
666 1387 808 1451 sine
859 1387 1064 1471 gloss.
1118 1386 1404 1453 interlin.
1435 1394 1552 1453 aut
1578 1392 1828 1453 annott.
1858 1388 2199 1471 marginal.
2249 1389 2377 1455 sub
2417 1388 2616 1457 finem

418 1488 764 1573 utriusque
795 1490 1148 1557 comoediae
1184 1508 1202 1551 ι
1243 1488 1682 1574 ‘Calliopius
1715 1488 2059 1555 recensui?

507 1588 827 1657 canonici
859 1590 1010 1659 L'at.
1039 1594 1143 1658 95.
1195 1592 1451 1657 Donati
1497 1590 1942 1659 Grammatici
1979 1591 2349 1658 Comment.
2392 1594 2458 1658 in
2484 1592 2618 1659 Te-

421 1698 586 1759 rent.
619 1694 928 1762 Chartae.
963 1716 1126 1769 saec.
1153 1712 1286 1763 xv.
1333 1714 1488 1759 cum
1531 1696 1777 1781 paucis
1824 1694 2031 1759 variis
2059 1694 2215 1760 lect.
2244 1702 2313 1761 et
2360 1702 2613 1771 annott.

421 1796 561 1861 Sub
590 1796 824 1863 finem:
854 1802 878 1832 ‘
908 1796 1158 1864 Donati
1189 1798 1625 1865 Grammatic.
1656 1796 2035 1863 Comment.
2076 1797 2147 1861 in
2190 1796 2617 1865 Phormionis

419 1896 806 1963 comediam
836 1899 1120 1965 feliciter
1149 1899 1476 1984 explicit!

508 2000 832 2071 canonici
862 2000 1012 2073 Lat.
1038 2004 1148 2069 96.
1173 2002 1448 2067 Terent.
1479 2000 1629 2067 Afri
1659 2000 1971 2067 Comoed.
2002 1998 2174 2067 Cod.
2195 2003 2425 2088 script.
2458 2002 2617 2071 Flo-

422 2110 588 2168 rent.
617 2102 814 2169 1419.
903 2102 1073 2167 Cum
1103 2103 1353 2171 ,multis
1412 2106 1663 2167 annott.
1715 2121 1922 2185 marg.
1970 2104 2096 2167 sub
2142 2102 2339 2169 finem
2390 2104 2615 2187 singu-

391 2203 625 2273 larum
658 2203 1179 2271 Gomoediarum.
1261 2204 1405 2269 Sub
1440 2204 1638 2267 finem
1668 2222 1826 2268 vero
1874 2201 2132 2273 codicis
2176 2201 2324 2271 haec
2374 2205 2617 2271 verba:

421 2308 803 2402 ‘Scripscit
839 2308 975 2393 (sic
1001 2303 1266 2397 script.)
1291 2306 1621 2393 presbiter
1650 2302 2020 2391 guilermus
2060 2304 2145 2371 de
2187 2327 2408 2391 regno.
2464 2306 2618 2375 laus

422 2412 510 2479 sit
535 2406 689 2477 Deo
717 2419 790 2474 et
815 2412 1122 2492 omnibus
1159 2406 1459 2476 sanctis?

531 2514 856 2580 Canonici
907 2515 1055 2580 Lat.
1105 2515 1213 2581 97.
1273 2511 1571 2578 Terentii
1620 2513 2042 2598 Fragmenta.
2094 2509 2267 2579 Cod.
2316 2448 2621 2582 chartac.

425 2637 586 2684 saec.
618 2633 749 2680 xv.
798 2618 944 2682 sine
991 2617 1196 2702 gloss.
1242 2623 1363 2682 aut
1407 2624 1660 2682 annott.
1735 2616 1879 2682 Sub
1904 2617 2017 2690 fin.
2047 2613 2475 2703 ‘Calliopius
2516 2635 2618 2682 re·

339 2723 348 2744 ¹
420 2719 702 2786 censui?

506 2821 760 2887 Canon.
786 2825 896 2888 98.
920 2823 1190 2889 Terent.
1211 2825 1496 2963 elegant.
1521 2823 1756 2908 script.
1784 2828 1851 2888 et
1872 2821 2079 2888 illum.
2101 2821 2275 2888 Saec.
2299 2835 2431 2885 xv.
2460 2840 2615 2886 cum

421 2929 674 2990 annott.
715 2945 919 3008 marg.

507 3023 764 3091 Canon.
785 3025 896 3091 99.
941 3025 1210 3093 Terent.
1241 3023 1546 3092 Comoed.
1561 3023 1729 3091 Cod.
1755 3025 2026 3091 membr.
2049 3024 2261 3091 nitide
2290 3024 2513 3110 script.
2542 3023 2621 3096 in

421 3148 628 3194 manu
659 3127 926 3208 Italica,
955 3148 1114 3194 saec.
1147 3145 1278 3194 xv,
1354 3127 1518 3194 Sine
1546 3127 1753 3212 gloss..
1779 3127 1994 3192 interl.
2019 3134 2137 3192 aut
2167 3131 2419 3194 annott.
2449 3145 2623 3210 mar-

423 3231 622 3314 ginal·
681 3227 824 3296 Sub
857 3231 968 3296 firi.
999 3230 1412 3316 singularum
1441 3227 1984 3297 comoediarum.
2040 3228 2476 3313 ‘calliopius
2521 3247 2623 3294 re·

423 3331 700 3404 censui?
2243 3355 2255 3362 ·

515 3437 698 3502 Inter
747 3438 1000 3505 Canon.
1049 3459 1178 3504 sex
1226 3439 1356 3508 alii
1393 3447 1553 3522 sunt
1600 3437 1825 3508 Codd.
1872 3435 2247 3501 membran.
2291 3441 2363 3499 et
2410 3435 2621 3501 chart.

423 3539 813 3636 plerumque
839 3542 1179 3626 eleganter
1229 3543 1454 3626 script.
1500 3549 1572 3606 et
1618 3541 1825 3605 illum.
1945 3537 2207 3603 Horum
2256 3555 2429 3600 unus
2465 3538 2623 3603 cod.

426 3639 718 3707 chartac.
769 3641 864 3726 (a.
891 3641 1126 3730 1448.)
1169 3642 1376 3709 habet
1403 3643 1612 3726 gloss.
1646 3640 1931 3708 interlin.
1978 3645 2047 3708 et
2087 3645 2347 3704 annott.
2378 3637 2625 3720 margi-

425 3743 638 3810 nales-

515 3845 626 4013 Ῑιέ
629 3843 794 3918 con.
830 3846 1024 3917 Oriel.
1051 3847 1540 3925 Annotationes
1573 3843 1753 3923 Mss
1805 3843 1877 3925 in
1926 3842 2133 3908 duas
2148 3839 2449 3906 Terentii
2488 3837 2624 3914 (30-

423 3967 558 4012 moe
607 3969 735 4036 ias.
