3192 4975
1182 386 1269 437 m·
1311 388 1791 439 Tssnun'musi.
2566 390 2613 445 v

405 536 498 608 ,9⁴¹¹-
517 554 568 597 v,
589 541 638 586 3.
657 540 722 589 25
769 532 1060 601 Assequere,
1095 536 1326 591 acretine
1371 538 1470 590 Ph.

405 620 436 649 v
479 608 528 654 ⁷.
551 607 616 651 89

404 724 408 729 ,
441 637 456 663 ⁸
475 667 686 715 Accedo.
744 656 940 713 Accedo
970 665 1034 713 ad
1069 665 1356 729 pedisequas
1403 665 1467 717 A..

402 732 438 787 i.
468 736 513 780 1.
535 736 598 779 96
629 731 886 793 Nunquam
921 730 1120 786 accede,
1154 730 1272 794 quin
1302 730 1386 781 aba
1421 738 1470 780 tu

401 790 568 843 abeam
603 795 785 842 doctior
829 794 922 841 Ειι.
951 794 1016 850 iv,
1036 800 1088 845 7.
1113 799 1173 843 21
1249 792 1468 852 Accede,

403 867 457 907 ut
477 860 639 905 melius
660 859 796 909 dicas
839 858 939 906 Ad.
961 858 1036 915 iii,
1057 862 1107 907 2.
1127 863 1192 907 52
1245 858 1344 906 Ubi
1364 872 1466 907 eam

400 922 518 979 vidi,
555 923 684 971 illico
707 924 903 976 accedo.
939 923 1092 983 rogito
1145 922 1241 972 Ad.
1275 924 1340 979 iv,
1360 927 1412 973 4.
1435 926 1468 971 9

402 986 482 1041 Ad
518 988 618 1035 haec
652 987 778 1035 mala
820 987 912 1034 hoc
951 986 1067 1033 mihi
1099 986 1281 1035 accedit
1325 986 1467 1035 etiam

403 1050 466 1101 A.
487 1050 522 1107 i,
545 1055 596 1101 3.
620 1056 682 1100 10
717 1050 790 1099 Ut
821 1050 1022 1113 quisque
1041 1059 1247 1109 venerat,
1270 1052 1468 1101 accede·

399 1116 506 1165 barn
540 1115 635 1163 He.
657 1132 706 1170 v,
729 1119 777 1165 3.
800 1121 830 1163 6
884 1114 1047 1162 Ferme
1067 1115 1267 1163 moriens
1287 1132 1363 1163 me
1383 1128 1466 1162 vo-

398 1187 506 1229 cat:
530 1179 708 1227 accessi
753 1178 818 1228 A.
839 1180 876 1233 i,
898 1184 946 1226 5.
969 1183 1034 1227 50
1074 1179 1300 1227 Accessi:
1341 1180 1466 1227 intro

398 1245 566 1307 aspexi
597 1241 661 1292 A.
684 1242 738 1298 ii,
759 1248 809 1293 2.
830 1248 896 1292 28
948 1243 1164 1292 Accessit
1209 1244 1334 1291 astiti
1373 1244 1468 1295 Ph.

398 1324 445 1364 v,
469 1314 522 1358 6.
546 1312 610 1361 27
656 1306 910 1370 Postquam
953 1322 1112 1354 amans
1154 1308 1350 1357 accessit
1402 1307 1466 1355 A.

397 1371 432 1426 i,
457 1378 506 1421 1.
527 1376 595 1421 49
625 1370 707 1419 Ad
729 1370 960 1417 flammam
980 1371 1176 1419 accessit
1191 1370 1468 1435 impruden-

398 1436 494 1483 tius
523 1434 590 1484 A.
613 1435 648 1491 i,
675 1440 720 1484 1.
748 1438 839 1485 103
895 1434 1174 1484 Funambuli
1195 1437 1364 1484 eodem
1385 1451 1464 1484 ac·-

397 1501 540 1549 cessit
557 1500 824 1562 expectatio
871 1498 964 1548 He.
986 1498 1091 1548 Alt.
1111 1500 1240 1551 Prol.
1265 1504 1332 1549 26
1385 1497 1466 1547 Ad

398 1580 532 1611 aures
555 1579 702 1612 sermo
736 1564 847 1611 mihi
867 1565 1066 1612 accessit
1102 1572 1211 1611 tuus
1265 1565 1359 1612 He.
1393 1562 1468 1619 iii,

397 1632 446 1676 5.
469 1633 533 1677 32
567 1627 694 1684 Quia
715 1628 957 1689 paululum
985 1628 1118 1676 vobis
1149 1628 1350 1677 accessit
1380 1642 1466 1690 pe·

399 1693 550 1739 cuniae
582 1693 678 1742 He.
700 1691 771 1748 iii,
792 1699 841 1742 5.
873 1696 939 1741 66
971 1693 1022 1741 Si
1065 1694 1257 1756 quando
1277 1693 1342 1740 ad
1362 1707 1466 1740 eam

397 1764 654 1809 accesserat
689 1756 1044 1804 confabulatum
1101 1756 1196 1804 Hc.
1241 1758 1275 1811 i,
1298 1760 1346 1806 2.
1370 1760 1470 1807 106

397 1820 512 1869 Non
535 1822 754 1869 accedam
787 1822 848 1868 ad
883 1819 1028 1867 illos?
1066 1821 1188 1869 Hea.
1228 1820 1298 1877 iii,
1319 1824 1368 1869 3.
1399 1824 1464 1869 22

395 1884 636 1933 Accedam
654 1887 712 1932 ad
730 1886 852 1933 fores
884 1884 982 1933 Ad.
1005 1884 1134 1940 iv,4.
1159 1890 1224 1933 22
1274 1885 1468 1932 Accede

395 1950 456 1998 ad
480 1948 638 2013 ignem
659 1951 800 2005 hunc,
831 1949 1034 1997 calesces
1068 1950 1172 2013 plus
1205 1950 1318 1997 satis
1371 1948 1472 1999 Eu·

392 2012 428 2067 i,
453 2018 502 2063 2.
525 2020 556 2063 5
608 2014 697 2064 Ubi
738 2022 788 2061 tu
826 2031 894 2076 es,
935 2013 1104 2062 Dore?
1165 2015 1338 2064 accede
1371 2014 1465 2065 huc

397 2077 493 2131 Eu.
513 2078 585 2134 iii,
607 2084 657 2127 2.
681 2083 744 2129 19
791 2078 998 2125 Thraso!
1043 2078 1124 2125 ubi
1161 2078 1247 2133 vis,
1289 2080 1466 2125 accede

395 2140 488 2190 Eu.
516 2158 562 2199 v,
585 2148 633 2191 9.
657 2147 722 2191 58
789 2142 981 2189 Accede
1020 2142 1130 2203 huc,
1170 2142 1288 2204 Syre
1342 2140 1466 2191 Hea.

393 2206 459 2264 iv,
486 2212 536 2256 5.
560 2211 623 2256 14
681 2206 874 2255 Accede
907 2205 1042 2261 illuc,
1078 2205 1308 2253 Parmeno
1361 2204 1464 2255 Ad.

393 2270 448 2325 ii.
473 2274 522 2319 1.
548 2276 611 2321 14
665 2271 798 2335 Syre,
820 2270 938 2317 ebo!
963 2271 1137 2317 accede
1170 2271 1262 2318 huc
1293 2270 1353 2315 ad
1389 2284 1465 2317 me

391 2334 491 2389 Ad.
515 2352 561 2392 v,
583 2340 632 2385 9.
656 2340 718 2385 13
786 2334 979 2382 Accede
1015 2334 1208 2397 propius
1262 2334 1356 2382 He.
1392 2333 1465 2391 iii,

395 2404 443 2448 1.
462 2404 530 2449 36
559 2399 639 2447 Ne
661 2400 880 2447 accedam
899 2400 961 2446 ad
1003 2400 1292 2447 Bacchidem
1341 2397 1466 2447 Hea.

389 2464 464 2522 ἰν,
491 2470 540 2514 6.
571 2470 602 2513 5
658 2462 878 2528 Propius,
912 2464 1123 2524 obsecro,
1165 2464 1462 2521 accedamus,

394 2530 604 2576 Sostrata
650 2530 744 2577 Ad.
765 2530 834 2585 iii,
857 2533 904 2578 2.
927 2533 986 2577 11
1022 2529 1178 2576 Video
1201 2529 1359 2591 egredi
1379 2544 1464 2590 per

398 2601 603 2656 tempus.
625 2595 901 2642 accedamus
934 2593 1029 2640 He.
1052 2592 1118 2648 iv,
1137 2597 1187 2642 3.
1211 2598 1270 2640 16
1317 2594 1462 2649 Quod

393 2659 508 2708 hinc
525 2660 790 2713 accesserit,
831 2657 882 2704 id
906 2658 966 2705 dc
997 2656 1125 2705 lucro
1162 2663 1327 2720 putato
1359 2671 1461 2704 esse

395 2721 498 2771 Ad.
521 2739 568 2778 v,
592 2727 639 2772 3.
663 2728 726 2771 30
759 2722 992 2769 Voluntas
1014 2721 1052 2768 si
1073 2723 1133 2768 ad
1157 2721 1354 2768 Poetaru
1383 2735 1464 2766 ac-

396 2787 588 2834 cesserit
620 2788 710 2836 Ph.
736 2787 864 2835 Prol.
882 2791 946 2833 30
1000 2784 1100 2840 Ait,
1124 2786 1317 2832 vetitum
1342 2785 1463 2830 intro

391 2851 454 2896 ad
477 2851 635 2898 heram
656 2851 879 2898 accedere
903 2849 994 2896 Pli.
1019 2865 1067 2902 ν,
1085 2854 1132 2898 6.
1149 2853 1214 2896 24
1268 2849 1468 2904 Quaeso,

391 2930 490 2969 uua
509 2915 773 2963 acceduudi
797 2914 872 2959 via
893 2913 1003 2959 est?
1035 2911 1159 2960 Hea.
1183 2911 1254 2965 iii,
1275 2917 1323 2960 3.
1346 2917 1411 2960 22

455 2979 668 3027 Accido.
731 2976 862 3024 Istuc
883 2976 1074 3022 verbum
1093 2991 1200 3022 vere
1223 2975 1276 3020 in
1303 2982 1350 3032 te
1383 2990 1464 3022 ac-

390 3044 515 3100 cidit
582 3041 647 3092 A.
686 3059 734 3097 v,
766 3045 814 3089 3.
839 3045 900 3089 14
949 3037 1034 3086 Ad
1097 3054 1250 3101 genua
1291 3038 1470 3086 accidit

393 3109 490 3158 He.
530 3106 600 3163 iii,
625 3111 675 3155 3.
698 3111 759 3155 18
811 3105 932 3162 Quae
963 3118 1055 3150 nec
1091 3103 1305 3166 opinanti
1335 3103 1460 3150 acci-

395 3173 520 3220 dunt
561 3171 657 3219 He.
695 3169 766 3224 iii,
791 3175 838 3218 3.
859 3174 892 3217 2
939 3167 1120 3214 Horum
1173 3166 1289 3214 nihil
1327 3166 1462 3230 quic-

393 3251 537 3299 quam
573 3235 758 3284 accidet
791 3233 946 3281 animo
981 3248 1154 3278 novum
1205 3233 1299 3280 Ph.
1343 3231 1398 3293 ii,
1417 3236 1458 3280 1.

393 3305 462 3350 20
493 3301 675 3358 Timeo,
717 3301 808 3346 hoc
835 3313 1054 3360 quorsum
1083 3296 1268 3344 accidat
1320 3295 1386 3346 A.
1421 3295 1458 3352 i,

395 3371 446 3413 5.
469 3368 536 3412 29
566 3363 754 3430 Interea
771 3363 946 3426 aliquid
971 3360 1194 3410 acciderit
1230 3360 1344 3409 boni
1393 3359 1462 3407 A.

397 3427 453 3484 ii,
475 3433 521 3477 3.
545 3432 608 3478 24

461 3491 694 3556 Accingo.
758 3491 866 3539 Tibi
888 3507 1026 3540 omne
1048 3496 1120 3538 est
1149 3489 1460 3538 exedendum.

397 3557 641 3620 accingere
695 3556 786 3605 Ph.
808 3556 864 3611 ii,
884 3562 933 3604 2.
955 3562 985 3604 4
1025 3554 1108 3601 Do
1129 3554 1290 3611 fidem,
1330 3553 1462 3609 futu-

399 3637 516 3674 rum.
565 3619 667 3668 Gn.
683 3620 919 3682 Accingar
939 3619 1029 3666 Eu.
1051 3635 1099 3674 v,
1120 3624 1168 3668 9.
1191 3623 1256 3666 30

465 3684 687 3749 Accipio.
754 3685 858 3732 Dos
879 3692 950 3732 est
969 3685 1134 3732 decem
1156 3682 1348 3730 talenta.
1371 3680 1460 3728 Pa.

399 3749 604 3813 Accipio
637 3749 700 3796 A.
721 3765 770 3810 v,
789 3753 839 3798 4.
863 3753 927 3797 48
978 3749 1112 3811 Cape
1167 3749 1260 3794 hoc
1296 3744 1460 3792 flabel-

396 3815 514 3862 ium.
557 3813 741 3877 accipio
783 3812 923 3862 tristis
974 3813 1064 3862 Eu.
1097 3811 1166 3868 iii,
1188 3817 1234 3861 5.
1259 3814 1323 3858 48
1400 3809 1464 3863 Iu.

395 3877 1021 4000 ἓᾶᾞτρᾞῗιῗηῗῗιῗὲρὲἷςιῗὲἑ
1042 3875 1250 4003 ξέοῑζῗὲο
1265 3873 1458 3989 Ρξ“’ῐῖ’

399 4010 447 4055 3.
468 4011 534 4056 62
579 4005 764 4069 Opinor
783 4006 972 4052 narras?
1001 4020 1098 4052 non
1127 4011 1252 4052 recte
1283 4002 1462 4064 accipis

399 4069 468 4121 A.
487 4071 545 4126 ii,
559 4075 610 4119 2.
631 4075 702 4118 30
730 4069 884 4116 Aliter
906 4077 1034 4116 tunm
1066 4083 1284 4123 amorem,
1315 4076 1456 4130 atque

395 4143 484 4190 est,
524 4135 700 4198 accipis
748 4134 870 4181 Hea.
911 4134 962 4189 ii,
985 4137 1038 4181 3.
1058 4137 1120 4182 23
1188 4131 1301 4188 Hei,
1335 4131 1454 4193 quid

398 4199 528 4246 stas?
549 4199 698 4263 lapis!
724 4200 838 4262 quin
861 4197 1070 4260 accipis?
1108 4197 1232 4245 Hea.
1266 4195 1332 4250 iv,
1352 4199 1399 4243 7.
1423 4201 1454 4244 4

403 4261 598 4334 Accipit
631 4263 871 4312 hominem.
905 4278 1042 4312 nemo
1085 4261 1265 4318 melius,
1301 4275 1454 4322 neque

1539 538 1767 601 prolixius
1800 538 1893 591 Eu.
1916 554 1965 597 v,
1982 542 2037 590 ⁹.
2054 544 2123 591 52
2176 540 2257 591 Ad
2276 543 2611 593 coutumeliam

1539 603 1701 651 omnia
1734 604 1977 666 accipiunt
2018 607 2165 669 magis
2216 606 2319 657 Ad.
2356 608 2423 665 iv,
2452 612 2509 658 3.
2546 614 2609 659 15

1538 665 1745 731 Accepi.
1778 676 2021 731 acceptam
2061 672 2252 719 servabo
2301 671 2367 719 A.
2396 672 2435 729 i,
2471 679 2521 723 5.
2544 678 2611 724 63

1537 730 1777 793 Integram
1794 732 2007 789 reddam,
2030 740 2085 780 ut
2106 736 2271 798 accepi
2291 738 2353 783 ab
2375 738 2471 785 suis
2512 736 2608 788 He.

1537 794 1572 869 i,
1593 800 1643 844 2.
1667 801 1731 845 75
1788 796 1963 845 Partim
1984 814 2093 861 qun
2110 801 2272 862 accepi
2294 800 2480 848 auribus
2514 800 2611 850 He.

1536 858 1611 915 rii,
1634 862 1683 909 3.
1704 863 1735 909 3
1791 859 1963 909 Procul
1985 863 2099 911 hinc
2136 871 2265 911 stans
2298 865 2462 927 accepi
2514 864 2610 915 He.

1535 923 1607 979 iv,
1643 927 1693 972 3.
1726 928 1753 973 1
1814 924 2076 989 Argentum
2119 928 2309 992 accepit
2342 927 2434 977 Ph.
2470 944 2517 985 v,
2560 936 2611 979 5.

1539 992 1566 1037 1
1641 986 1877 1047 Restitue,
1924 990 1977 1039 in
2031 1006 2173 1054 quem
2228 1008 2305 1041 me
2364 994 2609 1057 accepisti,

1537 1050 1695 1101 locum
1742 1050 1808 1101 A.
1857 1052 1925 1109 iv,
1948 1061 1994 1106 1.
2018 1060 2085 1105 58
2136 1054 2345 1121 Accepit
2376 1057 2610 1106 conditio·-

1537 1131 1646 1166 nem
1680 1115 1741 1165 A.
1762 1118 1860 1176 i,1.
1884 1122 1949 1167 52
1992 1119 2155 1167 Mater
2170 1120 2251 1169 ubi
2272 1121 2460 1183 accepit
2518 1120 2611 1171 Eu.

1537 1179 1574 1237 i,
1594 1185 1643 1229 2.
1665 1186 1731 1231 36
1777 1181 1877 1231 Illa.
1911 1181 2025 1233 ilico
2054 1184 2141 1233 ubi
2170 1200 2245 1233 me
2278 1186 2465 1247 accepit
2518 1184 2611 1234 Eu.

1537 1244 1606 1296 iii.
1626 1251 1675 1294 ⁵.
1692 1250 1761 1295 28
1796 1246 1931 1303 Quot
1955 1247 2364 1298 incommoditates
2380 1250 2431 1297 in
2452 1251 2541 1297 hac
2560 1266 2611 1299 rc

1537 1308 1775 1422 ,⁸3³3ssss
1800 1310 1923 1423 ¹253·
1951 1314 2256 1427 {abffiisi
2264 1314 2611 1427 '‘ziq'iioissii

1537 1436 1578 1483 si
1597 1437 1801 1499 accipiet
1852 1391 1951 1489 Phi.)
1968 1440 2036 1494 iv.
2056 1444 2107 1489 4.
2132 1412 2203 1491 1³⁹
2250 1412 2435 1504 Accipe
2466 1457 2497 1488 a
2532 1457 2611 1489 me

1533 1500 1665 1551 hunc
1696 1500 1831 1551 ojus
1873 1502 1939 1551 A.
1972 1504 2040 1565 iv,
2062 1509 2111 1553 8.
2132 1511 2167 1556 9
2232 1505 2416 1569 Accipe
2468 1504 2609 1555 hem!

1535 1564 1628 1613 Ph.
1665 1565 1701 1624 i,
1722 1572 1774 1616 2.
1792 1572 1845 1617 2.
1903 1584 1947 1624 v,
1986 1574 2035 1618 6.
2073 1572 2135 1618 18
2188 1568 2351 1619 Minas
2393 1572 2609 1633 quinquo

1535 1630 1703 1693 accipe
1746 1631 1837 1680 Pu.
1859 1631 1913 1693 ii,
1929 1638 1977 1681 3.
1998 1636 2065 1682 63
2120 1633 2321 1683 Causam
2339 1635 2462 1681 hanc
2484 1634 2607 1683 acci·-

1537 1694 1639 1757 pite
1690 1694 1787 1743 He.
1827 1694 1931 1744 Alt.
1966 1697 2096 1747 Prol.
2132 1702 2196 1747 47
2246 1698 2495 1747 Hunccine
2556 1708 2609 1747 ut

1537 1758 1870 1807 contumeliam
1891 1760 1941 1808 in
1964 1778 2037 1809 me
2056 1762 2285 1825 accipiam
2304 1763 2321 1809 ?
2356 1761 2445 1810 Eu.
2464 1763 2531 1819 iv,
2549 1768 2601 1813 7.

1539 1826 1566 1871 1
1602 1821 1681 1871 Ne
1704 1822 1849 1885 prius,
1872 1840 2013 1888 quam
2050 1826 2171 1875 hanc
2207 1842 2237 1874 a
2270 1842 2346 1874 me
2378 1828 2605 1891 accipias,

1537 1888 1721 1935 amittas
1754 1888 1846 1935 Eu.
1868 1889 1931 1945 iv,
1952 1894 2003 1939 6.
2028 1894 2089 1937 13
2144 1890 2369 1954 Accipias
2409 1907 2607 1955 puerum

1536 1949 1634 1998 He.
1660 1952 1726 2008 iv,
1746 1956 1797 2003 4.
1822 1957 1901 2003 16.
1922 1958 1987 2003 77
2032 1953 2223 2017 Cupide
2245 1956 2465 2018 accipiat,
2496 1956 2605 2002 faxo

1537 2014 1631 2061 Ad.
1656 2015 1710 2072 ii,
1733 2021 1781 2065 2.
1806 2020 1831 2065 1
1886 2016 1997 2065 Jam
2024 2018 2227 2082 accipiat
2256 2020 2473 2084 (dotem)
2510 2019 2604 2068 Ph.

1536 2077 1606 2131 iv.
1626 2083 1677 2127 3.
1697 2084 1761 2129 72
1794 2080 1890 2136 Ne,
1912 2082 1995 2128 ubi
2015 2096 2127 2130 acce
2192 2083 2295 2139 rim,
2328 2099 2431 2131 sese
2466 2083 2605 2130 relin-

1538 2156 1679 2203 quam
1728 2142 1821 2190 Eu.
1857 2142 1892 2197 i,
1914 2148 1965 2193 2.
1988 2148 2053 2193 60
2103 2098 2239 2193 bl'elve
2266 2146 2504 2202 aliorsum,
2533 2154 2607 2193 at-

1537 2220 1631 2268 que
1652 2222 1742 2268 ego
1783 2207 1897 2262 feci,
1932 2210 2171 2271 acceperit
2217 2210 2310 2259 Eu.
2334 2210 2369 2265 i,
2392 2214 2443 2259 2.
2466 2214 2499 2259 2
2553 2212 2606 2258 Si

1537 2277 1777 2333 argentum
1798 2272 2033 2334 acceperit
2084 2274 2177 2321 Ph.
2213 2274 2280 2329 iv,
2300 2277 2351 2321 4.
2378 2278 2440 2323 19
2503 2274 2605 2323 Ne·

1535 2349 1665 2385 cesse
1686 2344 1759 2383 est
1782 2335 1975 2383 multum
1993 2338 2208 2399 accipere
2239 2338 2471 2386 Thaidem
2512 2338 2607 2387 Eu.

1533 2416 1581 2455 v,
1604 2404 1651 2448 9.
1672 2404 1734 2448 45
1769 2399 2083 2455 Quamobrem
2106 2402 2318 2467 accipere
2341 2405 2467 2451 hunc
2488 2405 2608 2451 mihi

1533 2463 1757 2528 expediat
1788 2472 1963 2516 metum
2008 2466 2131 2516 Heu.
2166 2466 2221 2527 ii,
2243 2472 2291 2517 3.
2313 2472 2389 2518 96
2434 2468 2602 2516 Utrum

1533 2527 1633 2576 vis:
1656 2537 1894 2592 argentum
1912 2532 2141 2594 accipere,
2164 2547 2227 2581 an
2242 2548 2431 2581 causam
2452 2535 2606 2581 medi·

1535 2593 1623 2640 tari
1646 2593 1811 2640 tuam?
1846 2595 1943 2642 Ad.
1976 2595 2030 2652 ii,
2055 2601 2101 2644 1.
2122 2601 2184 2645 41
2219 2597 2323 2644 Abs
2342 2597 2497 2660 quivis
2514 2599 2602 2646 ho-

1536 2658 1663 2704 mine
1687 2658 1962 2706 beneficium
1998 2661 2210 2722 accipere
2246 2665 2454 2726 gaudeas
2500 2661 2600 2713 Ad.

1535 2719 1590 2776 ii,
1615 2725 1663 2769 3.
1692 2726 1715 2769 1
1753 2721 1929 2770 Nonne
1963 2723 2008 2769 id
2044 2732 2115 2770 sat
2144 2733 2259 2783 erat,
2294 2727 2509 2789 accipere
2540 2728 2605 2774 ab

1535 2784 1621 2833 illo
1655 2783 1871 2846 injuriam
1892 2786 1909 2831 ἓ
1965 2787 2057 2832 Ph.
2080 2803 2126 2842 v,
2148 2793 2197 2836 2.
2217 2795 2251 2837 4
2300 2791 2601 2851 Accipiunda

1536 2847 2603 2976 ..ιιι-ι

1534 2973 1588 3030 ii,
1616 2979 1662 3025 l.
1690 2979 1751 3024 12
1798 2975 1999 3038 Accqfi.
2034 2988 2277 3041 acceptam
2300 2981 2493 3028 servabo
2540 2981 2600 3029 A.

1534 3037 1570 3092 i,
1593 3044 1642 3085 5.
1664 3043 1727 3088 63
1776 3039 1921 3086 Hunc
1954 3040 2135 3098 ulcisci,
2197 3050 2393 3106 accepta
2429 3043 2605 3107 injuria

1536 3101 1631 3152 Eu.
1653 3103 1723 3164 iv,
1736 3107 1784 3152 6.
1806 3107 1869 3152 24

1603 3167 1857 3228 Accipiter.
1924 3167 2048 3224 Quia
2088 3184 2185 3216 non
2236 3176 2338 3218 rete
2386 3169 2601 3234 accipitri

1534 3231 1743 3283 tenditur
1792 3232 1883 3280 Ph.
1914 3232 1969 3288 ii,
1994 3238 2130 3282 2.16

1597 3295 1849 3345 Accresco.
1918 3296 2039 3353 Quae
2058 3297 2319 3364 (amicitia)
2340 3315 2447 3348 cum
2462 3307 2606 3348 aetate

1531 3359 1736 3408 accrevit
1756 3361 1892 3408 simul
1952 3360 2018 3409 A.
2058 3362 2129 3418 iii,
2152 3367 2201 3411 3.
2222 3367 2251 3411 7

1596 3423 1811 3476 Accubo.
1875 3425 1955 3473 Ac
1972 3426 2084 3473 dum
2102 3428 2386 3476 accubabam
2420 3428 2511 3476 Eu.
2532 3429 2599 3486 iv,

1596 3551 1867 3602 Accumbo.
1929 3553 2043 3617 Ipsa
2092 3557 2366 3604 accumbere
2409 3571 2590 3604 mecum

1533 3615 1625 3666 Eu.
1658 3616 1733 3672 iii,
1758 3621 1805 3666 3.
1824 3621 1857 3666 9

1597 3679 1799 3729 Accuro.
1864 3680 1965 3729 Res
1984 3681 2185 3739 cautius,
2213 3698 2275 3730 ne
2310 3691 2485 3730 temere
2518 3683 2589 3730 fa·

1531 3745 1672 3800 ciam,
1694 3760 1861 3794 accuro
1914 3745 2008 3793 He.
2031 3763 2077 3801 v,
2101 3753 2149 3796 1.
2176 3752 2236 3795 11
2300 3747 2475 3794 Saltem
2518 3761 2597 3796 ac-

1533 3817 1711 3866 curate,
1736 3817 1789 3856 ut
1815 3811 1961 3858 metui
1982 3810 2146 3857 videar-
2183 3811 2247 3857 A.
2263 3810 2333 3865 iii,
2355 3816 2405 3859 2.
2431 3815 2491 3859 14

1594 3874 1821 3922 Accurro.
1864 3873 2113 3924 Accurrit:
2134 3874 2337 3922 mediam
2356 3874 2595 3922 mulierem

1531 3937 1857 3999 complectitur
1908 3936 1973 3985 A.
1993 3937 2031 3993 i,
2056 3942 2100 3987 1.
2127 3943 2219 3987 106
2250 3937 2487 3986 Continuo
2516 3954 2597 3987 ac·

1530 4004 1673 4050 currit
1688 4003 1748 4050 ad
1780 4017 1856 4050 me
1890 4001 1982 4050 Eu.
2007 4003 2060 4057 ii,
2082 4007 2131 4052 3.
2155 4006 2219 4050 43
2276 4003 2400 4050 Puer
2430 4003 2491 4048 ad
2520 4017 2599 4050 me

1530 4066 1729 4114 accurrit
1781 4066 1922 4114 Mida
1956 4066 2051 4114 Ph.
2090 4083 2137 4122 v,
2180 4071 2229 4115 6.
2262 4071 2327 4114 22
2402 4065 2613 4125 Assido,·

1529 4137 1776 4178 accurrunt
1808 4130 1927 4178 servi
1980 4129 2101 4178 Hea.
2130 4131 2167 4186 i,
2204 4136 2249 4179 1.
2272 4135 2337 4180 72
2390 4130 2599 4182 Accurre

1529 4196 1623 4243 huc
1645 4195 1735 4243 Ph.
1768 4212 1815 4251 V,
1837 4200 1891 4243 7.
1912 4200 1982 4244 90

1588 4259 1794 4314 Accuso.
1860 4258 2015 4310 Nemo
2027 4265 2235 4317 accusat,
2250 4259 2445 4325 Syre,te
2470 4261 2597 4310 Hes.
