3192 4975
585 421 711 486 xlii

577 586 701 636 Heu.
721 587 785 643 iV,
808 589 857 636 4.
873 589 938 636 22
971 585 1114 644 Quod
1130 585 1223 634 ists
1236 584 1378 632 debet
1392 584 1642 642 Bacchidi,

579 653 629 700 id
674 652 967 699 reddendum
1008 658 1081 698 est
1119 647 1192 696 illi
1245 648 1367 699 Hea.
1400 649 1464 706 iV,
1498 655 1545 698 5.
1573 653 1638 699 43

579 715 877 763 Adducimus
893 723 1019 762 tuam
1036 713 1325 762 Bacchidem
1359 713 1472 762 Clit.
1488 713 1638 761 Hem!

581 781 733 843 quid?
768 779 1087 828 Bacchidem?
1122 775 1244 826 Hea.
1265 777 1317 834 ii,
1342 782 1391 826 3.
1414 782 1479 827 70
1528 778 1644 826 alibi

618 844 756 891 assim

582 861 616 930 P
645 908 895 956 Balneum.
962 906 1189 966 Unctum,
1211 914 1355 969 atque
1396 906 1574 954 lautum
1617 919 1645 954 e

584 971 763 1020 balneis
796 971 884 1020 Ph.
906 971 957 1027 ii,
978 975 1027 1019 2.
1048 975 1110 1020 25

649 1037 845 1084 Beatus.
908 1035 1071 1083 Palam
1095 1037 1257 1082 beatus
1290 1034 1381 1082 Ph.
1406 1034 1438 1088 i,
1456 1037 1505 1082 3.
1528 1037 1591 1081 18

647 1100 837 1149 Bellua.
903 1098 983 1161 Ag
984 1115 1011 1146 e
1043 1115 1191 1157 nunc,
1213 1099 1368 1146 bellua
1399 1097 1489 1147 Ειι.
1512 1099 1576 1153 iv,
1597 1100 1648 1144 4.

585 1169 647 1214 37
698 1164 829 1220 Quid
851 1116 1277 1226 pertigmuibellua?
1312 1162 1403 1211 Ph.
1428 1163 1491 1217 iv,
1512 1167 1560 1210 2.
1586 1164 1640 1209 11

587 1228 717 1284 Quia
751 1230 896 1276 habes
928 1227 1173 1290 imperium
1208 1226 1260 1274 in
1296 1227 1505 1274 belluas?
1554 1225 1649 1273 Eu.

584 1293 658 1349 iii,
685 1300 732 1343 1.
755 1296 817 1341 25

651 1357 857 1406 Bellum
921 1355 981 1402 Iu
1011 1371 1183 1411 amore,
1216 1353 1437 1407 induciae,
1460 1353 1654 1416 bellum,

588 1437 682 1484 pax
701 1436 880 1469 mrsum
914 1420 1004 1469 Eu.
1025 1419 1061 1476 i,
1100 1425 1145 1467 1.
1180 1423 1243 1467 16
1293 1417 1421 1466 Belli
1458 1418 1652 1482 gloriam

590 1486 729 1532 armis
747 1484 933 1547 repperi
964 1483 1086 1531 Hea.
1106 1484 1141 1539 i,
1167 1488 1213 1533 1.
1235 1487 1300 1532 60
1332 1483 1381 1529 Is
1402 1482 1529 1538 hinc,
1554 1482 1654 1529 bel-

591 1549 689 1598 lum
730 1549 932 1612 fugiens,
970 1548 1276 1622 proficiscitur
1317 1545 1381 1596 A.
1422 1562 1470 1604 V,
1505 1551 1555 1595 4.
1588 1550 1654 1596 32

592 1615 805 1671 Quorum
827 1628 971 1675 opera
1004 1613 1057 1660 in
1090 1611 1270 1673 bello,
1257 1627 1308 1658 ιιι
1330 1610 1429 1658 otio
1448 1627 1559 1658 usus
1582 1617 1657 1658 est

594 1678 690 1727 Ad.
716 1677 843 1724 Prol.
863 1681 928 1725 20

659 1741 841 1798 Bellus,
869 1755 915 1796 a,
936 1757 1037 1788 um.
1103 1739 1263 1788 Unum

1296 1739 1505 1814 uodque,
1525 1738 1656 1802 quod

593 1805 682 1854 erit
700 1805 1018 1862 bellissimum,
1037 1821 1224 1868 carpam

1307 1805 1355 1850 d.
1372 1804 1438 1859 iV,
1460 1807 1508 1852 2.
1527 1808 1588 1851 51

661 1870 814 1919 Beue.
879 1868 924 1916 Ο
957 1869 1134 1916 factum
1171 1867 1324 1916 bene!
1362 1867 1422 1913 A.
1450 1867 1483 1922 i,
1508 1872 1553 1916 1.
1574 1871 1657 1915 78.

595 1950 643 1994 V,
659 1939 708 1984 6.
730 1940 759 1983 5
799 1933 890 1980 Ειι.
912 1933 975 1988 iV,
997 1937 1045 1981 4.
1068 1937 1099 1981 7
1151 1933 1283 1980 Bene
1316 1931 1656 1978 dissimulatum

596 2013 800 2046 amorem
820 1997 1001 2046 indicat
1030 1995 1097 2047 A.
1119 1997 1157 2053 i,
1182 2001 1228 2045 1.
1254 1999 1345 2044 105
1398 1995 1501 2042 Has
1538 1995 1660 2042 bene

597 2071 653 2110 ut
672 2062 912 2110 assimules
945 2061 1135 2124 nuptias
1166 2060 1230 2111 A.
1250 2060 1287 2116 i,
1310 2064 1356 2108 1.
1380 2064 1471 2108 141
1523 2059 1660 2107 Bene

596 2135 647 2175 et
668 2127 863 2202 pudice
863 2127 1055 2174 doctum
1092 2134 1234 2187 atque
1272 2127 1495 2171 eductum
1524 2123 1660 2186 inge-

596 2192 729 2240 ιιιιιιιι
760 2190 826 2240 A.
849 2191 884 2247 i,
901 2197 949 2240 5.
972 2195 1037 2239 39
1080 2189 1215 2238 Bene
1246 2203 1429 2249 mones,
1464 2189 1543 2235 ibo
1592 2187 1660 2237 A.

594 2255 649 2312 ii,
671 2261 719 2304 2.
740 2260 805 2304 36
853 2252 1217 2302 BenesaneA.
1253 2269 1300 2309 V,
1326 2257 1374 2302 2.
1393 2257 1441 2301 7.
1475 2251 1573 2300 Ad.
1597 2253 1660 2308 iV,

598 2323 647 2368 2.
668 2323 730 2369 47
764 2319 897 2366 Bene
912 2320 1088 2365 sactum
1105 2316 1295 2372 A.V,6.
1318 2322 1398 2366 11.
1420 2315 1525 2366 He.
1544 2333 1592 2372 V,
1612 2321 1662 2365 4.

604 2387 665 2432 17
681 2384 815 2431 Bene
836 2383 1061 2430 vertendo
1077 2381 1168 2429 Eu.
1187 2380 1314 2429 Prol.
1334 2384 1365 2428 7
1388 2379 1523 2428 Bene
1542 2380 1660 2428 facis

602 2446 697 2511 Eu.
720 2447 753 2504 i,
774 2451 824 2495 2.
849 2451 943 2496 106
966 2444 1063 2494 Ad.
1085 2446 1149 2503 iv,
1167 2449 1213 2494 3.
1237 2449 1317 2494 10.
1346 2448 1425 2496 13.
1442 2460 1489 2501 V,
1508 2449 1555 2493 8.
1576 2448 1662 2493 22.

599 2528 648 2567 V,
670 2516 719 2561 9.
742 2516 803 2560 13
838 2512 972 2559 Bene
988 2510 1105 2557 dixti
1137 2511 1229 2559 Eu.
1252 2509 1325 2565 iii,
1348 2513 1395 2557 1.
1425 2513 1487 2558 61
1523 2510 1663 2557 Bene

600 2575 758 2623 fecisti
779 2575 853 2623 Eu
873 2574 944 2631 iii,
965 2580 1015 2623 2.
1039 2578 1118 2623 10.
1154 2590 1202 2633 V,
1223 2579 1270 2623 9.
1294 2579 1357 2622 61
1380 2573 1457 2620 Ita
1476 2589 1551 2621 me
1570 2573 1661 2621 Dii

603 2640 725 2687 bene
748 2639 933 2687 ament!
969 2638 1059 2688 Eu.
1081 2639 1145 2696 iV,
1169 2643 1215 2687 1.
1240 2643 1292 2687 1.
1317 2654 1366 2693 V,
1382 2644 1433 2687 2.
1450 2642 1533 2687 43.
1565 2638 1662 2687 He.

603 2704 657 2761 ii,
673 2709 720 2753 1.
741 2709 794 2754 9.
824 2703 916 2751 Ph.
935 2704 968 2759 i,
994 2707 1042 2751 3.
1063 2708 1125 2752 13
1162 2703 1291 2751 Istuc
1304 2703 1385 2765 pol
1408 2718 1516 2750 Vero
1541 2704 1660 2750 bene

604 2767 697 2815 Eu.
719 2768 783 2824 iv,
804 2772 856 2817 4.
880 2772 911 2816 8
961 2768 1097 2815 Bene
1137 2774 1277 2830 putas
1314 2766 1405 2814 Eu.
1439 2767 1505 2824 iV,
1526 2771 1575 2815 7.
1596 2771 1660 2815 43

605 2833 760 2889 Beue,
782 2832 985 2895 aedepol,
1001 2847 1159 2879 narras
1191 2832 1283 2883 Eu.
1305 2848 1354 2888 V,
1378 2836 1426 2880 3.
1442 2836 1473 2881 7
1507 2832 1663 2888 Bene,

604 2897 675 2944 ita
694 2913 769 2945 me
788 2898 855 2945 Di
877 2896 1064 2944 ament!
1115 2896 1292 2945 factum
1325 2896 1417 2943 Ειι.
1454 2911 1505 2957 V,
1541 2901 1594 2945 9.
1631 2901 1662 2946 7

607 2961 699 3009 Ph.
726 2978 772 3018 V,
790 2966 837 3010 6.
857 2966 922 3009 43
972 2961 1107 3008 Bene
1130 2960 1328 3009 libenter
1348 2960 1535 3008 victitas
1568 2960 1664 3011 Eu.

606 3040 653 3082 V,
676 3030 723 3074 9.
743 3029 810 3075 44
856 3026 991 3073 Bene
1014 3025 1117 3073 vale
1138 3025 1259 3073 Hea.
1278 3025 1312 3086 i,
1337 3029 1380 3074 l.
1404 3029 1518 3074 11⁵.
1566 3024 1663 3073 He.

608 3088 643 3145 i,
658 3095 710 3138 2.
740 3094 831 3138 122
883 3090 1045 3137 Habet
1078 3090 1331 3154 (amicam)
1352 3090 1474 3137 bene
1494 3105 1552 3137 ac
1574 3104 1663 3151 pu·

604 3153 715 3202 dice
736 3155 955 3203 eductam
978 3153 1102 3202 Hea.
1125 3154 1177 3208 ii,
1206 3159 1247 3202 1.
1268 3157 1330 3202 14
1366 3152 1520 3209 Quam
1544 3156 1665 3201 bene

608 3217 691 3264 abs
713 3226 761 3265 te
786 3225 1082 3279 prospectum
1116 3217 1215 3264 est!
1251 3216 1375 3263 Hea.
1417 3217 1482 3273 iv,
1519 3221 1563 3265 1.
1602 3222 1664 3265 25

606 3280 677 3327 Te
698 3282 751 3328 in
772 3279 919 3342 lauta,
953 3287 1003 3327 et
1036 3280 1158 3327 bene
1189 3288 1327 3327 aucta
1347 3288 1477 3343 parte
1498 3287 1670 3343 putant

611 3343 734 3392 Hea.
757 3343 822 3400 iV,
844 3350 891 3391 5.
913 3347 977 3392 50
1024 3343 1132 3390 Tibi
1153 3345 1273 3391 bene
1294 3360 1352 3391 ex
1378 3345 1537 3391 animo
1559 3345 1669 3392 volo

611 3406 736 3453 Hea.
762 3422 807 3463 V,
828 3411 876 3455 2.
898 3411 930 3455 6
976 3406 1085 3453 Tibi
1124 3408 1244 3455 bene
1280 3423 1382 3455 esse
1420 3408 1525 3466 soli,
1559 3425 1667 3456 cum

614 3470 705 3517 sibi
728 3470 789 3519 sit
823 3470 944 3519 male
976 3470 1074 3519 Ad.
1094 3471 1130 3527 ι,
1156 3477 1202 3521 1.
1225 3477 1258 3522 9
1308 3472 1513 3529 Quando
1548 3474 1669 3522 bene

612 3536 885 3598 promeruit,
906 3536 989 3583 fiat
1019 3535 1120 3585 Ad.
1141 3536 1194 3592 ii,
1220 3542 1264 3586 1.
1287 3542 1349 3585 47
1385 3538 1521 3585 Bene
1541 3538 1671 3586 dicat

614 3604 772 3648 sedum
796 3606 1074 3649 esse‘actum
1109 3599 1206 3648 Ad.
1242 3601 1295 3657 ii,
1331 3606 1383 3649 2.
1422 3607 1454 3651 2
1509 3602 1668 3658 Quem

616 3680 805 3728 aequum
848 3673 922 3713 est
957 3666 1077 3713 bene
1119 3666 1272 3713 facere
1318 3664 1416 3715 Ad.
1449 3667 1503 3722 ii,
1549 3672 1599 3715 3.
1637 3671 1669 3715 2

616 3729 823 3786 Quando
858 3731 948 3777 hoc
981 3730 1103 3777 bene
1141 3730 1363 3778 successit
1394 3730 1492 3778 Ad.
1528 3730 1581 3790 ii,
1619 3736 1668 3781 4.

614 3797 680 3843 23
714 3794 763 3841 Si
784 3793 897 3857 quid
918 3795 1037 3842 bene
1051 3794 1313 3858 praecipias,
1334 3809 1471 3841 nemo
1490 3795 1671 3842 obtem-

616 3860 778 3922 peret?
810 3857 905 3906 Ad.
945 3858 1016 3920 iii,
1045 3863 1092 3907 3.
1115 3862 1179 3907 80
1227 3859 1435 3906 Dibene
1457 3860 1670 3906 vortant!

618 3923 981 3980 Αά.ιν,7.10
1016 3923 1377 3979 He.i,..2121
1417 3921 1672 3985 Ph.iii‚.3

619 3992 683 4037 19
729 3986 878 4043 Quasi
916 4004 964 4035 re
1004 3987 1124 4034 bene
1163 3995 1292 4050 gesta
1324 3986 1423 4034 Ad.
1455 4004 1502 4047 V,
1541 3993 1672 4037 1.13

619 4051 754 4099 Bene
777 4052 1005 4098 subducta
1021 4052 1199 4099 ratione
1233 4051 1330 4099 Ad.
1353 4068 1399 4107 V,
1421 4056 1521 4102 4.1
1558 4052 1674 4099 Om-

620 4129 703 4161 nes
742 4116 863 4163 bene
901 4116 1083 4173 dicunt,
1118 4125 1275 4163 amant
1306 4115 1401 4165 Ad.
1438 4132 1485 4173 V,
1525 4121 1572 4165 4.
1613 4123 1672 4167 11

620 4176 728 4224 Tibi
752 4179 915 4227 lubens
940 4183 1059 4228 bene
1096 4180 1237 4228 faxim
1272 4180 1368 4228 Ad.
1392 4196 1440 4238 V,
1462 4186 1510 4229 5.
1528 4186 1575 4230 6.
1626 4196 1676 4241 V,

623 4244 672 4291 6.
694 4246 724 4291 8
756 4243 967 4293 Meditor
988 4260 1089 4294 esse
1110 4245 1331 4303 affabilis,
1352 4253 1401 4295 et
1423 4246 1543 4294 bene
1568 4262 1672 4310 pro-

1547 434 1788 483 INDEX

1713 583 1843 632 cedit
1865 582 1960 634 Ad.
1985 599 2031 640 V,
2052 586 2102 632 6.
2123 587 2157 632 9
2203 581 2272 630 Di
2297 581 2402 638 tibi,
2426 578 2626 642 Demea,
2644 583 2770 634 bene

1714 649 1893 696 faciant
1923 646 2020 695 Ad.
2042 663 2090 708 V,
2109 651 2159 696 7.
2179 651 2244 696 20
2293 648 2431 696 Bene
2468 663 2555 695 nos
2589 649 2770 713 aliquid

1715 714 1870 762 facere
1889 711 1960 760 illi
1981 714 2122 760 dccet
2152 707 2275 760 Ad.i
2289 727 2338 765 V,
2359 717 2412 760 8.
2445 716 2507 761 25
2565 713 2702 762 Bene
2723 722 2772 760 et

1715 777 1952 839 sapienter
1963 776 2082 824 dixti
2096 777 2275 823 dudum
2295 774 2392 823 Ad.
2412 793 2460 833 v,
2474 781 2524 825 8.
2539 780 2606 826 30
2637 777 2776 826 Beue

1717 856 1904 960 {⁸35⁶AE
1906 855 1920 886 ¹
1940 839 2645 958 ffffgzzssssassssssssizassssz
2672 840 2772 956 {³121

1718 971 1754 1025 i,
1775 974 1823 1018 2.
1849 974 1941 1018 103
1990 969 2126 1016 Bene
2147 970 2322 1016 sactum
2344 976 2392 1016 te
2414 969 2658 1018 advenisse
2677 970 2770 1017 sal-

1719 1049 1827 1080 vom
1859 1033 1954 1082 He.
1976 1033 2042 1085 iii.
2061 1040 2111 1082 5.
2130 1037 2163 1081 6
2211 1031 2364 1088 Vixit,
2384 1032 2495 1080 dum
2517 1033 2634 1080 vixit
2651 1035 2774 1082 bene

1721 1097 1815 1145 He.
1836 1097 1905 1153 iii,
1927 1104 1977 1146 5.
2013 1103 2070 1146 11
2121 1097 2275 1152 Bene,
2308 1097 2378 1142 ita
2398 1113 2474 1145 me
2493 1096 2558 1144 Di
2580 1099 2770 1145 ament!

1721 1162 1918 1209 nuncias
1951 1161 2044 1210 He.
2065 1161 2130 1216 iv,
2147 1165 2198 1210 4.
2219 1165 2285 1210 20
2317 1161 2592 1210 Benedictis
2613 1162 2652 1208 si
2672 1178 2775 1210 cer-

1724 1233 1882 1280 tasset,
1917 1226 2125 1273 audisset
2159 1226 2280 1272 bene
2313 1225 2402 1275 Pb.
2445 1226 2576 1274 Prol.
2609 1231 2670 1276 21
2705 1226 2775 1274 Ut

1723 1291 1843 1338 bene
1865 1290 1927 1337 sit
1947 1290 2062 1337 tibi!
2087 1290 2179 1337 Ph.
2196 1290 2230 1344 i,
2247 1293 2298 1339 2.
2316 1293 2405 1338 101
2443 1290 2579 1338 Bene
2603 1291 2776 1338 habent

1725 1355 1814 1402 tibi
1838 1354 2068 1417 principia
2097 1353 2188 1402 Pb.
2210 1353 2262 1409 ii,
2286 1358 2334 1402 3.
2356 1359 2420 1402 82
2469 1353 2615 1410 Quod
2656 1356 2776 1402 bene

1725 1419 1998 1482 promeritus
2039 1418 2196 1473 fueris,
2234 1417 2636 1480 conduplicaverit
2681 1418 2776 1468 Ph.

1727 1483 1798 1538 iii,
1821 1488 1868 1532 2.
1887 1486 1948 1531 31
1999 1482 2088 1530 Pol
2109 1482 2204 1530 mei
2229 1483 2368 1543 patris
2407 1483 2525 1530 bene
2545 1489 2681 1544 parta
2699 1483 2774 1530 in-

1725 1547 1976 1610 diligenter
1995 1553 2171 1594 tutatur
2202 1546 2293 1593 Ph.
2317 1562 2363 1601 V,
2385 1551 2434 1595 3.
2455 1553 2484 1595 5

1791 1611 2124 1660 Benedictum.
2190 1610 2468 1659 Benedictis
2499 1610 2538 1657 si
2560 1617 2782 1658 certasset

1729 1676 1820 1726 Ph.
1845 1675 1973 1724 Prol.
1994 1680 2057 1726 21

1793 1739 2104 1788 Beneficium.
2189 1737 2340 1796 Quasi
2377 1737 2676 1801 exprobratio
2709 1745 2781 1785 est

1728 1803 2010 1852 immemoris
2032 1803 2246 1851 beneficii
2280 1802 2344 1850 A.
2369 1803 2404 1860 i,
2427 1806 2560 1852 1.17
2609 1800 2781 1849 Urbe-

1729 1868 1952 1916 neficium
1994 1868 2150 1916 verbis
2201 1868 2388 1922 initum,
2421 1882 2470 1914 re
2507 1865 2782 1928 comprobes

1729 1931 1791 1980 A.
1825 1949 1873 1987 V,
1912 1936 1957 1981 l.
1997 1938 2028 1980 5
2084 1931 2154 1979 Ut
2189 1931 2393 1979 solidum
2429 1946 2633 1992 parerem
2667 1929 2782 1976 mihi

1731 1997 2008 2044 beneficium
2041 1995 2132 2043 Ειι.
2153 2012 2201 2052 V,
2223 2001 2270 2044 2.
2293 2000 2358 2044 32
2406 1994 2508 2042 Abs
2529 1994 2680 2057 quivis
2695 1996 2780 2040 ho-

1732 2061 1858 2108 mine
1893 2060 2174 2108 beneficium
2206 2061 2421 2123 accipere
2451 2061 2656 2121 gaudeas
2685 2057 2783 2106 Ad.

1730 2124 1783 2181 ii,
1808 2130 1856 2174 3.
1882 2129 1905 2173 1
1945 2124 2037 2171 Ριο
2061 2125 2291 2172 maleficio
2313 2125 2350 2172 si
2365 2124 2644 2172 beneficium
2659 2138 2782 2170 sum·

1731 2204 1858 2236 mum
1880 2189 2050 2236 nolunt
2087 2190 2280 2236 reddere
2301 2189 2395 2236 Ph.
2417 2189 2467 2245 ii,
2490 2193 2538 2236 2.
2559 2192 2623 2236 22
2677 2186 2782 2233 Foe·

1731 2261 1942 2301 neratum
1978 2253 2258 2300 beneficium
2299 2253 2386 2300 tibi
2429 2252 2620 2315 pulchre
2654 2251 2786 2298 dices

1732 2317 1822 2365 Ph.
1841 2318 1915 2372 iii,
1937 2321 1987 2366 2.
2009 2321 2042 2365 8
2091 2317 2224 2373 Quin
2244 2317 2520 2365 beneficium
2542 2331 2718 2363 rursum
2740 2316 2788 2363 ei

1731 2383 2004 2457 experimur
2013 2382 2240 2429 reddere?
2275 2382 2364 2430 Ph.
2383 2381 2455 2438 iii,
2477 2385 2526 2430 3.
2547 2386 2576 2428 5
2629 2379 2788 2442 Cupio

1733 2461 1892 2511 parare
1913 2446 2088 2493 amicos
2109 2445 2455 2495 beneficiomeo
2487 2445 2577 2495 Eu.
2599 2445 2703 2506 i,2.
2724 2447 2790 2494 69

1733 2512 1841 2560 Hoc
1877 2511 2105 2585 beneficio
2151 2512 2335 2575 utrique
2369 2512 2430 2559 ab
2467 2511 2672 2573 utrisque
2703 2511 2788 2557 de-

1734 2574 1978 2623 vincimini
1997 2575 2122 2625 Hea.
2142 2576 2196 2632 ii,
2217 2580 2267 2625 4.
2293 2580 2354 2625 14
2387 2576 2544 2633 Quem
2562 2574 2790 2623 beneficio

1735 2638 1914 2703 adjung
1915 2638 2086 2689 asAd.
2109 2641 2148 2697 i,
2173 2646 2218 2689 1.
2240 2644 2304 2689 47

1799 2704 2114 2752 Benevolens.
2177 2703 2351 2767 Neque
2388 2704 2459 2751 illi
2503 2702 2789 2751 benevolens

1736 2769 2168 2908 ςυὶΒὲιιιέιῗιῆιῖἰιῖζ
2199 2768 2426 2881 PIk‘lutiaVZ
2448 2772 2548 2886 inte,
2569 2837 2620 2878 et
2647 2831 2792 2878 bene-

1739 2898 1946 2945 volentia
1969 2897 2074 2959 plus
2095 2896 2214 2945 scire
2245 2896 2372 2946 Hea.
2394 2898 2430 2953 i,
2452 2902 2500 2946 1.
2520 2900 2583 2945 63

1802 2961 2088 3011 Benevolus.
2187 2962 2575 3024 Benevolumque
2628 2958 2792 3020 lingua

1739 3034 1822 3075 tua
1835 3025 1934 3089 jam
1959 3026 2045 3073 tibi
2067 3042 2142 3073 me
2165 3026 2375 3074 reddidit
2405 3027 2500 3073 He.
2521 3042 2567 3082 V,
2593 3029 2640 3073 1.
2663 3028 2726 3073 34

1804 3091 2034 3144 Benigne.
2099 3090 2228 3146 Quid
2253 3106 2342 3153 ego
2365 3090 2567 3152 possiem
2589 3089 2791 3150 benigne

1740 3156 1892 3202 facere
1925 3153 2024 3205 Ad.
2049 3171 2095 3211 V,
2116 3160 2166 3204 4.
2202 3160 2264 3205 24
2320 3154 2467 3211 Quin,
2505 3154 2634 3216 quod
2671 3166 2795 3214 opus

1739 3218 1818 3274 sit,
1841 3219 2046 3282 benigne
2068 3221 2324 3281 praebeatur
2357 3217 2452 3266 He.
2477 3234 2526 3274 V,
2546 3221 2596 3267 2.
2616 3221 2648 3265 2
2693 3216 2791 3265 Be-

1739 3282 1884 3345 nigne
1906 3283 2026 3331 dicis
2047 3284 2135 3331 Ph.
2159 3300 2206 3340 V,
2228 3287 2274 3333 8.
2295 3286 2360 3331 62

1804 3346 2098 3423 Benignitas.
2164 3346 2335 3411 Neque
2368 3346 2560 3394 modum
2581 3344 2796 3408 benigni·-

1741 3410 1850 3457 tatis
1865 3413 2046 3474 cogitas
2078 3412 2139 3461 A.
2163 3429 2208 3468 V,
2240 3418 2280 3462 1.
2296 3416 2327 3461 7
2379 3412 2542 3459 Meam
2580 3409 2796 3473 benigni·

1742 3482 1885 3523 tatem
1907 3478 2092 3524 sensisti
2112 3478 2160 3523 in
2183 3484 2232 3523 te
2269 3476 2514 3525 claudier?
2547 3475 2636 3523 Eu.
2675 3475 2712 3530 ι,
2747 3477 2796 3521 2.

1742 3544 1806 3589 84
1839 3539 2190 3603 Benignitatem
2212 3542 2324 3590 novi
2356 3541 2452 3589 He.
2472 3539 2527 3595 ιι,
2550 3543 2600 3587 2.
2621 3542 2683 3586 21

1807 3604 2067 3669 Benignus.
2132 3605 2289 3681 Quam
2327 3607 2481 3655 animo
2515 3600 2758 3664 benigno‘
2744 3616 2796 3647 ιιι

1742 3667 1869 3715 ιΙΙιιιιι
1891 3669 1962 3717 fui
1995 3670 2089 3719 He.
2111 3670 2183 3725 iii,
2205 3676 2254 3719 5.
2278 3675 2343 3719 22
2387 3670 2490 3718 Usa
2509 3683 2610 3715 sum
2632 3665 2796 3727 benig·

1742 3748 1824 3789 no,
1867 3742 1918 3781 et
1958 3733 2138 3795 lepido,
2173 3741 2225 3784 et
2262 3735 2386 3782 comi
2430 3733 2526 3783 He.
2570 3749 2618 3789 V,
2653 3736 2700 3779 3.
2735 3734 2799 3778 39

1741 3796 1872 3845 Dum
1895 3797 2093 3844 nimium
2115 3799 2209 3847 dici
2239 3814 2329 3847 nos
2361 3801 2600 3847 studemus
2636 3794 2798 3856 benig·

1746 3877 1834 3909 nos
1868 3862 1960 3910 Ph.
1981 3878 2028 3918 V,
2046 3867 2094 3912 2.
2116 3868 2149 3912 2

1809 3926 1928 3973 Beo.
1994 3926 2181 3989 Ecquid
2203 3928 2292 3975 beo
2318 3928 2402 3975 te?
2437 3926 2530 3975 Eu.
2571 3926 2624 3981 ii,
2661 3928 2710 3972 2.
2732 3926 2800 3971 48

1745 3990 1790 4038 Ο
1813 3990 1988 4037 factum
2013 3992 2164 4039 bene!
2201 3992 2352 4039 beasti
2382 3990 2447 4038 A.
2468 3991 2505 4047 i,
2525 3994 2571 4039 1.
2591 3992 2658 4038 79

1811 4055 1955 4103 Bibo.
2022 4055 2153 4104 Vicit
2186 4057 2364 4112 vinum,
2400 4056 2528 4117 quod
2566 4052 2666 4100 bibi
2709 4048 2802 4097 Eu.

1744 4118 1879 4181 iv,⁵.
1903 4124 1930 4168 1
1966 4120 2102 4169 Prior
2123 4120 2272 4176 bibas,
2295 4120 2419 4183 prior
2438 4119 2693 4167 decumbas
2711 4115 2804 4162 Ph.

1745 4183 1802 4259 ιι,
1823 4188 1873 4234 2.
1893 4189 1958 4233 28
2013 4185 2128 4233 Heri
2163 4186 2270 4262 qui·
2271 4192 2454 4233 tantum
2474 4184 2648 4232 biberis
2677 4180 2806 4228 Hes.

1747 4248 1820 4313 iii,
1839 4253 1888 4299 2.
1913 4253 1943 4298 8
1994 4249 2174 4306 Quod
2152 4251 2274 4314 Jussi
2294 4251 2341 4298 ei
2362 4249 2474 4298 dare
2494 4250 2670 4304 bibere,
2693 4246 2804 4293 date
2870 4307 2880 4315 ὴ
