3192 4975
582 421 814 488 cclviii

589 590 692 638 mio
726 585 816 634 Eu.
837 585 903 646 ἰν,
925 590 970 633 l.
993 587 1054 633 14
1097 579 1195 630 Sed
1217 581 1296 633 hic
1317 589 1448 632 actor
1467 589 1649 630 tantum

593 652 768 720 poterit
786 667 817 698 a
837 648 1077 705 secundia,
1099 657 1323 710 quantum
1375 645 1496 697 Hes.
1519 646 1649 697 Prol.

596 722 657 767 13
713 715 837 763 Nam
860 713 943 776 qui
967 713 1046 761 ille
1082 713 1256 777 poterit
1288 728 1391 761 esse
1427 713 1477 760 in
1513 713 1650 760 tuto?

592 781 672 830 dic
695 779 810 827 mibi
864 777 981 826 Hes.
1003 777 1068 832 iv,
1091 781 1139 826 3.
1162 782 1227 825 30
1272 777 1390 825 Tum
1415 777 1541 826 hunc
1563 777 1650 823 im-

593 851 809 908 puratum
835 844 1089 906 poterimus
1111 849 1268 889 nostro
1309 843 1449 892 modo
1488 840 1653 890 ulcisci

593 909 685 958 Pb.
708 925 754 963 v,
779 911 827 956 7.
849 912 914 958 69
969 907 1026 954 ld
1049 906 1117 953 ita
1137 921 1258 961 esse,
1279 922 1363 953 vos
1378 904 1496 968 jam·
1517 905 1652 968 judi-

593 990 701 1022 care
721 972 936 1036 poteritis
965 970 1059 1018 Eu.
1083 970 1212 1018 Ptol.
1227 974 1294 1020 29
1328 971 1469 1018 Proin
1490 976 1539 1016 tu
1557 970 1651 1026 fac,

593 1039 720 1101 apud
745 1045 792 1084 te
813 1044 868 1083 ut
903 1036 1010 1084 sies.
1062 1033 1154 1084 Pa.
1176 1035 1330 1082 Modo
1368 1043 1422 1082 ut
1459 1035 1654 1098 possim,

594 1103 733 1150 Deve
764 1099 828 1148 A.
849 1101 906 1164 ii,
923 1106 976 1150 4.
994 1105 1027 1150 6
1057 1101 1106 1148 Si
1131 1099 1266 1155 nolit,
1287 1098 1404 1163 quin
1425 1115 1532 1146 eum
1553 1111 1653 1147 me-

593 1168 682 1215 rito
705 1165 878 1228 possim
921 1181 1089 1228 cogere
1141 1161 1206 1212 Α.
1228 1164 1298 1220 iii,
1319 1167 1369 1214 2.
1394 1168 1454 1212 51
1507 1161 1576 1210 Ut
1597 1161 1654 1210 li'-

595 1231 743 1294 quido
763 1228 1113 1343 gusjurandum
1136 1227 1273 1292 dare)
1296 1228 1468 1293 possim
1501 1225 1564 1275 A.
1587 1226 1655 1285 iv,

595 1301 644 1346 3.
671 1299 731 1344 14
809 1311 885 1341 um
909 1301 1095 1358 egomet
1114 1293 1287 1357 possim
1308 1294 1356 1340 in
1377 1293 1467 1340 hnc
1488 1306 1537 1339 re
1557 1307 1655 1339 me-

597 1359 744 1408 dicari
781 1359 936 1412 mihi?
989 1357 1056 1405 A.
1095 1375 1144 1413 v,
1165 1362 1214 1406 4.
1236 1362 1296 1406 41
1353 1357 1464 1414 Quo
1509 1364 1653 1420 pacto

597 1439 734 1492 porro
776 1422 949 1488 possim
989 1422 1137 1486 potiri
1189 1421 1280 1470 Eu.
1302 1421 1373 1477 iii,
1396 1428 1444 1470 5.
1465 1426 1528 1470 65
1585 1417 1657 1468 Ut

595 1505 699 1536 eam
723 1503 819 1536 non
841 1487 1016 1551 possim
1048 1487 1144 1534 suis
1187 1486 1367 1534 tradere
1421 1485 1514 1533 Eu.
1535 1501 1584 1545 ν,
1602 1490 1653 1535 2.

597 1559 664 1603 3ο
705 1552 798 1601 Nae
819 1568 909 1614 ego
931 1560 998 1611 te,
1021 1552 1060 1598 si
1081 1565 1191 1598 usus
1211 1551 1385 1612 veniat3
1407 1549 1655 1612 magnifice

597 1627 792 1666 tractare
835 1616 1008 1680 possim
1068 1615 1189 1663 Heu.
1229 1614 1300 1676 iii,
1321 1619 1369 1664 2.
1388 1618 1455 1663 46
1509 1613 1653 1664 Nunc

597 1685 890 1746 experiamur
918 1687 1080 1729 contra
1119 1682 1237 1736 haec,
1259 1680 1375 1744 quid
1413 1695 1504 1742 ego
1541 1695 1654 1742 pos·

597 1748 713 1794 siem
761 1746 930 1792 blande
970 1746 1126 1793 dicere
1157 1744 1254 1792 Ad.
1286 1760 1333 1800 v,
1355 1747 1486 1795 4.23
1519 1743 1655 1790 Alias

601 1819 655 1857 ut
677 1810 745 1858 uti
765 1810 941 1873 possim
965 1825 1107 1856 eausa
1141 1810 1229 1856 hac
1268 1809 1447 1870 integra
1497 1807 1593 1855 He.
1615 1807 1653 1864 i,

597 1880 648 1924 2.
673 1881 702 1923 5
757 1875 807 1922 Si
829 1873 1174 1936 facere-possim
1197 1873 1294 1921 ullo
1319 1874 1458 1920 modo
1491 1871 1582 1920 He.
1602 1872 1655 1930 ii,

599 1945 650 1989 3.
673 1943 737 1987 24
790 1938 1064 1988 Videndum
1085 1946 1175 1999 est,
1196 1953 1257 1986 ne
1277 1938 1430 1986 minus
1463 1943 1657 2000 propter

597 2003 712 2050 iram
724 2005 844 2051 hanc
856 2003 1119 2070 impetrem,
1132 2017 1271 2066 quam
1283 2001 1501 2066 possiem.
1524 2003 1657 2057 Qua-

603 2068 660 2116 lis
681 2068 764 2116 sim
789 2069 982 2124 amicus,
1005 2075 1087 2114 aut
1107 2068 1221 2130 quid
1253 2067 1476 2136 possiem,
1534 2066 1658 2114 otius

601 2147 741 2196 quam
760 2132 994 2187 inimicus,
1017 2130 1275 2196 periculum
1298 2131 1444 2178 facies
1541 2147 1585 2179 e.
1608 2146 1658 2191 v,

604 2203 650 2247 1.
672 2203 722 2248 3.
746 2202 812 2246 39
864 2197 915 2244 Si
971 2197 1126 2246 uidem
1159 2195 1314 2244 hercle
1353 2196 1519 2258 possis,
1541 2195 1660 2243 nihil

603 2260 753 2330 prius,
775 2277 930 2324 neque
972 2262 1116 2307 ortius
1147 2261 1238 2309 Eu.
1263 2261 1298 2316 i,
1324 2265 1370 2308 l.
1393 2266 1422 2307 5
1465 2260 1659 2307 Utinam

601 2333 697 2372 tam
721 2324 900 2388 aliquid
923 2325 1132 2372 invenire
1150 2324 1291 2371 facile
1327 2323 1498 2388 possis,
1520 2339 1661 2386 quam

605 2391 697 2436 hoc
719 2389 920 2464 peribit!
973 2388 1064 2436 Eu.
1085 2389 1140 2441 ii,
1163 2393 1208 2436 1.
1230 2394 1260 2436 4
1316 2389 1458 2450 Quod
1497 2403 1662 2435 cavere

513 2477 517 2482 ’
605 2467 774 2521 possis,
820 2450 1014 2499 stultum
1051 2451 1298 2503 admittere
1339 2457 1412 2499 est
1463 2450 1556 2500 Eu.
1595 2451 1662 2508 iv,

603 2524 654 2566 6.
693 2522 756 2565 23
813 2516 1069 2578 Nunquam
1111 2514 1300 2563 sufferre
1339 2514 1442 2579 ejus
1482 2524 1663 2563 sumtus

607 2588 768 2643 queat,
790 2580 962 2628 nedum
999 2588 1049 2628 tu
1088 2580 1240 2643 possis
1295 2578 1416 2631 Hea-
1437 2579 1506 2635 iil,
1530 2585 1577 2629 1.
1596 2585 1660 2629 45

603 2647 762 2709 Saepe,
784 2654 837 2692 ut
858 2645 1010 2709 possis
1021 2644 1177 2695 dicere
1209 2643 1302 2694 Ad.
1318 2661 1364 2700 v,
1383 2648 1430 2693 3.
1447 2648 1510 2692 37
1544 2642 1662 2706 Qui,

606 2711 891 2773 ubicumque
913 2726 1035 2777 opus
1057 2710 1134 2765 sit,
1156 2710 1360 2756 animum
1384 2708 1536 2773 possis
1547 2709 1667 2757 flec-

603 2783 702 2823 tere
735 2774 832 2822 He.
864 2775 928 2831 iv,
949 2778 996 2823 3.
1019 2779 1052 2823 2
1084 2772 1232 2830 Scies,
1254 2774 1395 2821 modo
1428 2780 1483 2819 ut
1513 2781 1669 2822 tacere

607 2840 760 2906 possis
791 2840 883 2888 Ph.
904 2838 940 2894 i,
961 2844 1010 2886 2.
1030 2844 1064 2887 9
1097 2838 1263 2894 Parce,
1285 2839 1455 2897 sodes3
1485 2846 1542 2885 ut
1556 2854 1669 2903 pos-

607 2905 670 2952 sis
691 2920 798 2953 cum
828 2904 911 2950 ina
963 2904 1053 2951 Ph.
1098 2919 1144 2959 v,
1169 2906 1216 2951 3.
1239 2907 1300 2950 11-
1358 2903 1490 2960 Quas
1523 2904 1669 2967 paulo

605 2969 790 3016 mederi
823 2967 976 3043 possis
1029 2968 1120 3015 Ph.
1156 2983 1206 3026 v,
1236 2970 1286 3015 4.
1325 2970 1354 3015 3
1409 2967 1540 3024 Quid
1579 2974 1669 3024 est,

606 3034 736 3097 quod
760 3032 844 3079 tibi
868 3047 974 3079 mes
995 3046 1066 3078 ers
1087 3031 1268 3079 efficere
1293 3031 1558 3095 hoc-possit
1569 3047 1671 3079 sm·

607 3095 1093 3225 {³3¹⁰EJ11‚2{1‹¹‚21¹23¹.‚
1113 3096 1483 3223 13⁰33221¹²q322
1515 3103 1675 3225 {2231

609 3224 748 3282 A.·ii‚
772 3231 818 3274 1.
842 3230 875 3274 6
909 3224 1066 3281 Qussi'
1083 3224 1333 3287 quicquam
1355 3225 1405 3271 in
1429 3226 1552 3273 bunc
1568 3223 1671 3287 jam

611 3291 796 3353 gravius
818 3289 916 3336 dici
939 3286 1115 3352 possiet
1146 3287 1213 3336 A.
1235 3305 1286 3349 v,
1307 3292 1356 3337 3.
1379 3294 1410 3337 3
1445 3290 1556 3347 Quo
1590 3289 1675 3340 ille

611 3355 742 3401 abire
761 3354 957 3415 ignavus
977 3353 1127 3416 possit
1159 3351 1344 3417 longius
1397 3353 1489 3403 Eu.
1529 3354 1597 3410 iv,
1622 3357 1672 3402 3.

613 3422 708 3466 20’·
727 3417 857 3473 Quid
877 3417 894 3463 ?
931 3418 1047 3480 quid
1069 3417 1224 3465 venire
1245 3418 1296 3465 in
1319 3426 1522 3470 mentem
1544 3434 1673 3466 nune

613 3482 766 3545 possit
783 3482 934 3528 mihi?
991 3481 1084 3530 Eu.
1108 3499 1156 3537 v,
1180 3486 1227 3530 3.
1249 3488 1276 3532 1
1333 3482 1404 3531 Ut
1422 3491 1505 3530 tuo
1529 3483 1676 3530 umori

614 3547 916 3611 suppeditare
937 3546 1088 3611 possit
1109 3546 1207 3594 sine
1247 3556 1402 3595 sumtu
1441 3554 1524 3597 tuo
1583 3546 1673 3595 Eu.

614 3627 666 3667 v,
686 3617 736 3661 9.
759 3615 824 3661 46
877 3610 955 3658 Ne
980 3610 1086 3675 plus
1108 3610 1320 3675 iniquum
1345 3612 1510 3675 possit,
1533 3628 1675 3675 quarn

615 3690 823 3739 equum,
845 3675 1010 3723 oratio.
1055 3675 1114 3722 In
1135 3683 1378 3740 utramque
1399 3684 1578 3739 partem
1602 3677 1676 3723 in-

615 3740 806 3803 genium
841 3740 958 3803 quid
996 3740 1149 3805 possit
1186 3756 1337 3793 meum
1393 3742 1516 3789 Hes.
1547 3741 1677 3790 Ptol.

613 3810 696 3855 27.
717 3810 780 3854 47
835 3804 907 3852 Ut
935 3819 1176 3867 nunquam
1209 3804 1306 3851 ulls
1342 3806 1487 3853 amori
1523 3813 1677 3856 vestro

614 3869 822 3917 incidere
845 3870 996 3933 possit
1031 3869 1272 3918 columitas
1319 3869 1445 3917 Heu.
1465 3870 1514 3932 ii,
1535 3875 1586 3919 4.
1611 3876 1675 3921 15

615 3933 752 3983 Nihil
796 3942 891 3982 tam
930 3933 1122 3989 difficile
1159 3944 1248 3990 est,
1271 3934 1385 3997 quin
1423 3936 1677 3999 querendo

613 3998 882 4062 investigari
904 3998 1085 4062 possiet
1120 3998 1244 4047 Hes.
1264 3998 1334 4059 iv,
1353 4003 1401 4047 2.
1423 4002 1456 4046 8
1506 3998 1680 4047 Noluit

611 4063 782 4111 iterum
803 4063 989 4123 referre,
1009 4063 1249 4111 utiterum
1285 4063 1434 4125 possit
1473 4065 1679 4113 vendere

611 4127 712 4174 He.
736 4128 865 4176 Proi.
890 4132 918 4177 7
974 4127 1097 4185 Nec,
1145 4144 1207 4175 us
1226 4128 1303 4174 via
1324 4122 1554 4175 sententia
1575 4127 1679 4190 ejus

618 4192 764 4251 possit
781 4191 972 4250 mutari,
995 4192 1094 4239 scio
1177 4209 1222 4240 e.
1244 4191 1312 4248 iv,
1338 4195 1382 4240 1.
1407 4195 1468 4240 54
1505 4193 1553 4240 Si
1577 4193 1677 4240 ullo

619 4252 760 4301 inodo
781 4264 857 4302 est·
878 4265 930 4303 ut
951 4258 1117 4318 possit,
1139 4257 1271 4320 quod
1293 4270 1427 4317 spero
1451 4256 1547 4304 fore
1579 4256 1685 4321 He.

616 4316 683 4377 iv,
701 4322 756 4373 4.
781 4324 875 4369 102
929 4320 1010 4367 An
1046 4321 1292 4388 quisquam
1310 4321 1461 4385 judex
1483 4330 1574 4387 est,
1595 4318 1678 4387 qui

1732 4260 1803 4307 ·1d
1828 4260 1925 4308 fieri
1948 4276 2086 4322 posse
2108 4261 2305 4308 maxime

1557 431 1801 484 mnnx

1793 583 1876 630 ssit
1896 595 2088 632 noscere
2124 589 2207 632 tun
2234 581 2403 647 justa?
2456 579 2545 632 Ph.
2569 581 2621 640 ii,
2640 577 2687 632 1.
2710 587 2778 634 49

1780 647 1858 696 ihil
1883 654 1971 707 est,
1996 648 2111 711 quin
2132 647 2252 696 male
2273 649 2505 696 uenando
2528 649 2675 711 possit
2695 649 2779 696 de-

1726 713 1958 777 pravatior
2010 713 2102 762 Ph.
2127 712 2195 769 ἰν,
2214 717 2263 761 4.
2287 716 2348 763 17
2404 712 2560 760 Modo
2598 721 2651 760 ut
2689 714 2779 760 hoc

1726 777 1921 826 consilio
1944 777 2121 840 possiet
2158 775 2360 839 discedi,
2380 784 2435 824 ut
2469 777 2604 825 istam
2637 777 2782 826 duest

1727 841 1817 890 Ph.
1852 857 1901 900 v,
1922 846 1971 891 2.
1994 847 2025 891 8
2071 840 2143 890 Αι
2183 858 2360 898 vereor,
2394 849 2448 890 ut
2478 841 2652 905 placari
2671 857 2781 904 pos-

1726 905 1793 952 sit
1840 905 1930 955 Plu.
1956 923 2005 968 v,
2027 910 2077 955 7.
2099 911 2165 956 72
2217 905 2267 953 Si
2288 906 2407 954 istuc
2427 907 2661 954 crederem
2684 906 2782 952 sin·

1722 972 1833 1018 'cere
1852 970 1965 1026 dici,
1987 971 2173 1036 quidvis
2194 987 2377 1036 possem
2403 970 2584 1036 perpeti
2632 969 2724 1018 Eu.
2745 970 2784 1025 i,

1726 1039 1778 1087 2.
1800 1039 1865 1084 97
1920 1033 1991 1082 Ut
2010 1035 2142 1083 nullo
2176 1036 2319 1083 modo
2355 1034 2543 1083 introire
2575 1049 2782 1096 possem,

1762 1099 1843 1146 uin
1863 1098 2079 1147 viderent
2095 1115 2171 1147 me
2219 1099 2311 1149 Eu.
2333 1116 2379 1156 v,
2400 1104 2449 1150 2.
2471 1103 2502 1148 3
2558 1100 2689 1156 Quot
2708 1113 2786 1146 res

1728 1113 1922 1224 dedere,
1956 1164 2039 1212 ubi
2080 1179 2268 1228 possem
2310 1164 2658 1229 persentiscere,
2692 1163 2787 1211 nisi

1730 1243 1878 1275 essem
1900 1227 2056 1292 lapis?
2100 1228 2221 1276 Hes.
2241 1245 2295 1292 v,
2317 1233 2362 1278 1.
2386 1233 2451 1278 43
2502 1227 2631 1288 Quin
2654 1227 2786 1290 quic-

1729 1292 1845 1356 quid
1872 1307 2069 1355 possem,
2092 1292 2277 1340 mallem
2316 1293 2498 1341 auferre
2536 1290 2699 1357 potius
2736 1290 2787 1338 in

1731 1357 1977 1420 presentia
2007 1355 2106 1406 Ad.
2123 1356 2175 1419 ii,
2191 1362 2239 1406 2.
2264 1360 2326 1406 14
2365 1356 2463 1416 Qui
2486 1357 2667 1406 firmare
2690 1371 2791 1403 me-

1731 1437 1806 1470 am
1830 1423 1955 1485 opud
1978 1437 2062 1468 vos
2085 1437 2271 1484 possem
2292 1421 2431 1468 fidem
2466 1419 2561 1468 He.
2586 1436 2633 1476 v,
2658 1425 2706 1469 1.
2722 1423 2789 1471 23

1732 1485 1854 1534 Οιιιιι
1874 1487 1965 1534 hoc
1984 1501 2081 1533 non
2103 1501 2309 1550 possum.
2330 1485 2450 1533 illud
2480 1483 2635 1532 minus
2675 1500 2790 1549 pos-

1730 1565 1827 1598 sem
1856 1563 1863 1568 “
1882 1551 1973 1599 Ph.
1997 1549 2031 1606 i,
2051 1556 2103 1601 4.
2121 1555 2183 1600 31
2242 1550 2369 1598 Nam
2392 1556 2532 1597 antee
2550 1549 2634 1611 qui
2672 1549 2792 1614 scire

1730 1631 1910 1678 posses,
1930 1622 2013 1662 sut
2031 1615 2267 1678 ingenium
2289 1629 2483 1662 noscere
2516 1611 2579 1661 A.
2606 1614 2639 1670 i,
2660 1617 2705 1662 1.
2723 1615 2791 1662 26

1731 1681 1853 1744 Cepi
1871 1680 2114 1737 rationem,
2130 1687 2184 1727 ut
2197 1695 2353 1742 neque
2368 1694 2548 1742 egeres,
2566 1693 2721 1742 neque
2737 1685 2794 1724 ιιι

1730 1745 1831 1793 haec
1855 1759 2015 1810 posses
2037 1746 2233 1808 perdere
2266 1743 2389 1792 Hes.
2411 1761 2463 1804 v,
2481 1747 2531 1792 2.
2556 1746 2616 1792 11
2664 1743 2793 1792 Nam

1730 1808 1885 1857 hercle
1905 1825 2044 1857 nemo
2076 1815 2251 1873 posset,
2275 1815 2349 1857 sat
2384 1809 2484 1856 scio
2538 1806 2629 1854 Eu.
2651 1807 2720 1863 iii,
2743 1811 2794 1856 2.

1728 1875 1795 1922 34
1827 1873 2003 1936 Ecquis
2022 1889 2125 1921 earn
2148 1880 2311 1937 posset
2344 1871 2571 1920 noscere?
2608 1871 2698 1919 Eu.
2720 1869 2799 1932 iii,

1731 1942 1781 1990 3.
1807 1941 1868 1986 17
1904 1939 2158 1994 Quomodo
2190 1935 2566 1985 adolescentulus
2588 1936 2795 1983 meretri-

1734 2017 1842 2050 cum
1863 2002 2048 2065 ingenio
2066 2009 2115 2049 et
2130 2017 2281 2050 mores
2294 2009 2455 2064 posset
2476 2016 2665 2048 noscere
2696 1999 2795 2048 Eu.

1734 2081 1783 2120 v.
1815 2071 1866 2116 4.
1896 2070 1960 2114 10
2022 2067 2159 2116 Prius
2196 2082 2290 2114 nox
2322 2064 2634 2131 oppressisset
2673 2063 2795 2122 illic,

1737 2146 1875 2194 quom
1897 2133 1991 2178 huc
2012 2131 2183 2181 revorti
2204 2139 2367 2208 posset
2386 2131 2553 2178 iterum
2608 2128 2705 2177 Ad.
2727 2129 2795 2186 iv,

1739 2201 1785 2246 1.
1806 2201 1841 2246 9
1873 2195 1943 2244 Ut
1999 2195 2116 2243 uivis
2137 2195 2276 2244 facile
2294 2203 2463 2272 posset
2478 2195 2673 2243 credere
2696 2193 2795 2242 He.

1738 2259 1775 2321 i,
1801 2265 1847 2308 1.
1871 2264 1902 2309 4
1950 2212 2018 2307 δι
2052 2260 2141 2308 hac
2162 2260 2241 2308 ille
2263 2275 2370 2308 viva
2404 2267 2563 2323 posset
2590 2259 2799 2306 animum

1739 2325 1961 2373 inducere
2003 2340 2191 2373 uxorem
2229 2323 2417 2375 habere.
2484 2323 2551 2371 Ut
2589 2322 2799 2388 colloqui

1740 2403 1920 2438 mecum
1946 2404 2039 2436 una
2059 2395 2218 2452 posset
2239 2389 2333 2437 He.
2355 2388 2389 2447 i,
2410 2391 2458 2438 2.
2477 2393 2558 2438 24.
2575 2393 2638 2436 56
2659 2389 2798 2435 Sum·-

1740 2459 1815 2500 tus
1838 2459 2011 2501 vestros
2032 2454 2273 2517 otiumque
2296 2460 2349 2504 ut
2369 2461 2523 2501 nostre
2547 2467 2616 2501 res
2638 2460 2803 2515 posset

1742 2518 1841 2583 'pati
1876 2518 1971 2565 He.
1991 2517 2046 2574 ii,
2071 2524 2115 2567 1.
2137 2524 2201 2567 28
2241 2518 2427 2581 Neque,
2450 2524 2503 2565 ut
2522 2516 2661 2565 celari
2682 2533 2797 2581 pos-

1744 2590 1832 2639 set,
1856 2590 2041 2643 tempus
2062 2599 2083 2630 s
2118 2585 2262 2631 atium
2280 2583 2421 2631 ullum
2436 2583 2581 2631 dabat
2609 2580 2702 2629 He.
2725 2582 2801 2641 iii,

1744 2650 1792 2695 3.
1816 2650 1878 2695 14
1928 2646 2004 2696 Ne
2035 2648 2082 2695 ul
2104 2663 2133 2694 a
2154 2648 2319 2696 merito
2335 2646 2617 2697 contumelia
2638 2646 2736 2693 fieri
2771 2663 2807 2694 a

1740 2711 1874 2759 vobis
1893 2719 2053 2775 posset
2083 2712 2178 2760 He.
2218 2713 2287 2769 iii,
2310 2718 2358 2761 5.
2378 2716 2440 2761 21
2476 2711 2529 2760 Si
2563 2711 2605 2759 is
2641 2720 2803 2775 posset

1742 2776 1801 2823 ab
1822 2791 1881 2823 ea
1900 2792 2000 2823 sese
2022 2777 2276 2839 derepente
2292 2777 2510 2825 avellere.
2574 2776 2673 2833 Qui
2690 2792 2802 2839 pos·-

1743 2847 1815 2887 set
1836 2849 1946 2905 post
1967 2841 2115 2897 nosci,
2137 2843 2222 2904 qui
2244 2842 2334 2889 siet
2366 2841 2463 2889 He.
2483 2841 2546 2899 iv,
2567 2844 2613 2889 1.
2633 2846 2713 2890 39.
2732 2846 2803 2891 58

1743 2904 1997 2964 Quomodo
2019 2907 2139 2954 hanc
2158 2922 2319 2954 amans
2334 2906 2505 2954 habere
2524 2912 2682 2969 posset
2696 2905 2802 2953 sine

1742 2970 1855 3018 dote
1878 2972 1968 3019 Ph.
1991 2987 2038 3027 v,
2063 2976 2109 3019 1.
2130 2975 2195 3021 29
2230 2970 2299 3019 Ut
2321 2971 2363 3019 si
2378 2986 2540 3019 omues
2557 2977 2803 3034 cuperent,

1743 3034 1859 3081 nihil
1882 3035 1968 3082 tibi
1990 3042 2187 3099 possent
2204 3035 2467 3083 auxilior-ier
2508 3033 2605 3083 Ad.
2626 3034 2678 3091 ii,
2698 3038 2746 3083 4.
2768 3040 2805 3083 9

1744 3097 1814 3146 At
1834 3100 1923 3147 hoc
1946 3098 2161 3155 demiror,
2183 3100 2269 3161 qui
2293 3107 2384 3149 tom
2422 3098 2562 3147 facile
2598 3098 2806 3162 potueris

1745 3164 2023 3231 persuadere
2064 3164 2137 3210 illi
2185 3164 2309 3215 Heu.
2334 3163 2386 3220 ii,
2408 3168 2455 3212 3.
2480 3167 2568 3213 121
2634 3162 2807 3219 Miror,

1746 3228 1983 3290 quomodo
2007 3235 2101 3275 tam
2125 3228 2337 3292 ineptum
2360 3228 2611 3295 quiequam
2633 3226 2721 3274 tibi
2751 3228 2805 3275 in

1745 3300 1949 3342 mentem
1971 3293 2147 3356 venire,
2166 3294 2233 3345 mi
2254 3293 2342 3355 vir,
2363 3294 2569 3355 potuerit
2599 3292 2723 3341 Hes.
2756 3309 2807 3349 v,

1747 3360 1794 3404 3.
1817 3361 1847 3405 3
1892 3356 1961 3403 Ut
1982 3370 2137 3421 neque
2159 3358 2380 3421 spectari,
2400 3372 2557 3422 neque
2582 3357 2808 3420 cognosci

1750 3421 1958 3487 potuerit
1988 3420 2082 3470 He.
2106 3422 2235 3472 Ptol.
2255 3427 2285 3471 3
2330 3421 2447 3470 Plus
2467 3430 2630 3485 potus⁸
2652 3422 2731 3468 illa
2756 3438 2809 3469 se

1748 3486 1980 3535 abstinere
2002 3493 2055 3533 ut
2073 3487 2312 3551 potuerit?
2345 3486 2495 3541 He0-i,
2513 3490 2561 3535 2.
2583 3490 2647 3535 64
2681 3472 2810 3535 Nul-

1750 3548 1843 3596 lum
1867 3551 2077 3599 invenire
2109 3551 2358 3613 Prologum
2392 3550 2622 3613 potuisset
2654 3565 2809 3603 novus

1749 3612 1838 3663 Ph.
1857 3614 1983 3664 Prol.
2006 3619 2066 3663 15
2102 3615 2263 3671 Quod,
2280 3614 2318 3661 si
2335 3614 2413 3661 hie
2428 3614 2658 3677 potuisset
2676 3630 2806 3665 nunc

1749 3678 1977 3725 exorarier
1998 3678 2200 3726 triduum
2222 3678 2313 3725 hoc
2346 3678 2435 3726 Ph.
2458 3678 2529 3735 iii,
2544 3682 2591 3727 3.
2609 3684 2642 3729 2
2676 3680 2807 3727 Seios

1750 3758 1887 3806 posse
1908 3742 2192 3853 habereljam
2211 3742 2365 3806 ipsum
2379 3758 2476 3790 suae
2491 3744 2599 3791 vitae
2614 3744 2805 3795 modum

1752 3808 1814 3856 A.
1836 3808 1872 3867 i,
1892 3812 1938 3855 1.
1960 3811 2024 3858 68
2104 3816 2152 3855 ta
2175 3822 2357 3871 magnae
2378 3807 2531 3873 (iro),
2552 3816 2605 3857 ut
2624 3823 2803 3871 sperem

1751 3888 1888 3936 posse
1922 3870 2080 3921 avelli.
2142 3872 2251 3919 Tibi
2284 3872 2352 3924 ita
2382 3874 2474 3925 hoc
2507 3874 2719 3921 videtur:
2758 3880 2811 3920 ot

1751 3952 1778 3984 e
1813 3951 1841 3983 o
1863 3949 1959 3985 non
1980 3951 2118 4000 posse
2140 3938 2335 3985 arbitror
2383 3937 2447 3985 A.
2474 3938 2547 3995 iii,
2569 3942 2615 3987 3.
2636 3942 2717 3987 21.
2740 3940 2801 3986 31

1804 4002 1861 4053 isi
1882 4001 1930 4049 id
1953 4010 2109 4065 putas,
2129 4018 2225 4051 non
2250 4018 2389 4066 posse
2404 4002 2503 4066 jem
2527 4004 2591 4049 ad
2608 4002 2805 4053 salutem

1754 4066 1963 4114 converti
1986 4066 2077 4115 hoc
2098 4066 2273 4116 malum
2309 4067 2374 4115 A.
2398 4068 2463 4126 iv,
2486 4071 2531 4115 1.
2553 4068 2619 4115 49
2670 4065 2808 4117 Indi-

1754 4146 1867 4179 cans
1890 4139 1937 4178 te
1958 4146 2111 4179 amare
2133 4138 2184 4179 et
2202 4133 2319 4180 ferre
2342 4126 2673 4193 (desiderium)
2705 4122 2806 4178 ιιόιι

1754 4210 1891 4271 posse
1924 4194 2016 4247 Eu.
2041 4196 2075 4252 i,
2100 4201 2145 4244 1.
2167 4201 2201 4245 9
2254 4195 2321 4244 Αι
2356 4210 2413 4243 ue
2434 4196 2522 4241 hnc
2541 4208 2590 4241 re
2612 4192 2811 4242 srbitror

2384 4274 2431 4307 u·
2454 4258 2489 4314 i,
2506 4262 2560 4321 ²-
2580 4264 2643 4307 93
2679 4258 2807 4311 ceu*

1754 4324 1855 4374 sen’
1878 4340 2023 4392 posse
2042 4340 2121 4373 me
2140 4319 2380 4375 obfirmare
2400 4329 2449 4372 et
2471 4322 2655 4395 perpeti
2675 4322 2695 4371 ?
2714 4322 2804 4373 Eu.
