3192 4975
377 1074 396 1083 -
457 1034 791 1102 illaeclicentiu
823 1044 994 1091 evadet
1022 1045 1076 1093 iri
1097 1059 1144 1091 ru

1191 417 1195 423 “
1231 441 1310 492 nr
1356 440 1835 491 recursuum.

457 586 561 719 ἰῑῑῑι,
581 590 1016 715 mmmm
1038 588 1384 714 urinae-02¹..
1405 590 1512 720 ,ξέὲέ

459 726 540 774 cul
562 741 700 789 quem
721 723 890 771 video?
926 721 1021 771 Ad.
1052 723 1122 779 iii,
1145 726 1194 771 8.
1218 726 1283 771 84
1316 722 1512 778 Mirum,

462 791 511 837 ni
533 790 643 839 illoc
664 788 853 836 homine
885 802 1076 849 quoquo
1112 793 1252 849 pacto
1283 802 1405 849 opus
1441 794 1514 835 est

459 854 552 901 Eu.
584 870 630 910 v,
651 858 699 902 9.
718 856 783 901 68
831 850 956 899 Mihi
987 850 1111 899 inaec
1133 866 1240 899 vere
1261 852 1322 899 ad
1346 856 1513 899 rastros

459 934 534 965 res
555 917 674 965 redit
700 915 826 973 Heu.
848 932 899 977 v,
921 920 965 966 1.
982 920 1048 965 68
1079 914 1212 965 Illaec
1228 914 1369 963 fidem
1386 929 1512 963 nunc

461 989 660 1039 vostram
697 979 915 1044 implorat
946 979 1044 1030 Ad.
1081 979 1150 1036 iii,
1169 982 1220 1028 4.
1238 982 1303 1028 48
1351 978 1516 1027 Nimia

1240 1059 1316 1091 um
1339 1044 1512 1093 mulum

457 1110 558 1171 Ad.
579 1110 649 1167 iii.
668 1113 718 1159 4.
732 1113 798 1158 08
828 1107 1089 1157 Illunccine
1105 1124 1182 1156 mu
1201 1108 1342 1156 ierem
1358 1107 1514 1156 alere?

457 1172 584 1223 Heu.
620 1175 687 1229 iv,
710 1180 758 1223 6.
780 1176 811 1223 8
843 1172 964 1223 Illuc
985 1180 1058 1221 est
1077 1171 1271 1235 sapere!
1319 1170 1412 1221 Eu.
1447 1172 1513 1229 iv,

459 1242 513 1288 7.
535 1243 599 1288 12
629 1235 802 1287 Jocon'
821 1252 882 1285 an
903 1236 1023 1287 serio
1043 1236 1164 1287 illaec
1185 1235 1330 1293 dicat,
1352 1236 1513 1285 nescio

461 1302 588 1351 Heu.
613 1302 683 1365 iii,
701 1306 750 1351 2.
771 1305 838 1351 8⁰
1337 1350 1342 1361 ,

522 1367 698 1427 illicio.
748 1365 884 1415 Tune
905 1366 986 1423 hic,
1005 1364 1218 1413 homines
1238 1362 1510 1415 adolescen-

461 1430 604 1491 tulos,
619 1430 672 1479 in
691 1431 903 1489 fraudem
923 1429 1096 1477 illicis?
1127 1428 1190 1477 A.
1212 1447 1260 1492 v,
1281 1433 1332 1484 4.
1354 1432 1386 1479 8

525 1494 677 1543 luico.
709 1492 925 1543 Illicoue.
989 1494 1230 1543 Percussit
1261 1492 1390 1541 illico
1411 1493 1514 1541 ani-

459 1576 586 1608 mum
617 1558 684 1607 A·
701 1557 738 1615 i,
763 1564 811 1609 1.
833 1563 899 1609 98
933 1557 1097 1620 Nunc,
1120 1565 1366 1623 postquam
1385 1557 1520 1606 videt

460 1623 648 1687 nuptias
669 1622 898 1687 apparari,
919 1623 1060 1671 missu
1079 1630 1152 1671 est
1184 1622 1356 1671 ancilla
1387 1622 1514 1671 illico

464 1688 526 1739 Δ.
548 1688 616 1745 iii,
639 1692 688 1737 2.
707 1691 773 1737 84
805 1686 872 1745 Is,
886 1687 971 1735 ubi
986 1688 1108 1736 hanc
1123 1685 1255 1736 videt
1267 1686 1514 1749 virginem,

493 1752 659 1801 retium
681 1767 889 1815 spernus,
925 1751 1052 1801 illico
1083 1750 1319 1814 producit,
1351 1752 1516 1799 vendit

455 1769 551 1867 gu.
587 1816 624 1877 i,
647 1820 694 1867 2.
715 1820 780 1865 68
814 1816 944 1873 Quid
967 1816 1085 1863 ille?
1117 1815 1206 1864 Th.
1234 1816 1403 1865 Mutus
1422 1815 1514 1863 illi-

457 1898 516 1931 co
551 1881 644 1929 Eu.
683 1881 750 1939 iii,
776 1886 824 1931 1.
845 1885 910 1931 27
954 1880 1046 1928 Illa
1064 1879 1214 1935 illico,
1237 1880 1319 1928 ubi
1339 1895 1416 1927 me
1435 1896 1516 1929 uc·

455 1946 907 2059 ffiffieffizfflss
909 1944 996 2059 “13:21
1006 1944 1098 2056 ¹³3¹:-
1117 1944 1188 2057 ἤιξ’
1207 1951 1256 2058 ἓ·
1276 1944 1516 2057 ’1ἶὲῗὲ

453 2073 584 2122 illico
605 2075 734 2121 aedes
749 2074 969 2135 mercede„
994 2072 1118 2123 Hes.
1151 2075 1188 2129 i,
1213 2077 1258 2122 1.
1280 2076 1344 2123 92
1377 2024 1514 2121 Illico

453 2138 635 2187 abduxi
654 2139 718 2185 nd
737 2153 918 2185 coenam
951 2137 1076 2187 Hea.
1101 2137 1136 2193 i,
1159 2140 1209 2186 2.
1233 2141 1265 2185 8
1303 2136 1513 2200 AEquum

453 2216 562 2249 esse
579 2208 792 2259 censent,
813 2218 902 2249 nos
915 2198 1016 2264 jam
1039 2216 1068 2249 a
1084 2199 1239 2264 pueris
1257 2200 1386 2249 illico
1409 2216 1515 2249 nas·

455 2266 505 2317 ci
523 2282 660 2315 senes
691 2266 816 2313 Hea.
834 2267 890 2323 ii,
913 2270 959 2314 1.
981 2271 1014 2317 2
1047 2265 1146 2315 Ibit
1160 2264 1350 2313 adillud
1364 2264 1514 2324 illico,

455 2346 552 2393 quo
586 2330 709 2379 Heu.
745 2330 820 2387 iii.
845 2334 976 2388 1.,78
1009 2328 1260 2378 Abiturum
1291 2344 1340 2379 se
1361 2330 1444 2377 abs
1466 2338 1514 2379 te

456 2394 586 2443 illico
607 2394 860 2443 minabitur
890 2392 1016 2443 Heu.
1035 2394 1108 2456 iii,
1131 2399 1176 2445 1.
1197 2398 1262 2443 80
1293 2394 1421 2441 Mihi
1437 2408 1512 2442 os-

456 2458 668 2517 tendisti,
704 2459 854 2522 illico,
880 2474 988 2510 eum
1015 2473 1118 2508 esse
1166 2458 1290 2509 Hes.
1323 2458 1388 2517 iv,
1412 2464 1459 2509 1.
1478 2462 1510 2509 8

455 2519 716 2590 Postquam
757 2525 935 2589 aspexi,
965 2523 1099 2573 illico
1137 2522 1340 2588 cognovi
1387 2521 1514 2576 Heu.

451 2588 524 2647 iv,
545 2596 593 2641 1.
615 2593 680 2639 48
710 2588 865 2638 Senex
886 2589 1104 2637 resciscet
1119 2588 1250 2638 illico
1292 2586 1415 2637 Heu.
1445 2588 1511 2645 iv,

455 2658 508 2703 8.
527 2658 590 2707 19
632 2654 835 2702 Bacchis
855 2658 1111 2702 consecuta
1129 2661 1203 2700 est
1221 2650 1351 2702 illico
1384 2652 1512 2702 Heu.

455 2734 508 2780 v,
531 2722 575 2767 1.
596 2721 661 2770 32
705 2717 872 2766 Otiose
893 2732 1020 2764 nunc
1032 2714 1135 2778 jam
1155 2716 1282 2765 illico
1302 2716 1380 2764 hic
1401 2731 1514 2764 con-

453 2783 568 2830 siste
618 2781 716 2831 Ad.
757 2782 811 2846 ii,
834 2787 880 2832 1.
898 2787 932 2832 2
983 2781 1148 2828 Testes
1185 2780 1331 2829 faciet
1366 2779 1511 2837 illico,

455 2847 725 2896 vendidisse
747 2861 821 2894 me
857 2845 954 2896 Ad.
989 2844 1045 2904 ii,
1065 2848 1111 2892 1.
1126 2848 1200 2902 ,49
1252 2843 1512 2908 Argentum

455 2909 782 2960 annumeravit
799 2910 930 2958 illico
961 2907 1058 2956 Ad.
1083 2907 1156 2966 iii,
1178 2913 1226 2958 3.
1247 2912 1310 2958 16
1349 2908 1512 2956 Homi-

455 2975 511 3036 ni
539 2973 668 3022 illico
689 2974 905 3022 lacrumae
925 2973 1104 3020 cadunt
1149 2970 1252 3020 Ad.
1283 2972 1353 3028 iv,
1378 2976 1424 3021 1.
1446 2977 1513 3023 20

459 3038 561 3087 Ubi
579 3053 683 3086 eam
703 3037 820 3095 vidi,
839 3037 970 3086 illico
989 3037 1166 3084 accedo
1198 3035 1297 3087 Ad.
1321 3036 1388 3094 iv,
1408 3041 1458 3087 4.
1479 3042 1511 3086 8

455 3103 593 3152 Sensi
612 3101 757 3160 illico,
777 3102 828 3150 id
849 3101 952 3149 illas
971 3099 1196 3164 suspicari
1242 3100 1342 3152 Ad.
1375 3101 1440 3158 iv,
1461 3103 1512 3152 4.

447 3172 520 3218 js
568 3167 822 3231 Postquam
859 3165 1064 3214 alienum
1098 3165 1184 3213 abs
1217 3181 1320 3215 sese
1363 3166 1513 3224 videt,

457 3231 625 3348 ῗῖεἰὲῑ
639 3229 1512 3361 Ῑᾷῗῖιῗέοῗῗιῗαῗιϋῖἷοῗιζειὲθὲοξῖεὲἷ

458 3360 690 3422 boletum,
707 3360 867 3425 fugere
885 3376 912 3407 e
927 3367 1186 3422 conspectu
1203 3358 1331 3409 illico
1362 3359 1457 3418 He.
1472 3357 1509 3420 i,

457 3429 510 3476 2.
535 3429 627 3474 107
660 3424 836 3474 Nostra
851 3423 978 3473 illico
998 3423 1039 3470 it
1051 3423 1199 3472 visere
1215 3425 1276 3472 nd
1289 3439 1392 3472 cam
1414 3424 1508 3472 He.

455 3489 496 3550 i,
517 3493 569 3540 2.
588 3493 682 3540 118
721 3489 912 3538 Servom
947 3487 1075 3536 illico
1094 3488 1328 3536 introiisse
1349 3488 1512 3538 dicent

457 3555 553 3602 He.
569 3554 639 3610 111,
657 3559 704 3604 1.
725 3559 788 3614 52
821 3553 1076 3618 Postquam
1099 3568 1174 3600 me
1191 3567 1412 3616 aspexere
1425 3568 1510 3600 an·

458 3619 581 3666 cillae
613 3619 878 3680 advenisse,
919 3617 1048 3666 illico
1085 3617 1206 3664 laeta
1249 3615 1513 3666 exclamant

459 3681 556 3732 He.
583 3681 654 3738 iii,
677 3685 724 3731 8.
746 3688 776 3732 7
827 3681 1044 3746 Corripui
1066 3681 1195 3732 illico
1215 3697 1290 3729 me
1311 3681 1422 3730 inde
1441 3682 1511 3730 lu-

463 3760 680 3794 crumans
735 3746 828 3795 He.
870 3747 944 3803 iii,
964 3750 1015 3795 8.
1039 3750 1102 3796 10
1153 3745 1359 3794 Extimui
1382 3746 1510 3802 illico

457 3811 554 3860 He.
575 3826 622 3865 ν,
638 3813 690 3858 3.
709 3814 775 3866 26
805 3809 1101 3860 Revocemus
1119 3812 1374 3861 hominem.
1413 3810 1512 3860 An.

454 3876 542 3924 Sta
577 3873 706 3922 illico
740 3873 832 3922 Ph.
853 3875 888 3929 i,
909 3878 958 3926 4.
983 3879 1046 3923 18
1078 3873 1158 3923 1111
1175 3877 1340 3924 datum
1355 3883 1428 3924 est
1439 3889 1512 3923 ar-

520 3939 688 3988 atum?
717 3937 815 3989 De.
837 3938 1011 3988 Curavi
1028 3938 1156 3988 illico
1189 3940 1281 3989 Ph.
1304 3955 1352 3996 V,
1373 3945 1422 3990 8.
1449 3943 1510 3988 18

511 4005 628 4054 uid?
661 4003 856 4052 illicone
887 4001 1073 4052 credere
1105 4019 1164 4052 ea
1191 4003 1404 4067 oportuit
1429 4004 1509 4052 te?

461 4069 556 4118 Eu.
579 4085 609 4114 v
641 4072 698 4118 7.
721 4072 783 4117 11

526 4101 686 4184 Illinc.
739 4130 1087 4182 Grandiuscula
1097 4127 1198 4194 jam
1217 4130 1427 4195 profecta
1441 4138 1514 4180 est

459 4197 602 4247 illinc-
624 4195 689 4248 A.
707 4196 774 4260 iv,
792 4203 842 4246 6.
865 4201 931 4246 19
978 4195 1078 4243 Ubi
1098 4197 1287 4259 poterit,
1310 4212 1360 4244 se
1379 4195 1512 4246 illino

461 4263 708 4319 subducet,
728 4261 826 4312 scio
859 4259 952 4310 Eu.
985 4261 1054 4318 iv,
1079 4265 1126 4313 1.
1149 4265 1212 4310 14
1237 4259 1294 4308 -U
1297 4261 1346 4308 bi
1366 4261 1514 4320 illinc,

463 4341 618 4388 spero,
637 4326 830 4376 redieris
860 4325 960 4376 Ad.
993 4326 1111 4383 aa.
1134 4329 1197 4376 18
1246 4325 1344 4374 Ubi
1365 4324 1514 4374 illinc

461 4390 659 4448 rediero,
693 4391 812 4455 nibil
847 4398 920 4441 est
962 4389 1060 4443 Ad.
1095 4391 1150 4450 ii,
1183 4393 1231 4442 2.
1269 4393 1334 4442 24
1383 4389 1513 4439 Dum

2532 428 2643 506 clv

1587 600 1817 655 cognatus
1838 592 1935 641 hnc
1950 588 2083 639 illinc
2102 592 2317 643 veniret?
2366 591 2464 643 Ad.
2499 594 2577 655 ir„
2595 602 2644 645 5.

1589 661 1655 705 40
1690 655 1827 710 Illinc
1848 656 1943 705 huc
1964 656 2260 706 mnsferetur
2282 657 2410 722 virgo
2442 658 2539 709 Ad.
2580 661 2645 717 iv,

1589 726 1639 769 7.
1666 726 1723 771 18
1760 718 1855 769 Vix
1878 738 1954 771 rue
1973 721 2105 769 illinc
2126 722 2327 771 abstraxi
2373 723 2467 771 He.
2501 723 2571 780 iii,
2596 730 2647 776 1.

1650 849 1934 899 Illiusmodi.
1998 848 2089 897 Nae
2112 850 2367 899 illiusmodi
2393 849 2493 913 jam
2511 852 2648 900 nobis

1588 929 1759 1027 maffia
1776 915 1949 1029 civi‘tzzm
1972 914 2259 1026 ρςιιῖιπίιαῗι
2298 914 2397 991 ᾼᾱ.
2417 915 2558 1027 iii.¹{lt.
2579 921 2647 1029 {Z

1716 995 1791 1028 oc.
1898 994 1977 1025 uru
2012 994 2027 1025 ι
2064 994 2123 1029 oc
2223 994 2395 1029 venio:
2438 994 2581 1029 soiu

1587 1051 1699 1093 ante
1720 1043 1891 1091 ostium
1934 1040 2000 1091 A.
2022 1043 2077 1101 ii,
2095 1046 2146 1093 2.
2170 1048 2233 1093 26

1653 1107 1792 1159 Illuc.
1858 1106 2029 1156 Filium
2060 1108 2313 1170 perduxere
2348 1106 2465 1156 illuc
2492 1124 2647 1159 meum

1587 1169 1653 1219 A.
1673 1172 1711 1229 i,-
1730 1178 1777 1224 1.
1799 1176 1863 1221 54
1913 1171 2045 1219 Dum
2080 1172 2133 1221 in
2162 1172 2309 1221 dubio
2338 1180 2414 1221 est
2448 1173 2651 1237 animus,

1587 1236 1731 1299 paulo
1754 1244 1990 1285 momento
2018 1236 2111 1284 huc
2132 1236 2245 1285 illuc
2280 1236 2555 1299 impellitur.
2582 1237 2647 1289 A.

1584 1300 1627 1361 i,
1645 1307 1692 1349 6.
1713 1305 1775 1350 81
1827 1300 2033 1357 Amabo,
2076 1307 2127 1347 ut
2159 1300 2274 1349 illuc
2305 1310 2530 1360 transeas,
2564 1304 2648 1351 ubi

1587 1364 1670 1414 illa
1690 1372 1763 1414 est
1795 1364 1887 1417 Eu.
1921 1364 1993 1420 iii,
2018 1368 2066 1415 3.
2090 1368 2151 1414 81
2206 1366 2299 1414 Pro
2336 1365 2419 1413 illo
2449 1364 2645 1427 jubeam

1588 1445 1664 1477 me
1686 1430 1798 1478 illuc
1821 1428 2044 1478 deducier
2074 1428 2169 1477 Eu.
2190 1428 2261 1487 iii,
2283 1436 2331 1479 6.
2352 1433 2416 1479 24
2449 1430 2645 1479 Accede

1589 1493 1721 1550 illuc,
1745 1493 1973 1542 Parmeno
2006 1493 2101 1541 Ad.
2122 1493 2176 1550 ii.
2200 1496 2247 1543 1.
2264 1498 2324 1544 14
2358 1493 2499 1557 Illuc,
2514 1511 2648 1557 quae-

1587 1573 1661 1614 so,
1682 1556 1800 1614 redi.
1821 1574 1915 1622 quo
1933 1557 2117 1620 coepisti
2149 1556 2245 1605 Ad.
2276 1559 2325 1615 ii.
2350 1564 2395 1607 1.
2418 1562 2483 1608 86
2517 1558 2645 1609 coi}-

1587 1623 1746 1683 ruisse,
1767 1623 1877 1671 hinc
1896 1637 2001 1685 quae
2018 1620 2133 1669 illuc
2150 1624 2360 1683 veheres,
2380 1622 2527 1670 multa
2547 1624 2648 1671 Ad.

1588 1686 1645 1742 ii,
1666 1691 1715 1737 2.
1735 1691 1792 1736 17
1827 1688 2074 1736 Psaltriam
2094 1702 2188 1733 uua
2204 1687 2317 1735 illuc
2336 1703 2516 1736 mecum
2536 1688 2646 1737 hinc

1587 1752 1849 1799 abstmham
1904 1751 1999 1801 Ad.
2037 1768 2085 1807 v,
2105 1754 2154 1800 8.
2178 1756 2240 1801 67
2294 1750 2367 1799 Eo
2406 1761 2535 1801 rectu
2570 1752 2648 1799 via

1587 1816 1809 1879 equidem
1830 1815 1943 1865 illuc
1974 1815 2064 1863 Ph.
2086 1814 2139 1873 ii,
2165 1821 2212 1865 1.
2235 1820 2300 1865 80

1654 1880 1831 1929 Illudo.
1879 1880 2000 1928 Satis
2022 1882 2219 1943 superbe
2240 1880 2439 1928 illuditis
2460 1895 2534 1929 rue
2554 1879 2646 1932 Ph.

1588 1960 1636 2000 v,
1659 1949 1708 1994 7.
1728 1948 1793 1994 22
1825 1944 1956 1993 Dum
1976 1944 2143 1993 studeo
2164 1943 2362 2007 obsequi
2382 1946 2486 2007 tibi,
2507 1960 2645 2008 paene

1589 2007 1717 2057 illusi
1738 2008 1879 2057 vitum
1902 2008 2014 2056 filiae
2044 2007 2108 2060 A.
2130 2026 2177 2064 v,
2200 2014 2248 2059 l.
2268 2014 2301 2057 3
2338 2008 2546 2071 Dignam
2568 2024 2645 2059 me

1964 2073 1975 2084 .
2154 2073 2171 2100 ,
2392 2073 2404 2084 .

1587 2072 2045 2187 Ξιέὶῖἑῖιβῗῗιὲαέἓῗ
2047 2074 2205 2193 (1331113
2225 2072 2349 2185 1382.
2376 2077 2557 2195 iginii,
2582 2077 2648 2185 lig

1587 2201 1759 2265 quibus
1779 2201 1846 2249 sic
1865 2199 2109 2249 illudatis?
2141 2198 2207 2247 A.
2228 2199 2297 2255 iv,
2317 2204 2369 2251 4.
2393 2205 2455 2250 18
2488 2200 2649 2251 Ulcis-

1587 2280 1694 2325 car3
1719 2272 1772 2313 ut
1792 2280 1852 2313 ue
1874 2264 2069 2329 impune
2090 2264 2138 2311 in
2160 2279 2247 2312 nos
2262 2264 2457 2313 illuseris
2487 2264 2580 2314 Eu.
2595 2282 2644 2324 v,

1584 2334 1637 2380 4.
1660 2334 1725 2382 20
1930 2380 1937 2385 ,

1651 2393 1861 2451 Illuvies.
1924 2393 2035 2443 Une
2070 2392 2294 2444 ancillula
2322 2401 2439 2449 erat,
2471 2393 2641 2457 pannis

1584 2457 1757 2516 obsita,
1776 2458 2012 2524 neglecta,
2031 2458 2276 2510 immunda
2308 2457 2470 2507 illuvie
2516 2458 2639 2512 Hea.

1583 2524 1642 2581 ii.
1662 2527 1711 2572 3.
1733 2529 1799 2574 64

1654 2587 1826 2636 Imber.
1879 2589 2049 2638 Jovem
2070 2604 2166 2652 quo
2190 2595 2334 2652 pacto
2354 2585 2538 2636 Danaa
2560 2590 2647 2636 mi-

1588 2650 1701 2700 sisse
1724 2652 1856 2764 uiuri}
1875 2653 2187 2766 quomzurgrin
2208 2652 2432 2716 gremium
2448 2653 2645 2702 imbrem

1585 2730 1777 2764 aureum
1854 2732 1901 2766 u.
1923 2733 1995 2773 m,
2050 2749 2065 2764 .

1652 2778 1851 2828 Imbrus.
1915 2780 2104 2828 Interea
2154 2779 2207 2827 in
2251 2778 2409 2828 Imbro
2452 2780 2644 2830 moritur

1585 2849 1813 2904 cognatus
1830 2859 1969 2892 senex
1987 2844 2181 2893 horunc'
2214 2843 2311 2892 He.
2335 2845 2369 2900 i,
2390 2849 2441 2894 2.
2464 2849 2531 2893 96

1652 2906 1918 2958 Immemor.
1974 2909 2125 2966 Quasi
2146 2908 2441 2972 exprobratio
2462 2914 2536 2958 est
2553 2908 2647 2961 im-

1585 2973 1801 3020 memoris
1819 2971 2037 3030 beneficii
2067 2971 2131 3022 A.
2154 2973 2189 3030 i,
2216 2977 2260 3030 1.
2280 2976 2342 3022 17
2390 2970 2521 3020 Num
2553 2973 2643 3022 im.

1585 3051 1813 3084 memores
1832 3035 2093 3100 discipuli?
2127 3035 2188 3083 A.
2210 3035 2280 3093 iii,
2302 3040 2349 3084 1.
2374 3040 2437 3086 10

1648 3101 1925 3150 Immereus.
1977 3099 2225 3160 Inscitum,
2243 3100 2408 3148 offerre
2425 3100 2647 3164 injuriam

1587 3165 1673 3214 tibi
1693 3181 1769 3214 me
1789 3165 2072 3222 immerenti,
2092 3164 2307 3229 iniquom
2344 3173 2419 3214 est
2461 3165 2556 3214 He.
2593 3183 2645 3232 v,-

1649 3294 1906 3345 Immerito.
1970 3293 2190 3358 Suspicio
2232 3293 2293 3342 de
2332 3310 2409 3344 me
2440 3293 2613 3344 incidit
2628 3313 2643 3344 ι

1583 3374 1741 3424 neque
1761 3374 1820 3407 ea
1839 3359 2069 3407 immerito
2102 3359 2200 3410 Ad.
2222 3358 2290 3420 iv,
2308 3364 2357 3409 4.
2378 3365 2413 3408 6
2449 3359 2538 3408 Me
2559 3361 2645 3408 ubs

1581 3432 1631 3472 te
1643 3424 1874 3472 immerito
1885 3440 1987 3472 esse
2002 3430 2286 3481 accusatam,
2301 3423 2536 3472 rescisces.
2556 3423 2643 3474 La.

1583 3488 1709 3536 Scio.
1753 3495 1801 3536 te
1844 3488 2071 3537 immerito
2092 3490 2109 3536 ?
2156 3489 2254 3537 He.
2293 3489 2346 3543 ii,
2384 3493 2429 3536 1.
2460 3493 2539 3538 11.
2577 3494 2640 3540 12

1584 3551 1733 3610 Vide,
1755 3567 1899 3615 quam
1919 3552 2148 3602 immerito
2170 3552 2400 3616 aegritudo
2420 3552 2523 3601 haec
2550 3553 2643 3601 ori-

1584 3617 1902 3673 turmihiabs
1919 3625 1967 3666 te
2000 3617 2091 3667 He.
2128 3617 2179 3673 ii,
2203 3621 2251 3665 l.
2270 3621 2337 3666 26
2383 3615 2480 3664 Hic
2502 3617 2642 3666 video

1583 3695 1661 3729 rue
1681 3696 1785 3730 esse
1804 3681 2001 3730 invisam
2020 3681 2249 3729 immerito
2293 3679 2386 3728 He.
2418 3679 2484 3735 iv,
2506 3683 2553 3730 2.
2575 3686 2639 3731 21

1584 3745 1690 3794 Nec
1735 3746 1953 3795 leviorem
1986 3747 2121 3794 vobis
2155 3744 2403 3808 (gnatum)
2441 3744 2641 3792 viderier

1583 3809 1816 3859 immerito
1869 3810 1963 3858 He.
2005 3827 2055 3867 v,
2074 3809 2123 3859 1.
2148 3813 2213 3858 88
2266 3808 2555 3857 Jemdudum
2588 3816 2638 3858 te

1583 3889 1749 3923 omnes
1767 3889 1854 3922 nos
1876 3890 2093 3923 accusare
2114 3871 2256 3920 audio
2285 3872 2518 3920 immerito
2538 3891 2551 3920 ε
2588 3880 2641 3921 et

1584 3941 1749 3988 horum
1788 3954 1865 3987 me
1899 3939 2108 3988 omnium
2146 3937 2503 3986 immeritissimo
2546 3937 2640 3988 Ph.

1581 4002 1635 4060 ii,
1660 4009 1706 4052 1.
1726 4007 1791 4053 eo
2254 4039 2257 4044 .

1647 4065 2095 4116 Immisericorditer.
2141 4065 2336 4115 Factum
2353 4082 2382 4113 a
2395 4065 2529 4114 vobis
2550 4066 2639 4113 du-

1583 4133 1715 4194 riter,
1746 4131 2287 4194 immisericorditerque:
2318 4139 2462 4196 atque
2490 4131 2635 4180 etiam

1583 4197 1869 4246 illiberaliter
1902 4195 1997 4244 Ad.
2025 4195 2089 4252 iv,
2110 4201 2159 4245 6.
2181 4199 2248 4245 29

1650 4260 1819 4310 Immo.
1852 4258 2041 4323 Nempe
2063 4267 2117 4308 ut
2136 4266 2355 4313 curentur
2374 4267 2500 4308 recte
2514 4259 2636 4310 hac.

1584 4324 1653 4374 Si.
1685 4325 1836 4374 Immo
1856 4321 1984 4373 aliud
2029 4323 2095 4374 A.
2130 4325 2167 4381 i,
2193 4328 2237 4375 1.
2258 4329 2289 4373 8
2338 4321 2505 4385 Quid?
2543 4325 2635 4375 hoo

1585 4389 1879 4443 intellextin'·
1919 4389 2015 4439 Da.
2056 4387 2209 4440 Immo
2228 4388 2399 4440 callide
2432 4388 2493 4437 A.
2526 4389 2635 4470 ³3²·
