3192 4975
595 407 808 480 cclxii
864 480 873 488 N

600 587 754 625 sumes
775 570 1074 638 potissimum
1103 567 1198 625 Ph.
1217 570 1272 628 ss,
1293 571 1344 622 2.
1362 575 1433 622 29·

605 675 614 682 .
660 637 848 686 Potius.
937 636 1148 692 Quorum
1203 636 1415 684 aenrulari
1462 643 1657 700 exoptat

603 701 960 765 negligentium,
984 700 1163 762 potius,
1179 716 1320 765 quum
1353 700 1419 748 A.
1441 701 1569 748 Ptol.
1591 705 1653 751 21

594 764 758 830 Atque
779 766 852 814 illi
877 766 926 813 in
947 764 1052 812 aliis
1074 765 1232 828 potius
1251 766 1478 828 peccandi
1500 765 1656 814 locum

596 828 664 878 A.
687 831 724 886 i,
745 835 793 880 4.
812 835 844 880 6
877 829 1095 878 Inveniet
1111 829 1302 893 inopem
1321 831 1499 892 potius,
1515 845 1657 895 quam

601 901 650 950 te
673 894 906 958 corrumpi
929 893 1052 942 sinat
1084 893 1150 942 A.
1171 895 1222 951 ii,
1244 899 1291 943 3.
1312 898 1376 943 22
1410 894 1534 953 Qua
1555 909 1659 942 sese

603 957 856 1006 inhoneste
877 975 906 1006 ο
945 958 1062 1008 tavit
1081 973 1242 1022 parere
1265 958 1341 1006 hic
1363 957 1550 1006 divitias
1571 973 1659 1021 po·

599 1021 712 1079 tius,
729 1035 870 1086 quam
947 1051 962 1070 .
983 1023 1047 1080 iv,
1070 1028 1116 1071 5.
1134 1027 1164 1072 3
1199 1021 1321 1070 Rem
1342 1023 1661 1086 potiusipsnm

601 1086 702 1144 dic,
722 1102 779 1138 uc
801 1087 934 1136 mitte
955 1087 1075 1136 male
1107 1086 1237 1150 loqui
1276 1087 1340 1136 Δ.
1367 1102 1414 1149 v,
1436 1093 1485 1138 ³.
1508 1093 1540 1137 2
1580 1086 1661 1135 An

601 1149 763 1214 potius
803 1152 870 1200 itu
913 1167 990 1199 me
1030 1167 1314 1215 comparem,
1343 1167 1440 1200 non
1481 1151 1664 1216 perpeti

601 1216 898 1264 meretricum
952 1215 1294 1264 contumelias?
1351 1216 1441 1268 Eu.
1472 1217 1512 1272 i,
1548 1221 1594 1265 1.
1628 1219 1661 1264 2

517 1287 524 1300 ¹
601 1279 771 1332 Potius
807 1294 946 1344 quum
981 1288 1028 1327 te
1061 1280 1306 1328 inimicum
1337 1282 1534 1329 habeam
1568 1279 1661 1330 Eu.

601 1343 638 1400 i,
660 1349 711 1394 2.
732 1347 814 1394 94.
835 1349 902 1394 96
957 1344 1034 1392 An
1068 1345 1228 1408 potius
1263 1347 1362 1393 baec
1401 1346 1534 1407 pati?
1570 1343 1664 1393 Eu.

601 1407 658 1465 ii,
677 1413 724 1458 8.
745 1413 810 1460 94
846 1408 992 1458 Doni
1014 1425 1042 1456 o
1141 1410 1310 1458 damur
1331 1409 1507 1472 potius,
1521 1423 1665 1472 quam

605 1473 682 1521 hic
704 1481 818 1522 ante
839 1473 1038 1522 ostium?
1069 1525 1072 1530 ,
1118 1490 1163 1521 u.
1186 1491 1234 1535 v,
1255 1478 1310 1522 2.
1331 1479 1395 1524 56
1449 1473 1517 1522 Ut
1547 1475 1665 1522 edo·

606 1537 856 1590 lescentuli
887 1537 1018 1588 vobis
1041 1538 1225 1602 plaeere
1247 1539 1468 1586 studeant
1490 1539 1667 1604 potius,

605 1617 746 1664 quum
783 1601 875 1650 sibi
909 1601 1032 1652 Heu.
1057 1602 1186 1654 Ptol.
1207 1606 1272 1652 52
1325 1602 1454 1651 Olim
1491 1603 1665 1665 potius,

603 1667 1458 1806 333153}⁶“3.32¹”}325;”33”0215
1466 1667 1668 1787 &23:¹12

605 1803 789 1857 potrus,

605 1862 688 1912 84.
711 1862 776 1908 60

609 1923 676 1978 iv,
698 1928 745 1971 5.
768 1927 832 1974 52
867 1923 1032 1971 Potius
1053 1939 1194 1988 quam
1215 1925 1406 1988 quidem
1425 1927 1586 1973 redeat
1608 1925 1668 1972 ad

607 1987 840 2050 integrum
863 1988 966 2036 haec
989 1988 1154 2036 eadem
1178 1988 1326 2035 oratio
1361 1986 1482 2036 Hes.
1505 2005 1552 2046 ι,
1569 1993 1670 2039 3.8

608 2050 720 2100 noo
753 2051 954 2114 patrium
976 2060 1066 2108 est,
1090 2053 1246 2116 potius
1263 2053 1594 2102 consuefacere
1618 2054 1671 2100 fi-

608 2116 744 2178 lium,
764 2131 847 2164 sua
871 2125 1041 2180 sponte
1054 2124 1178 2166 recte
1200 2117 1374 2179 facere,
1395 2133 1537 2182 qnam
1554 2117 1671 2168 ulie—

612 2191 676 2236 tro
702 2190 830 2232 metu
864 2181 958 2229 Ad.
975 2182 1012 2238 i,
1040 2187 1084 2233 1.
1106 2187 1172 2232 49
1220 2182 1388 2231 Potius
1407 2199 1568 2247 quam,
1589 2181 1673 2230 ubi

608 2253 658 2292 te
699 2253 996 2308 expectatum
1031 2246 1252 2308 ejecisset
1287 2247 1410 2295 forus
1443 2247 1542 2295 Ad.
1565 2246 1600 2303 i,
1622 2253 1671 2298 2.

608 2313 675 2362 29
735 2309 911 2358 Verum
934 2311 985 2357 in
1005 2309 1140 2359 istam
1177 2318 1356 2372 partem
1378 2313 1535 2378 potius
1559 2327 1671 2374 pec·-

611 2380 719 2426 cnto
764 2381 920 2422 tamen
953 2373 1128 2428 Ad.ii,
1155 2379 1200 2423 1.
1225 2378 1289 2423 20
1339 2375 1538 2422 Mallem
1583 2391 1675 2422 eu·

609 2435 725 2486 ferre
743 2437 912 2499 potius,
925 2436 1260 2500 inpraesentia.
1328 2438 1473 2495 Vide,
1498 2439 1538 2503 si
1561 2440 1673 2486 satis

645 2499 800 2555 lucet:
837 2500 1014 2563 potius,
1051 2516 1192 2564 quam
1225 2502 1384 2551 venias
1405 2504 1454 2551 in
1486 2504 1673 2566 pericu·

630 2580 727 2614 um.
797 2564 866 2613 Ut
906 2572 962 2611 ut
989 2566 1106 2615 brec
1152 2573 1264 2613 sunt
1305 2566 1450 2623 facts,
1491 2568 1673 2630 potius,

647 2644 752 2677 uam
779 2629 884 2680 lites
906 2644 1094 2691 sequar,
1123 2644 1278 2679 meum
1303 2632 1418 2681 mihi
1449 2632 1677 2679 reddatur

659 2694 709 2744 d.
743 2694 796 2753 ii,
829 2698 878 2744 2.
914 2698 993 2743 14.
1017 2699 1100 2745 32.
1121 2698 1188 2745 40
1243 2696 1391 2752 Hera,
1435 2696 1667 2761 lucrymas

613 2760 748 2817 mitte
771 2774 784 2812 a
821 2774 878 2809 sc
921 2758 1098 2822 potius,
1141 2762 1270 2823 quod
1307 2762 1368 2807 ad
1413 2761 1534 2810 hane
1577 2776 1675 2811 rem

612 2838 733 2885 opus
775 2830 869 2880 est,
912 2839 1050 2886 porro
1089 2825 1284 2872 consule
1318 2821 1418 2873 Ad.
1441 2825 1516 2883 iii,
1535 2830 1674 2875 23⁶1

613 2886 838 2951 Denique
903 2888 1108 2936 animam
1175 2889 1432 2951 relinquam
1460 2930 1468 2941 .
1499 2890 1677 2954 potius,

611 2964 753 3016 quam
777 2953 885 3003 inas
908 2953 1118 3001 deseram
1152 2951 1251 3001 Ad.
1271 2953 1344 3010 iii,
1358 2958 1415 3004 ,4.
1437 2959 1502 3003 52
1556 2953 1678 3012 Abi,

615 3023 782 3093 peter:
821 3024 872 3065 tu
895 3018 1054 3079 potius
1081 3016 1216 3067 Deos
1249 3034 1544 3081 comprecare
1575 3018 1673 3068 Ad.

617 3094 686 3141 tv,
706 3086 756 3131 5.
779 3084 844 3129 70
899 3081 993 3129 Sed
1016 3081 1058 3129 si
1081 3082 1128 3131 id
1153 3082 1291 3129 voltis
1313 3084 1472 3147 potius
1503 3083 1605 3132 Ad.
1630 3100 1678 3142 v,

613 3147 664 3191 9.
685 3148 748 3195 35
805 3144 873 3193 Ut
890 3144 945 3193 in
971 3147 1070 3195 otio
1093 3154 1216 3195 esset
1238 3148 1411 3208 potius,
1452 3162 1594 3211 quam
1628 3149 1677 3195 in

615 3208 810 3271 negotio
843 3208 939 3258 He.
963 3209 1066 3257 Alt.
1087 3210 1215 3258 Prol.
1239 3216 1297 3259 18
1333 3211 1478 3267 Quod
1499 3214 1539 3259 si
1563 3212 1678 3261 scis·

615 3288 731 3327 sem,
753 3274 835 3321 illu
867 3272 944 3319 hic
970 3284 1177 3321 maneret
1197 3275 1386 3334 potius‚·
1407 3284 1458 3322 tu
1481 3278 1591 3324 hinc
1614 3277 1677 3323 is-

613 3351 688 3386 ses
709 3336 832 3383 forus
865 3336 962 3385 He.
985 3336 1041 3392 ii,
1071 3342 1110 3386 1.
1133 3342 1196 3386 25
1227 3338 1458 3401 Denique
1481 3340 1678 3403 aufuge.

617 3400 702 3455 rim
725 3398 904 3462 potius,
925 3415 1064 3464 quam
1103 3402 1308 3449 redeam.
1375 3404 1462 3451 Me
1495 3406 1679 3467 parenti

618 3464 796 3539 potius,
818 3479 958 3527 quarn
983 3466 1128 3513 amori
1149 3467 1348 3530 obsequi
1371 3477 1558 3530 oportet
1582 3470 1679 3519 He.

617 3526 688 3583 rii,
711 3533 760 3577 4.
785 3531 859 3578 11.
879 3532 952 3577 34·
979 3528 1026 3576 Ν
1031 3544 1123 3579 unc
1143 3546 1218 3578 me
1243 3532 1392 3593 pietas
1413 3534 1570 3581 matris
1590 3550 1677 3597 po-

617 3592 710 3639 tius
732 3593 1028 3641 commodum
1066 3595 1233 3643 suadet
1253 3596 1386 3659 sequi
1421 3596 1515 3649 He.
1537 3597 1611 3660 iii,
1632 3604 1680 3647 5.

616 3660 678 3709 31
738 3656 920 3713 Potius,
954 3672 1095 3720 quam
1129 3660 1374 3707 advorsum
1423 3662 1566 3709 animi
1612 3663 1681 3711 tui

618 3719 877 3769 lubidinem
901 3729 1025 3769 esset
1045 3738 1152 3773 cum
1173 3724 1259 3772 illo
1283 3728 1469 3789 nupta?
1494 3726 1588 3775 He.
1611 3728 1679 3783 iv,

619 3790 668 3835 1.
692 3789 755 3837 19
808 3786 1069 3835 Prodemus
1119 3804 1298 3852 quae-so,
1341 3790 1536 3853 potius?
1571 3806 1679 3854 quae

615 3849 718 3897 haec
759 3851 966 3897 amentia
1003 3854 1110 3901 est?
1147 3854 1241 3901 He.
1274 3854 1339 3911 iv,
1372 3858 1421 3902 4.
1447 3858 1510 3903 50
1563 3855 1679 3913 Sed,

617 3912 756 3974 scin’‚
787 3916 903 3978 quid
939 3915 1048 3963 volo
1086 3918 1263 3979 potius,
1299 3918 1454 3974 sodes,
1501 3919 1679 3968 facias?

619 3978 788 4035 Qualis
832 3980 917 4027 sim
953 3980 1146 4037 amicus,
1187 3988 1271 4029 aut
1305 3984 1422 4045 quid
1462 3983 1682 4046 possiem,

619 4043 780 4151 pptius
802 4057 942 4106 quam
965 4044 1202 4108 inimicus,
1237 4048 1500 4108 periculum
1533 4047 1681 4096 facies

669 4122 716 4154 e.
740 4124 788 4164 v.
815 4113 859 4157 l.
883 4112 966 4157 20.
989 4114 1054 4159 40
1111 4110 1222 4169 Qun
1265 4110 1444 4158 ratione
1488 4110 1681 4175 inopem

689 4172 784 4217 tius
827 4173 1030 4221 ducebat
1075 4174 1301 4223 domum?
1335 4175 1428 4225 Ph.
1461 4175 1515 4236 ii,
1547 4180 1595 4225 l.
1616 4182 1681 4225 68

670 4243 959 4283 erumtamen

625 4295 792 4368 Pup,
814 4299 861 4352 3·
884 4304 950 4353 m

855 1810 966 1841 uam
1000 1796 1128 1858 quod
1163 1796 1344 1868 cogitas
1375 1797 1499 1844 Heu.
1519 1795 1592 1855 iii,
1618 1801 1669 1845 1.

859 1869 982 1906 mmo
1021 1860 1165 1908 filium
1198 1861 1318 1922 Jube
1343 1860 1508 1926 potius
1541 1860 1668 1908 Heu.

1039 4238 1182 4295 otius,
1221 4254 1362 4301 quam
1405 4240 1510 4287 lites
1530 4248 1683 4290 secter

1034 4309 1134 4351 nter
1173 4318 1254 4353 vos
1287 4304 1362 4353 -sie
1398 4304 1498 4368 llaec
1524 4306 1685 4371 potius

1567 421 1813 474 lunnx

1726 583 1833 628 eum
1857 570 1993 628 lxma¹
2014 573 2069 618 ut
2088 567 2431 633 componbntur
2452 569 2619 632 gratis,
2638 573 2777 633 quarn

1726 651 1834 684 cum
1856 635 2007 685 male?
2031 635 2123 698 ‚Plu
2152 635 2213 692 iv,
2236 639 2284 684 8.
2311 639 2371 686 16
2404 635 2465 682 In
2483 649 2671 682 nervom
2692 649 2781 698 po*

1728 701 1821 749 tius
1842 700 1929 748 ibit
1960 701 2051 748 Ph.
2072 699 2138 757 iv,
2159 703 2209 747 4.
2234 704 2297 750 16

1794 765 1935 814 Poto.
2000 765 2100 814 Cur
2120 772 2250 813 amat
2270 765 2287 810 ?
2320 778 2404 813 cur
2424 764 2597 826 potat?
2630 761 2727 810 Ad.
2748 762 2780 816 i,

1733 834 1779 879 1.
1802 835 1864 879 37
1900 830 2151 892 Opsonat?
2189 829 2358 892 potat?
2385 828 2481 875 olet
2500 835 2743 890 unguenta
2759 827 2781 872 Ξ

1730 895 1793 942 de
1816 909 1922 941 meo
1952 894 2049 944 Ad.
2068 893 2108 951 i,
2130 899 2177 942 2.
2198 898 2259 943 37
2316 893 2413 942 Cur
2436 907 2560 942 nunc
2580 892 2707 955 apud
2734 899 2781 937 te

1732 959 1903 1022 potat?
1951 957 2050 1006 Ad.
2084 974 2132 1021 v,
2154 963 2291 1007 &13
2350 957 2545 1020 Rogas?
2590 955 2784 1018 potasti.

1732 1023 1912 1072 scelus!
1948 1022 2047 1070 Ad.
2072 1039 2121 1084 v,
2140 1028 2185 1072 1.
2212 1027 2273 1072 12
2324 1021 2420 1070 Ubi
2460 1020 2627 1084 potetis
2658 1021 2783 1066 vos?

1736 1087 1833 1135 Ad.
1852 1087 1919 1143 iv,
1940 1092 1991 1136 2.
2014 1092 2078 1138 47
2112 1087 2217 1134 Aut
2237 1094 2455 1134 teamnre
2478 1086 2669 1150 cogitat,
2700 1091 2786 1130 aut

1733 1159 1831 1200 tete
1853 1151 2017 1212 umeri,
2039 1158 2121 1200 sut
2144 1160 2307 1215 potare
2338 1151 2438 1198 Ad.
2460 1150 2493 1206 i,
2518 1155 2563 1200 l.
2584 1155 2615 1198 8
2668 1147 2783 1196 Non

1734 1223 1807 1264 est
1839 1216 2093 1280 flagitium,
2128 1216 2245 1263 mibi
2273 1215 2787 1272 crede,.ad01escontu-

1736 1280 1832 1328 lum
1856 1281 2061 1336 scortari,
2086 1296 2240 1344 neque
2279 1289 2438 1343 potare
2472 1281 2573 1326 Ad.
2594 1279 2629 1334 i,
2650 1283 2700 1328 2.
2720 1279 2786 1326 22

1736 1345 1899 1393 Otium
1920 1345 1979 1390 ab
2012 1345 2201 1392 senibus
2228 1347 2286 1391 ed
2324 1344 2589 1412 potandum
2622 1349 2675 1389 ut
2706 1343 2789 1388 lm·-

1737 1411 1872 1458 beam
1921 1409 2011 1458 Ph.
2034 1425 2081 1465 v,
2103 1415 2154 1458 5.
2176 1414 2209 1459 4
2262 1408 2387 1456 Nam
2428 1415 2675 1470 potaturus
2717 1411 2791 1453 est

1735 1476 1865 1538 apud
1888 1491 1961 1521 me
1996 1474 2085 1521 Ph.
2105 1480 2225 1529 v‚.5.
2248 1478 2281 1532 9
2306 1499 2313 1510 ·

1802 1539 1973 1594 Pctus.
1988 1552 2035 1595 a,
2056 1553 2151 1586 um.
2198 1537 2327 1594 Quid
2350 1535 2417 1584 ais
2438 1535 2451 1582 !
2486 1551 2593 1583 cum
2612 1534 2793 1596 virgine

1740 1619 1835 1651 una
1855 1605 2127 1651 adolescens
2144 1601 2357 1650 cubuerit
2372 1601 2479 1664 plus
2496 1608 2639 1664 potus
2656 1601 2673 1648 ἰ
2698 1599 2793 1646 He.

1738 1668 1753 1716 i
1800 1673 1851 1716 2.
1873 1673 1939 1717 64
2396 1703 2401 1708 -

1759 1701 1776 1730 ’
1808 1732 1930 1781 Pae.
1995 1731 2023 1779 1
2064 1745 2161 1794 prae
2181 1746 2197 1790 ς
2248 1745 2412 1794 sequar
2463 1729 2527 1777 A.
2544 1729 2582 1785 i,
2606 1733 2655 1780 1.
2682 1733 2793 1778 144.

1738 1795 1831 1844 Eu.
1852 1813 1901 1854 v,
1923 1803 1973 1847 2.
1994 1801 2061 1846 09
2097 1796 2240 1852 Vide,
2250 1811 2390 1859 quam
2413 1795 2601 1858 iniquus
2622 1794 2685 1842 sis
2700 1805 2795 1857 pra!

1738 1861 1915 1918 studio,
1948 1863 2061 1908 dum
2098 1859 2270 1909 efficias
2298 1861 2369 1916 id,
2404 1862 2530 1922 quod
2564 1860 2699 1922 cupis
2728 1857 2795 1904 A.

1738 1941 1789 1981 v,
1816 1931 1861 1974 l.
1884 1931 1917 1974 0
1974 1925 2148 1981 Credo,
2169 1932 2224 1972 ut
2244 1925 2315 1980 fit,
2338 1924 2505 1971 misera
2520 1940 2613 1986 prae
2636 1937 2793 1970 amore

1742 1990 1937 2038 exclusti
1957 1991 2083 2038 hunc
2106 1989 2229 2036 foras
2250 1988 2340 2036 Eu.
2366 1988 2402 2046 i,
2423 1993 2469 2037 2.
2496 1994 2555 2038 18
2590 1987 2680 2036 Hie
2701 1999 2794 2049 ego

1744 2054 1875 2102 illum
1894 2054 2122 2104 conten-si
2144 2070 2241 2117 prae
2266 2070 2338 2101 me
2374 2053 2462 2100 Eu.
2484 2053 2538 2109 ii,
2560 2059 2610 2102 2.
2632 2057 2663 2101 8
2698 2051 2798 2098 Abi

1745 2135 1859 2182 prae,
1892 2133 2039 2176 curre,
2064 2127 2119 2166 ut
2138 2120 2233 2166 sint
2255 2119 2385 2166 dorni
2417 2126 2579 2181 parata
2612 2117 2701 2165 Eu.
2724 2117 2795 2172 iii,

1743 2188 1794 2233 2.
1818 2188 1885 2233 46
1934 2183 2143 2231 Domum
2174 2191 2381 2231 revertor
2412 2191 2619 2236 moestus.
2652 2189 2795 2244 atque

1746 2249 1904 2296 annno
1926 2247 2105 2296 incerto
2128 2263 2223 2310 prae
2246 2247 2525 2310 aegritudine
2550 2247 2669 2296 Hea-
2692 2245 2724 2302 i,
2750 2249 2798 2293 1.

1746 2317 1809 2362 n
1868 2311 1973 2360 Prae
2006 2313 2199 2376 gaudio,
2233 2311 2300 2359 ita
2322 2328 2396 2360 me
2420 2311 2487 2358 Di
2508 2319 2697 2366 amem,-
2716 2311 2799 2357 ubi

1748 2377 1854 2433 sim,
1884 2377 2043 2426 nescio
2078 2377 2199 2425 Heu.
2222 2377 2273 2431 ii,
2297 2381 2347 2425 3.
2368 2381 2429 2426 67
2488 2377 2591 2424 Prae
2613 2374 2800 2422 iracun-

1746 2441 1843 2497 dia,
1863 2441 2166 2498 Menedeme‚
2189 2457 2283 2489 non
2304 2458 2405 2490 sum
2428 2443 2551 2505 apud
2576 2457 2651 2489 me
2674 2441 2799 2492 Heu.

1748 2520 1795 2560 v,
1822 2509 1865 2553 1.
1890 2510 1954 2556 47
1987 2506 2083 2554 Abi
2106 2520 2201 2569 prae
2226 2516 2427 2562 strenue,
2449 2522 2505 2555 ac
2522 2506 2651 2569 aperi
2673 2506 2800 2553 fores

1746 2570 1844 2617 Ad.
1869 2569 1917 2627 ii,
1947 2575 1991 2619 l.
2019 2575 2078 2620 1³
2136 2571 2236 2627 Qui
2258 2572 2414 2619 omnia
2438 2571 2526 2617 sibi
2548 2576 2804 2635 postputa-

1749 2634 1817 2681 vit
1834 2650 1937 2683 esse
1970 2650 2062 2698 prae
2098 2650 2201 2683 meo
2224 2637 2471 2683 commodo
2504 2637 2600 2685 Ad.
2620 2635 2678 2690 ii,
2698 2638 2748 2683 8.
2764 2638 2803 2683 9

1750 2698 1877 2747 Huic
1900 2700 2075 2763 aliquid
2101 2700 2346 2764 paululum
2371 2716 2466 2765 prae
2494 2716 2633 2749 manu
2654 2700 2802 2747 dede-

1748 2763 1829 2818 ris.
1867 2765 1996 2812 unde
2031 2773 2188 2813 ututur
2222 2764 2318 2813 Ad.
2341 2781 2387 2821 v,
2410 2770 2458 2814 9.
2482 2770 2544 2814 23
2598 2765 2718 2813 Cum
2754 2771 2803 2810 te

1750 2837 2047 2892 postputasse
2066 2844 2229 2876 omnes
2250 2845 2321 2877 res
2342 2845 2439 2892 prae
2458 2837 2649 2894 parente
2663 2828 2802 2875 intel-

1749 2892 1847 2956 ligo
1880 2893 1980 2942 He.
2010 2894 2080 2956 iii,
2096 2899 2144 2942 5.
2166 2899 2230 2943 33
2284 2894 2376 2950 Tu,
2400 2894 2546 2951 Geta,
2582 2893 2665 2941 nbi
2686 2906 2801 2955 prae,

1750 2958 1917 3004 nuntia
1940 2960 2059 3007 hane
2082 2966 2321 3007 venturam
2354 2960 2447 3007 Ph.
2470 2976 2521 3016 v,
2543 2964 2591 3007 2.
2621 2963 2683 3007 12

1816 3020 2027 3071 Proebeo.
2102 3024 2291 3073 Servom
2348 3025 2474 3071 haud
2532 3021 2805 3071 illiberalem

1750 3088 1931 3148 proebes
1964 3095 2010 3135 te
2042 3084 2146 3135 Ad.
2170 3104 2216 3145 v,
2240 3093 2338 3136 5.5
2395 3088 2465 3135 En
2498 3087 2580 3151 qui
2616 3088 2809 3149 praebet‚

1750 3166 1847 3197 non
1887 3159 1938 3198 tu
1984 3153 2109 3199 hunc
2144 3154 2316 3200 habeas
2349 3152 2491 3217 plane
2530 3158 2810 3214 presentem

1751 3213 1906 3261 Deum
1928 3216 1946 3262 ?
1998 3216 2088 3263 Ph.
2112 3216 2164 3273 ii,
2182 3222 2231 3266 2.
2254 3223 2309 3266 31
2376 3216 2595 3265 Praebent
2635 3214 2809 3277 exigue

1752 3286 1951 3325 sumtum
1976 3279 2099 3329 Heu.
2122 3280 2156 3337 i,
2187 3286 2229 3329 1.
2250 3286 2312 3331 83
2348 3283 2447 3340 Qui
2462 3279 2595 3345 potui
2617 3278 2809 3336 melitus,

1750 3343 1833 3454 *ui
1853 3344 1993 3391 hodie
2008 3361 2157 3409 usque
2175 3362 2229 3393 os
2251 3346 2463 3411 praebui?
2497 3346 2592 3393 Ad.
2632 3345 2687 3401 ii,
2710 3348 2760 3393 2.
2774 3349 2808 3391 ’1

1792 3423 1869 3455 um
1884 3408 2105 3457 Phormio
2122 3411 2283 3459 itidem
2303 3412 2352 3459 in
2369 3413 2457 3460 hac
2471 3426 2539 3467 re,
2554 3410 2669 3457 utin
2687 3410 2813 3464 aliis,

1754 3480 1991 3521 strenuum
2028 3475 2266 3523 hominem
2304 3476 2504 3537 pmbuit
2552 3474 2642 3521 Ph.
2663 3472 2736 3533 iii,
2764 3478 2809 3522 Ι.

1756 3539 1817 3584 12
1873 3537 1971 3593 Ah,
1996 3554 2092 3587 non
2116 3556 2304 3603 possum
2330 3538 2441 3585 satis
2462 3552 2659 3591 narrare,
2724 3546 2811 3583 uos

1756 3600 1893 3648 ludos
1914 3605 2165 3665 praebueris
2186 3604 2311 3649 intus
2345 3602 2433 3649 Eu.
2459 3617 2505 3657 v,
2528 3606 2579 3649 7.
2604 3607 2637 3651 9
2724 3602 2809 3648 ihil

1753 3666 1880 3727 apud
1904 3682 1979 3715 me
2002 3668 2089 3714 tibi
2108 3668 2265 3715 defieri
2289 3666 2471 3729 patiar:
2508 3666 2645 3729 quin,
2672 3667 2808 3729 quod

1755 3744 1875 3791 opus
1896 3732 1977 3789 sit,
2002 3731 2203 3793 benigne
2227 3732 2486 3793 praebentur
2520 3730 2614 3781 He.
2640 3748 2686 3788 v,
2706 3734 2803 3779 2.2

1818 3794 2085 3842 Praecaveo.
2130 3794 2349 3859 Namque
2370 3797 2460 3844 boe
2484 3803 2669 3859 tempus
2691 3810 2806 3857 prae-

1755 3872 1917 3906 csvere
1943 3859 2056 3907 mihi
2080 3875 2171 3916 me,
2191 3860 2319 3909 baud
2343 3868 2389 3909 te
2410 3861 2594 3925 ulcisci,
2613 3858 2723 3908 sinit
2742 3859 2804 3907 A.

1750 3921 1827 3977 -iii,
1850 3928 1897 3971 5.
1926 3928 1987 3971 18

1820 3986 2052 4051 Praeceps.
2117 3988 2230 4048 Quo
2267 3988 2394 4054 jure,
2433 4002 2619 4055 quaque
2640 3985 2811 4051 injuria

1758 4051 1896 4114 preci
1934 4052 2045 4101 item
2066 4069 2141 4101 me
2168 4055 2217 4101 in
2241 4054 2483 4118 pistrinum
2505 4052 2638 4101 dabit
2682 4051 2748 4098 A.
2774 4052 2811 4108 i,

1758 4120 1807 4163 8.
1823 4121 1858 4165 9
1956 4117 2100 4165 tinam
2124 4119 2235 4167 mibi
2256 4128 2386 4180 esset,
2401 4118 2575 4183 aliquid
2598 4116 2691 4172 hic,
2713 4130 2812 4178 quo

1760 4195 1887 4229 nunc
1912 4197 1983 4229 me
2006 4184 2295 4246 praecipitem
2316 4186 2470 4231 darem
2503 4182 2565 4229 A.
2586 4180 2662 4240 iii,
2676 4184 2725 4229 4.
2744 4184 2811 4229 27

1760 4244 2065 4295 Adolescenti
2091 4248 2179 4311 ipsi
2212 4248 2433 4311 eriperem
2471 4245 2663 4293 oculos‘t
2700 4253 2811 4307 post

1759 4309 1859 4361 brec
1904 4310 2198 4377 precipitem
2236 4313 2394 4367 darem
2432 4309 2654 4370 -Adeiii,
2674 4312 2811 4363 2020
