3192 4975
546 436 596 500 ii
1519 448 1760 497 mnax

545 598 746 647 invitum
769 614 872 646 eam
907 594 1136 653 Pham.
1157 602 1225 647 25
1587 649 1592 653 ,

610 663 770 713 Abdo.
850 663 1002 710 Senex
1037 678 1113 709 rus
1149 662 1334 709 abdidit
1353 674 1404 711 se
1451 660 1544 710 He.
1567 660 1604 720 i,

611 790 832 838 Abduco.
932 787 1012 836 Ad
1055 805 1107 837 se
1149 788 1347 838 abducit
1409 790 1600 837 domum

547 854 638 904 Eu.
670 855 744 915 iii,
767 860 814 901 5.
853 858 917 903 28
966 854 1182 901 Abducit
1217 870 1377 902 secum
1409 854 1602 902 ancillas

546 919 639 967 Eu.
665 918 735 974 iii,
755 925 802 966 5.
823 922 885 967 33
933 917 1022 965 Me
1060 918 1303 966 convivam
1339 918 1605 967 abducebat

545 982 635 1029 sibi
683 982 776 1031 Eu.
797 981 871 1039 iii,
897 986 942 1028 1.
969 986 1028 1031 17
1092 980 1288 1031 Abduxi
1323 984 1383 1029 ad
1420 998 1603 1030 coenam

547 1046 667 1094 Hea.
688 1046 722 1103 i,
740 1050 788 1094 2.
809 1050 842 1094 9
891 1044 1088 1093 Abduxi
1107 1046 1346 1094 mulierem
1380 1046 1470 1095 Ph.
1491 1064 1537 1110 v,
1550 1052 1599 1097 5.

549 1115 575 1159 1
627 1110 713 1158 Me
736 1108 886 1157 invito
907 1110 1103 1157 abduxit
1126 1125 1277 1158 meam
1326 1109 1424 1160 Ad.
1461 1111 1516 1165 ii,
1552 1115 1601 1159 1.

475 1204 482 1211 -
545 1177 610 1223 44
645 1173 843 1221 Amicus
863 1189 935 1221 me
957 1190 986 1220 a
1002 1175 1102 1221 foro
1125 1174 1322 1222 abduxit
1339 1174 1432 1223 huc
1455 1176 1602 1222 advo-

545 1246 702 1285 catum
724 1238 816 1284 sihi
847 1237 946 1285 Ad.
965 1238 1030 1294 iv,
1053 1244 1104 1286 5.
1125 1243 1182 1287 11
1219 1238 1384 1287 Filiam
1405 1238 1605 1287 abduxit

547 1318 675 1349 suam
731 1302 824 1351 He.
857 1318 902 1358 v,
925 1306 1052 1351 1.21
1100 1301 1182 1348 Αη
1216 1301 1342 1349 illam
1375 1302 1486 1351 hinc
1520 1304 1603 1351 ab·

547 1368 708 1423 ducet,
731 1366 897 1429 pater?
930 1366 1025 1414 Ad.
1045 1366 1110 1420 iv,
1133 1372 1180 1415 5.
1193 1370 1256 1417 27
1289 1365 1533 1415 Ab.oculis
1549 1366 1603 1414 in

548 1430 762 1493 ignotum
783 1430 894 1477 hinc
931 1430 1137 1479 abducet
1173 1430 1366 1479 locum?
1404 1432 1492 1479 Ph.
1527 1431 1603 1488 iii,

547 1498 596 1543 3.
625 1498 682 1543 15
733 1495 924 1549 Abduc,
948 1495 1059 1551 duc,
1075 1504 1302 1558 quantum
1323 1502 1458 1559 potes
1508 1496 1603 1546 Eu.

546 1558 600 1614 ii,
625 1562 672 1605 3.
691 1563 752 1607 85
806 1558 950 1606 Hunc
967 1560 1168 1615 abduce,
1191 1560 1318 1607 vinci
1350 1558 1448 1607 Ad.
1469 1559 1540 1621 iii,
1552 1565 1603 1611 4.

549 1626 614 1671 36
636 1622 836 1669 Abduce
855 1624 976 1669 hanc
994 1640 1008 1669 τ
1045 1624 1195 1670 minas
1213 1624 1422 1688 quinque
1439 1624 1605 1687 accipe

549 1687 640 1735 Ph.
677 1686 730 1741 ii,
754 1690 801 1734 3.
838 1692 902 1735 63
950 1686 1078 1743 Quid
1113 1688 1244 1735 illam
1280 1688 1330 1734 ni
1365 1688 1605 1737 abducat?

550 1748 647 1796 Ad.
671 1750 732 1805 iv,
753 1756 800 1797 5.
823 1755 888 1799 28
937 1750 1016 1798 Ne
1038 1751 1170 1798 illum
1191 1752 1252 1799 ab
1275 1752 1433 1799 studio
1453 1754 1605 1801 abdu-

549 1828 701 1861 cerem
745 1812 839 1861 He.
873 1813 972 1862 Alt.
1011 1814 1134 1862 Prol.
1173 1820 1230 1864 11
1297 1816 1366 1863 Ut
1383 1817 1524 1864 filiam
1545 1819 1606 1864 ab

550 1893 609 1923 eo
633 1878 886 1925 abduceres
931 1878 1022 1925 He.
1044 1879 1107 1935 iv,
1133 1886 1180 1929 1.
1199 1884 1262 1928 30
1311 1880 1361 1927 Si
1397 1881 1607 1928 abduxe-

551 1942 628 1995 ris,
665 1942 892 1989 celabitur
947 1942 1072 1989 Hea.
1106 1944 1170 1997 iv,
1194 1949 1241 1991 3.
1277 1949 1340 1995 20
1396 1944 1607 2001 Quamo-

551 2006 679 2053 brem
713 2007 901 2069 cupiam
939 2007 1170 2055 abducere
1224 2006 1317 2055 Eu.
1358 2007 1393 2062 i,
1446 2014 1496 2058 2.
1541 2014 1604 2058 65

551 2070 708 2133 Cupio
729 2072 978 2126 abducere,
1003 2077 1056 2117 ut
1076 2072 1266 2119 reddam
1309 2070 1404 2119 auis
1451 2072 1544 2122 Eu.
1569 2073 1608 2129 i,

551 2137 598 2183 2.
620 2136 682 2183 77
718 2134 856 2181 Illam
877 2134 1018 2199 cupio
1057 2135 1288 2183 abducere
1322 2134 1410 2187 Eu.
1428 2135 1462 2193 i,
1479 2142 1609 2187 292

551 2196 630 2243 Ad
669 2197 928 2262 nequitiam
962 2200 1196 2247 abducere
1238 2198 1338 2249 Ad.
1377 2200 1450 2255 iii,
1488 2206 1538 2250 3.
1574 2206 1609 2251 4

552 2261 660 2309 Nisi
686 2270 738 2309 tu
753 2278 972 2325 properae
983 2264 1225 2311 mulierem
1253 2264 1484 2311 abducere
1516 2265 1609 2311 Ph.

552 2326 606 2380 ii,
630 2330 678 2375 3.
705 2330 770 2374 90
835 2326 914 2373 Ad
956 2342 1028 2373 me
1065 2328 1268 2375 abducta
1305 2335 1380 2373 est
1414 2328 1607 2376 domum

554 2388 651 2435 Ad.
685 2390 748 2445 iv,
770 2394 819 2438 4.
856 2395 919 2438 18
966 2388 1191 2438 Abducta
1225 2408 1256 2438 a
1290 2390 1422 2437 vobis
1457 2407 1609 2455 praeg-

555 2468 672 2500 nans
693 2453 843 2502 fuerat
863 2452 961 2500 filia
991 2454 1087 2501 He.
1101 2455 1172 2510 iv,
1192 2458 1326 2504 4.18
1375 2454 1456 2503 Ad
1481 2463 1607 2504 tuam

555 2525 746 2564 matrem
769 2518 1026 2565 abducetur
1059 2517 1182 2568 Hea.
1210 2519 1259 2574 ii,
1282 2523 1330 2566 3.
1351 2524 1416 2569 94
1479 2520 1611 2580 Scio,

554 2596 650 2644 quo
673 2583 876 2629 abducta
917 2581 977 2629 sit
1009 2582 1098 2630 Eu.
1128 2583 1184 2640 ii,
1208 2587 1258 2634 3.
1295 2587 1362 2632 58
1418 2583 1611 2633 Abduci

554 2647 614 2693 ab
635 2645 820 2693 oculis?
869 2645 965 2694 Ad.
1003 2647 1066 2703 iv,
1103 2653 1152 2696 5.
1185 2653 1248 2696 35
1297 2645 1492 2696 Abduci
1515 2664 1609 2694 non

556 2717 713 2785 potest
743 2710 834 2758 Ph.
859 2726 906 2765 v,
944 2715 994 2760 3.
1037 2712 1098 2759 16
1167 2711 1322 2760 Credo
1357 2713 1613 2760 abductum

557 2789 608 2822 in
665 2789 834 2822 ancum
867 2773 970 2822 Ad.
987 2774 1062 2832 iii,
1083 2779 1132 2824 3.
1153 2781 1182 2822 5

673 2839 776 2888 beu.
841 2837 979 2885 Abeo
1016 2838 1144 2895 Adi.
1167 2843 1267 2889 2.7
1317 2837 1502 2898 Recte3
1537 2839 1613 2887 in-

555 2902 662 2964 quit
709 2903 845 2950 Abeo
922 2903 1012 2951 Eu.
1052 2903 1108 2960 ii,
1145 2907 1194 2952 3.
1221 2908 1286 2951 50
1362 2903 1468 2966 Ego
1503 2903 1615 2951 hinc

555 2967 675 3014 abeo
717 2965 808 3014 Eu.
830 2965 900 3020 iii,
923 2971 973 3016 2.
995 2970 1078 3015 41.
1112 2968 1208 3016 Ad.
1229 2967 1303 3024 iii,
1320 2971 1369 3017 3.
1392 2972 1453 3016 81
1491 2967 1617 3018 Cum

555 3029 670 3078 inde
690 3031 808 3078 abeo
841 3029 930 3078 Eu.
953 3030 1021 3087 iv,
1043 3035 1092 3080 4.
1112 3036 1178 3080 58
1225 3031 1330 3094 Ego
1351 3031 1470 3078 abeo
1491 3031 1615 3079 intro

557 3093 650 3141 Eu.
671 3111 719 3148 v,
741 3101 789 3143 5.
807 3098 873 3144 28
921 3094 1167 3158 Nusquam
1191 3095 1310 3142 abeo
1355 3095 1451 3143 Ad.
1485 3093 1541 3152 ii,
1561 3101 1616 3145 2.

558 3161 622 3207 38
675 3157 807 3214 Quin
844 3159 1000 3206 abeo?
1048 3160 1138 3206 Ph.
1169 3158 1207 3212 i.
1227 3163 1276 3206 4.
1298 3163 1362 3207 32
1427 3159 1524 3207 Cur
1561 3167 1614 3206 tu

556 3223 658 3269 abis
681 3224 740 3269 ab
767 3222 885 3268 illa?
939 3221 1002 3268 A.
1043 3221 1076 3276 i,
1098 3228 1145 3269 5.
1167 3225 1232 3270 64
1279 3220 1460 3268 Malam
1483 3237 1576 3269 rem
1600 3222 1612 3270 l

555 3286 668 3334 hinc
691 3285 791 3338 abis
813 3286 830 3332 ?
882 3284 972 3332 Eu.
993 3285 1063 3341 iii,
1088 3289 1135 3334 3.
1158 3289 1222 3333 30
1269 3283 1382 3332 Νοιι
1419 3293 1472 3333 tu
1503 3285 1615 3335 hinc

558 3349 696 3397 abis?
749 3348 842 3395 Eu.
865 3348 928 3405 iv,
951 3353 1002 3398 7.
1028 3353 1094 3398 29
1138 3347 1416 3396 Diminuam
1452 3357 1615 3412 caput,

557 3412 649 3459 nisi
671 3411 771 3458 abis
830 3411 920 3458 Eu.
943 3413 1006 3467 iv,
1028 3417 1075 3461 7.
1099 3416 1160 3461 33
1207 3413 1260 3461 si
1280 3428 1408 3461 nunc
1429 3429 1458 3460 a
1479 3415 1616 3462 nobis

557 3474 658 3523 abis
691 3474 814 3524 Hea.
832 3475 898 3531 iv,
920 3480 970 3527 3.
991 3480 1053 3526 18
1093 3475 1196 3524 Rus
1212 3478 1324 3525 hinc
1345 3478 1479 3526 abis?
1513 3477 1614 3528 Ad.

557 3539 629 3598 iii,
651 3543 698 3589 3.
721 3544 788 3591 79
821 3539 954 3596 Quid
977 3541 1108 3603 agis?
1143 3557 1238 3604 quo
1263 3541 1365 3589 abis
1385 3543 1402 3590 ἓ
1447 3541 1544 3592 Ad.
1568 3559 1617 3604 v,

559 3609 607 3652 2.
629 3609 676 3652 5.
732 3604 822 3651 Ph.
854 3605 893 3660 i,
921 3609 968 3653 4.
1005 3609 1070 3654 39
1126 3605 1236 3662 Quo
1259 3606 1393 3654 abis?
1445 3623 1609 3666 maue3

558 3685 714 3724 mane,
735 3668 943 3732 inquam.
967 3685 1063 3732 quo
1086 3668 1220 3717 abis?
1255 3669 1352 3718 He.
1373 3670 1443 3726 iii,
1466 3677 1513 3719 5.
1531 3676 1615 3720 45.

555 3737 624 3782 46
646 3733 755 3789 Quo
773 3749 900 3782 nunc
912 3733 1013 3780 abis
1033 3734 1050 3782 ?
1069 3733 1159 3782 Ph.
1179 3733 1254 3792 iii,
1275 3739 1370 3784 2.4
1393 3733 1551 3781 Etiam
1564 3742 1616 3781 tu

558 3797 670 3847 hinc
691 3797 794 3845 abis
811 3795 855 3844 ?'
881 3797 972 3846 Ph.
1011 3797 1080 3853 iii,
1103 3801 1152 3847 3.
1175 3803 1206 3847 9
1268 3798 1390 3847 Abit
1439 3798 1538 3845 Ad.
1567 3815 1618 3855 v,

558 3865 608 3911 2.
631 3867 662 3912 7
743 3861 940 3910 Abeunt
977 3861 1180 3910 lavatum
1235 3861 1328 3914 Eu.
1364 3863 1437 3920 ii'r,
1467 3868 1515 3912 5.
1549 3867 1616 3911 52

561 3925 683 3973 Cum
703 3918 788 3973 illo
812 3926 910 3976 abii
931 3927 1024 3974 huc
1045 3925 1137 3975 Eu.
1157 3925 1191 3983 i,
1210 3933 1258 3976 2.
1271 3933 1337 3976 40
1375 3927 1437 3974 ln
1451 3924 1616 3974 Asiam

559 3991 670 4039 hinc
689 3990 787 4037 abii
818 3990 941 4038 Hea.
972 3989 1008 4046 i,
1045 3995 1092 4040 1.
1113 3994 1178 4039 59
1229 3992 1339 4038 Abii
1361 3991 1422 4037 ad
1463 3991 1617 4051 proxi-

560 4069 659 4100 mos
691 4054 816 4102 Hea.
855 4072 903 4112 v,
927 4058 978 4103 2.
1001 4059 1060 4103 13
1114 4051 1217 4102 Rus
1237 4055 1499 4104 habitatum
1519 4054 1618 4102 abii

560 4115 658 4166 He.
679 4117 734 4173 ii,
761 4122 808 4165 1.
829 4122 892 4168 27
942 4118 1050 4166 Jam
1072 4120 1298 4180 pudebat.
1368 4117 1479 4165 Abii
1521 4117 1617 4166 He.

558 4185 730 4236 v,3.8
793 4181 865 4229 Ut
898 4183 995 4230 abii
1033 4183 1116 4230 abs
1153 4190 1200 4231 te
1243 4183 1333 4232 Ph.
1361 4183 1428 4237 iv,
1467 4186 1517 4230 3.
1553 4187 1616 4234 12

560 4243 770 4292 Abiisti:
803 4244 918 4293 mihi
945 4245 1139 4294 amicam
1173 4247 1372 4295 adduxti
1405 4247 1526 4296 Hea.
1548 4245 1617 4306 iv,

560 4312 613 4362 6.
635 4313 698 4360 14
749 4307 961 4360 Nimium
983 4311 1106 4362 istoc
1126 4311 1268 4362 abisti
1301 4312 1395 4364 Ad.
1415 4311 1472 4370 ii,
1493 4316 1540 4363 1.
1553 4316 1616 4362 15

1681 592 1901 660 Reliquu
1923 610 1997 642 me
2034 594 2193 650 homo,
2226 602 2369 658 alque
2404 593 2523 645 abiit
2564 596 2631 645 Δ.
2664 598 2733 655 iv,

1678 666 1729 711 4.
1748 667 1777 709 5
1829 660 1957 707 Dum
1982 659 2083 705 liaec
2105 659 2241 715 dicit,
2260 662 2379 709 abiit
2400 661 2513 721 hora
2560 662 2654 711 Eu.
2676 663 2733 721 ii,

1677 730 1727 775 3.
1747 730 1813 775 49
1862 722 2004 771 Anne
2026 723 2144 770 abiit
2157 722 2261 785 jam
2282 739 2309 771 a
2332 724 2516 773 milite?
2547 726 2643 777 Eu.
2663 727 2735 783 iv,

1678 796 1729 838 5.
1763 794 1794 838 7
1842 788 1986 847 Scio;
2021 788 2213 847 neaci03
2260 788 2380 837 abiit
2424 790 2519 840 Eu.
2552 795 2675 847 v,.1.
2696 795 2731 840 2

1678 852 1937 910 Ennuchus
1964 851 2084 899 abiit
2128 850 2217 899 Eu.
2237 868 2284 909 v,
2310 859 2355 902 l.
2376 860 2405 903 5
2455 853 2535 901 Ad
2574 870 2734 917 regem

1677 917 1925 965 militatum
1947 915 2067 964 abiit
2096 914 2219 964 Hea.
2242 917 2275 973 i,
2302 922 2348 967 1.
2368 922 2431 966 65
2482 918 2593 967 Huc
2613 918 2733 965 abiit

1679 981 1891 1045 Clitipho
1936 980 2059 1029 Hea-
2091 996 2141 1035 v,
2175 985 2222 1031 1.
2260 986 2318 1030 31
2388 980 2561 1042 Abiit;
2608 979 2731 1029 vahl

1677 1060 1860 1109 rogasse
1876 1044 2047 1094 vellem
2078 1043 2201 1092 Hea.
2219 1056 2264 1106 ν,
2285 1050 2334 1095 2.
2358 1051 2421 1095 25
2472 1044 2576 1093 Rus
2616 1046 2735 1093 abiit
2832 1063 2837 1067 ⁷

1677 1108 1775 1157 Ad.
1791 1110 1866 1166 iii,
1886 1113 1935 1158 3.
1956 1112 2021 1157 82
2054 1108 2144 1155 me
2159 1108 2238 1156 ubi
2261 1116 2335 1157 est
2353 1109 2602 1157 Milesius?
2634 1110 2729 1157 Mi.

1676 1173 1811 1221 Abiit
1866 1172 1962 1220 Ad.
1997 1172 2064 1227 iv,
2096 1178 2144 1221 5.
2182 1177 2247 1221 69
2308 1172 2446 1221 Abiit
2484 1172 2579 1221 He.
2612 1174 2649 1231 i,
2680 1178 2732 1223 2.

1680 1242 1775 1286 109
1808 1237 1897 1285 Ille
1920 1236 2038 1285 abiit
2066 1235 2161 1286 He.
2179 1236 2252 1293 iii,
2266 1240 2317 1287 4.
2337 1242 2402 1287 30
2448 1237 2599 1285 Abiit.
2616 1238 2733 1301 quid

1677 1302 1815 1349 mea?
1848 1299 1945 1359 He.
1964 1300 2037 1357 iii,
2058 1306 2107 1349 5.
2131 1304 2195 1349 60
2241 1302 2451 1349 Praesens
2471 1302 2662 1360 malum,
2682 1303 2735 1350 in

1679 1366 1804 1413 diem
1834 1364 1954 1413 abiit
1987 1364 2077 1413 Ph.
2098 1380 2146 1419 V,
2166 1368 2215 1415 2.
2239 1370 2301 1414 16
2348 1365 2393 1413 Ε
2424 1366 2583 1414 medio
2617 1367 2736 1415 abiit

1680 1430 1772 1478 Ph.
1796 1447 1842 1486 v,
1864 1434 1912 1479 8.
1936 1432 2001 1477 30
2046 1426 2206 1476 Ambo
2228 1428 2444 1477 abierunt
2479 1431 2602 1477 foras
2638 1430 2734 1479 Eu.

1678 1494 1743 1550 iv,
1765 1498 1813 1544 4.
1835 1498 1897 1543 35
1947 1490 2045 1541 Ubi
2078 1492 2234 1541 abiere
2275 1492 2395 1541 intro
2445 1494 2569 1543 Hea.
2605 1510 2652 1552 v,
2683 1499 2735 1544 1.

1679 1562 1742 1606 33
1806 1558 1999 1605 Menses
2021 1554 2237 1605 abierunt
2270 1558 2434 1607 decem
2480 1557 2575 1606 Ad.
2594 1558 2664 1616 iv,
2684 1563 2737 1608 5.

1680 1627 1744 1672 57
1800 1622 1965 1685 Longe
1994 1620 2098 1685 jam
2138 1622 2343 1670 abieram
2398 1621 2491 1669 Eu.
2525 1622 2589 1679 iv,
2613 1627 2663 1673 2.
2702 1628 2735 1671 5

1680 1684 1839 1734 Abibo
1860 1688 1971 1735 hinc
2019 1684 2113 1733 He.
2134 1686 2201 1741 iv,
2225 1690 2275 1735 4.
2298 1690 2358 1735 81
2407 1684 2507 1741 Abi
2528 1688 2736 1733 domum.

1680 1751 1760 1797 abi
1782 1751 1877 1799 cito
1910 1750 1977 1799 A.
2000 1748 2036 1807 i,
2058 1756 2105 1799 5.
2123 1754 2189 1798 20
2236 1750 2387 1799 Immo
2424 1750 2502 1797 abi
2526 1750 2653 1798 intro
2671 1750 2735 1797 A.

1680 1814 1751 1872 iii,
1773 1820 1823 1864 2.
1844 1818 1908 1865 43
1958 1814 2050 1870 Tu,
2072 1814 2227 1869 Dave,
2250 1814 2327 1863 abi
2363 1815 2555 1861 domum
2603 1813 2664 1861 A.
2688 1831 2739 1877 v,

1680 1882 1731 1925 6.
1757 1882 1818 1927 14
1859 1878 1950 1925 Abi
1971 1893 2083 1941 prae,
2108 1894 2239 1927 curre
2270 1878 2363 1929 Eu.
2384 1878 2453 1935 iii,
2470 1882 2522 1928 2.
2536 1882 2602 1929 46
2620 1877 2738 1935 Abi,

1683 1942 1853 1989 Dorias
1876 1942 1967 1991 Eu.
1988 1940 2060 1997 iii,
2084 1946 2131 1989 3.
2153 1946 2217 1991 32
2250 1940 2351 1989 Abi
2367 1942 2497 1999 hinc,
2514 1958 2611 2006 quo
2634 1944 2737 2005 dig-

1682 2022 1788 2063 nus,
1810 2022 1917 2054 cum
1958 2006 2095 2053 donis
2143 2005 2321 2061 Eu.iv,
2358 2011 2409 2057 3.
2448 2010 2483 2055 9
2534 2006 2631 2055 Abi
2666 2014 2739 2063 tu,

1680 2070 1913 2119 cistellam
1934 2071 2075 2117 domo
2113 2070 2229 2117 effer
2276 2071 2368 2117 Eu.
2391 2069 2458 2127 iv,
2478 2075 2527 2120 6.
2552 2076 2611 2120 15
2662 2071 2739 2118 Tu

1682 2136 1779 2191 abi,
1835 2143 1979 2197 atque
2027 2136 2190 2182 obsera
2233 2136 2405 2181 ostium
2460 2135 2586 2182 intus
2646 2134 2740 2182 Eo.

1682 2196 1747 2257 iv,
1770 2204 1819 2247 6.
1840 2204 1901 2247 25
1957 2198 2055 2246 Abi
2089 2198 2185 2245 illis
2218 2198 2403 2246 obviam
2438 2199 2561 2249 Hea.
2598 2198 2653 2254 ii,
2691 2204 2739 2249 3.

1682 2267 1715 2311 8
1782 2263 1874 2310 Abi
1928 2261 2275 2309 deambulatum
2323 2263 2445 2310 Hea.
2483 2263 2553 2318 iii,
2591 2268 2640 2313 3.
2672 2268 2743 2312 26

1682 2326 1779 2373 Abi
1816 2342 1929 2375 sane
1950 2326 2091 2383 istac,
2127 2326 2361 2382 istorsum,
2396 2328 2563 2389 quovis
2612 2327 2739 2377 Hea.

1682 2390 1751 2446 iii,
1776 2396 1825 2439 3.
1848 2396 1911 2439 27
1962 2392 2058 2438 Abi
2074 2390 2177 2452 jam
2212 2406 2339 2439 nunc
2359 2390 2483 2438 intro
2529 2390 2653 2441 Hea.
2676 2392 2742 2447 iv,

1687 2459 1733 2503 1.
1766 2461 1797 2504 5
1877 2454 2007 2502 Abi:
2054 2454 2171 2504 effer
2212 2461 2453 2518 argentum
2496 2455 2641 2504 ·Hea.
2677 2456 2747 2513 iv,

1684 2525 1735 2568 5.
1757 2525 1823 2568 56
1877 2519 1973 2566 Abi
2020 2519 2174 2578 intro;
2230 2521 2359 2577 vide,
2378 2520 2494 2583 quid
2538 2521 2747 2582 postulet

1684 2583 1809 2633 Hea.
1834 2583 1899 2639 iv,
1920 2588 1969 2631 8.
1992 2588 2053 2635 31
2106 2583 2199 2630 Abi
2223 2588 2320 2645 prae‘
2340 2592 2527 2632 strenue
2568 2584 2668 2633 Ad.
2692 2585 2747 2641 ii,

1688 2653 1733 2695 1.
1755 2652 1817 2696 13
1864 2649 1973 2706 Abi,
1996 2647 2147 2696 nescis
2167 2648 2375 2696 inescare
2406 2648 2617 2696 homines
2651 2647 2747 2699 Ad.

1686 2711 1739 2765 ii,
1762 2716 1897 2760 212
1953 2711 2048 2771 Τιι,
2086 2719 2313 2774 quantum
2348 2719 2503 2774 potes,
2524 2713 2603 2760 abi
2645 2710 2750 2762 Ad.

1688 2775 1757 2830 iii,
1780 2779 1829 2824 2.
1854 2780 1916 2824 53
1963 2775 2081 2835 Abi,
2099 2777 2248 2822 virum
2270 2783 2317 2824 te
2341 2775 2509 2838 judico
2558 2777 2655 2826 Ad.
2679 2775 2747 2834 iv,

1688 2843 1736 2888 2.
1757 2845 1821 2888 25
1857 2838 1949 2886 Illa
1969 2839 2200 2888 exclamat
2223 2856 2235 2886 ι
2268 2840 2365 2895 abi,
2388 2841 2467 2886 abi
2474 2839 2593 2902 jam,
2630 2841 2747 2888 Εε-

1690 2903 1859 2952 chine!
1894 2903 1995 2952 Ad.
2014 2905 2077 2961 iv,
2098 2907 2149 2952 4.
2174 2907 2235 2953 10
2268 2903 2367 2951 Abi
2389 2905 2599 2953 domum.
2636 2905 2745 2952 ubil

1691 2967 1786 3015 Ad.
1807 2967 1875 3024 iv,
1898 2973 1948 3016 5.
1968 2973 2031 3018 65
2069 2966 2189 3021 Abi!
2223 2966 2323 3015 Ad.
2342 2985 2388 3025 v,
2411 2974 2455 3017 1.
2478 2973 2528 3019 3.
2573 2985 2621 3024 v,
2642 2973 2691 3020 2.
2715 2974 2744 3019 1

1688 3031 1761 3080 Τιι
1801 3031 1921 3088 illas,
1955 3033 2049 3089 abi,
2084 3039 2136 3080 et
2168 3031 2362 3083 traduce
2417 3032 2517 3082 Ad.
2540 3049 2589 3090 v,
2610 3037 2661 3083 7.
2683 3037 2749 3082 19

1690 3095 1807 3151 Abi,
1825 3097 2071 3152 Parmeno,
2085 3095 2208 3144 intro
2240 3095 2336 3146 Hc.
2354 3095 2427 3152 iii,
2449 3100 2496 3145 1.
2510 3099 2574 3145 34
2616 3095 2747 3144 Abi:

1690 3160 1841 3206 solum
1864 3160 1989 3207 solua
2009 3160 2210 3209 conveni
2248 3159 2343 3208 He.
2364 3160 2427 3216 iv,
2457 3163 2502 3209 1.
2523 3163 2591 3208 42
2650 3159 2749 3208 Abi

1690 3239 1769 3334 1:33
1805 3239 1915 3336 ²13⁰
1950 3224 2081 3338 Ψ.
2099 3224 2400 3338 Ηῗόῗέιᾎῑ*
2426 3222 2750 3336 ..ξωῗηῖοἶὲἳ

1692 3351 1785 3400 Ph.
1846 3351 1879 3408 i,
1920 3355 1971 3401 2.
2000 3321 2045 3400 'o
2122 3351 2237 3408 Abi,
2270 3321 2507 3400 Phaedria'
2568 3351 2665 3402 Ph.
2694 3351 2751 3410 ii,

1694 3419 1738 3464 1.
1782 3419 1847 3464 79
1927 3415 2025 3464 Abi
2081 3423 2151 3473 tu,
2195 3416 2309 3472 vise,
2353 3413 2605 3464 redieritne
2646 3415 2750 3479 jam

1691 3479 1855 3534 Ph.ii,
1869 3482 1919 3529 4.
1940 3485 1969 3528 5
2012 3477 2125 3536 Abi,
2145 3479 2243 3536 dic,
2258 3494 2362 3528 ease
2378 3486 2621 3541 argentum
2656 3478 2754 3528 Ph.

1691 3543 1759 3602 iv,
1780 3549 1829 3592 4.
1850 3548 1915 3593 32
1963 3543 2068 3592 Abi
2088 3560 2200 3607 prae,
2222 3544 2394 3591 nuntia
2414 3545 2537 3590 hanc
2575 3549 2745 3590 ventu-

1693 3623 1789 3654 ram
1823 3608 1915 3656 Ph.
1936 3625 1984 3664 v,
2007 3613 2055 3656 2.
2081 3613 2143 3658 12
2189 3606 2261 3658 At
2295 3615 2347 3654 tu
2382 3606 2460 3654 abi
2490 3606 2617 3654 intro
2650 3606 2747 3658 Ph.

1692 3688 1741 3725 v,
1764 3677 1810 3722 3.
1833 3677 1899 3722 36
1943 3672 2071 3720 Abi:
2107 3681 2249 3734 tange
2282 3671 2370 3722 Ph.
2395 3687 2440 3727 v,
2461 3673 2556 3720 &⁵
2605 3670 2752 3718 Abin’

1692 3735 1805 3785 hinc
1823 3736 1877 3782 in
1900 3737 2067 3784 malam
2089 3737 2220 3784 rem?
2252 3734 2317 3786 A.
2338 3734 2391 3791 ii,
2413 3739 2461 3785 1.
2486 3739 2547 3783 17
2598 3734 2745 3784 Αῑιίιι’

1692 3800 1821 3856 hinc,
1843 3800 2044 3848 insana?
2078 3799 2169 3850 Eu.
2188 3815 2237 3856 v,
2259 3805 2311 3849 2.
2332 3804 2397 3850 22
2442 3797 2576 3848 Intro
2598 3799 2752 3847 aufer·

1694 3870 1775 3913 te:
1808 3863 1935 3912 abite
1976 3863 2040 3911 A.
2056 3864 2093 3921 i,
2118 3868 2165 3913 1.
2188 3869 2212 3912 1
2262 3863 2478 3912 Honeste
2513 3877 2609 3926 quo
2648 3879 2749 3910 mo-

1693 3927 1757 3976 do
1800 3928 1911 3976 hinc
1951 3929 2134 3983 abeam,
2168 3928 2331 3976 nescio
2370 3927 2459 3976 Eu.
2490 3925 2559 3984 iv,
2593 3931 2645 3976 4.
2684 3931 2755 3976 49

1695 3991 1827 4048 Quin
1848 3993 1931 4039 abs
1954 3999 2002 4040 te
2038 3993 2205 4040 abeam
2226 3992 2411 4041 doctior
2458 3989 2554 4040 Eu.
2592 3991 2657 4047 iv,
2696 3996 2747 4041 7.

1693 4060 1756 4104 21
1806 4055 1917 4112 Quo
1939 4056 2051 4104 hinc
2072 4057 2236 4104 abeam
2267 4073 2357 4120 ego
2376 4057 2415 4103 ?.
2441 4055 2566 4104 Hea.
2603 4055 2677 4112 iii,
2698 4059 2751 4104 ⁸.

1693 4123 1756 4170 25
1808 4120 2057 4182 Numquid
2077 4121 2166 4178 vis,
2190 4120 2306 4183 quin
2326 4120 2523 4168 abeam?
2574 4119 2672 4170 Ad.
2693 4118 2751 4174 ii,

1694 4189 1742 4232 2.
1760 4189 1824 4234 39
1873 4185 2061 4232 Interea
2082 4186 2132 4232 in
2154 4185 2378 4247 angulum
2400 4183 2464 4230 ali
2498 4199 2563 4231 uo
2586 4184 2749 4231 abeam

1693 4247 1791 4297 Ad.
1815 4265 1861 4306 v,
1884 4253 1931 4300 2.
1954 4254 2011 4299 11
2040 4249 2169 4298 Vide
2190 4249 2275 4310 sis,
2290 4264 2351 4297 ne
2366 4263 2463 4311 quo
2514 4249 2597 4296 inc
2609 4249 2751 4295 abeas

1694 4311 1883 4377 longius
1924 4313 2050 4365 Hea.
2082 4314 2122 4372 i,
2142 4318 2193 4365 2.
2228 4317 2297 4364 38
2350 4311 2533 4379 Δῑιευ,
2560 4312 2602 4362 ⁸5
2624 4310 2753 4378 sapia
