3192 4975
1242 451 1322 501 IN
1373 453 1854 504 TERENTIUM.

412 603 589 654 “ss-'18
624 602 739 652 Hoec
770 603 895 653 fratri
928 619 1111 653 mecum
1144 619 1241 652 non
1276 607 1498 656 conveni-

452 675 542 714 unt
571 667 669 715 Ad.
691 670 724 725 i,
748 674 793 718 1.
814 673 877 718 84
926 669 1087 719 Primo
1125 670 1229 718 dies
1265 673 1502 735 complus-

430 730 583 779 -culos
614 733 731 780 bene
769 735 1083 782 conveniebat
1119 749 1231 782 sane
1265 735 1386 784 inter
1423 752 1502 785 eas

430 795 543 843 ‘He.
564 796 599 851 i,
621 800 675 846 2.-
695 801 788 846 108
822 797 979 847 Etiam
1001 813 1195 862 puerum
1212 799 1327 847 inde
1341 801 1503 849 abiens

428 860 645 907 ⁸‹rortveni
675 861 889 912 Chremis
938 861 1002 910 A.
1020 863 1074 923 ii,
1093 867 1142 910 2.
1166 867 1227 913 81
1286 863 1503 913 Conveni

445 923 589 973 hodie
610 926 869 974 adveniens
885 928 1136 991 quemdam
1153 927 1245 976 mei
1265 927 1358 977 loci
1372 928 1500 986 hinc,

446 995 587 1051 atque
610 989 789 1036 ordinis
822 990 917 1040 Eu.
940 991 992 1048 ii,
1013 995 1065 1041 2.
1087 996 1117 1040 8
1173 993 1295 1049 Quae
1330 1009 1500 1042 conve·

430 1067 555 1100 mere
596 1052 651 1099 in
696 1053 928 1101 Andriam
984 1055 1047 1103 A.
1084 1056 1208 1105 Pron.
1243 1061 1303 1107 ιε
1359 1049 1531 1108 Nunc'

444 1115 695 1164 Chremem
710 1119 987 1166 cunveniam
1020 1120 1084 1169 A.
1108 1120 1177 1177 iii,
1194 1125 1244 1170 2.
1262 1125 1328 1171 48
1348 1121 1499 1171 Tace!

430 1188 638 1244 »egomet
659 1183 938 1230 conveniam
955 1183 1057 1247 jam
1078 1185 1093 1231 i
1132 1201 1231 1233 sum
1250 1184 1363 1234 -Ad.
1382 1186 1431 1242 ii,
1454 1190 1504 1236 2.

429 1248 473 1293 ·1
516 1244 726 1293 Fratrem
745 1247 1038 1305 conveniam,
1105 1251 1211 1312 egio
1246 1249 1345 1298 Ad.
1370 1250 1503 1306 iim.

449 1313 515 1357 68
549 1308 827 1366 Micionem,
850 1311 888 1357 si
911 1315 1037 1374 apud
1072 1313 1222 1361 forum
1261 1323 1353 1372 est,
1387 1331 1501 1364 con-

445 1373 635 1421 veniam
684 1373 797 1422 Ad.·
824 1374 894 1431 iii,
917 1381 967 1426 ⁵.
992 1381 1022 1426 8
1078 1377 1181 1440 Ego
1221 1379 1503 1428 AEschinum

446 1437 726 1485 conveniam
759 1437 857 1486 Ad.
880 1439 945 1496 iv,
971 1448 1018 1491 6.
1036 1446 1069 1491 2
1100 1441 1205 1506 Ego
1227 1444 1315 1492 hos
1330 1460 1503 1494 conve-

446 1499 573 1548 niam
606 1501 706 1552 Ad.
728 1502 799 1562 iv,
821 1507 871 1552 7.
893 1508 959 1555 89
991 1505 1121 1561 Quid
1146 1507 1214 1555 vis
1232 1507 1419 1556 dicam?
1442 1525 1502 1556 an

446 1567 725 1614 conveniam
746 1568 922 1615 modo?
968 1571 1062 1618 He.
1082 1569 1157 1628 iii,
1179 1576 1228 1621 4.
1252 1576 1318 1622 22
1348 1593 1353 1600 ·
1373 1572 1502 1620 Con-

449 1629 607 1677 veniet
626 1646 864 1689 numerus,
887 1642 1115 1697 quantum
1148 1636 1293 1684 debui
1314 1659 1321 1666 ·
1340 1635 1431 1684 Ph.
1466 1638 1504 1696 i,

447 1699 495 1744 2.
510 1700 539 1743 8
565 1695 926 1746 Callidemidem
943 1699 1178 1762 hospitem
1198 1700 1501 1764 Myconium,

448 1759 646 1808 conveni
680 1759 775 1807 He.
799 1761 868 1817 iii,
890 1768 939 1812 4.
961 1769 1026 1813 19
1058 1763 1152 1811 Abi
1174 1781 1184 1810 ε
1210 1765 1359 1812 solum
1378 1767 1503 1814 solus

448 1824 647 1872 conveni
681 1824 776 1872 He.
798 1825 864 1882 iv,
888 1831 1019 1879 1.42
1050 1825 1120 1874 At
1152 1844 1241 1892 ego
1280 1829 1393 1878 hinc
1428 1847 1502 1879 me

445 1889 506 1935 ad
542 1887 709 1943 forum,
765 1897 821 1937 ut
868 1891 1145 1942 conveniam
1202 1893 1501 1958 Pamphilum

434 1953 507 2001 ·A.
530 1951 564 2008 i,
587 1956 635 2000 8.
655 1957 722 2003 22
760 1953 903 2004 Nunc
923 1957 975 2004 id
1008 1958 1202 2020 prodeo,
1243 1966 1296 2006 ut
1328 1974 1501 2007 conve-

446 2017 571 2065 niam
596 2017 936 2068 Parmenonem
969 2021 1061 2069 Eu.
1082 2037 1129 2076 v,
1153 2027 1202 2071 7.
1224 2028 1256 2073 4
1286 2024 1502 2071 Transito

447 2083 507 2130 ad
543 2097 734 2130 uxorem
772 2100 943 2142 meam,
986 2094 1041 2134 ut
1072 2087 1325 2134 conveniat
1362 2088 1503 2142 hanc.

447 2147 715 2212 priusquam
737 2149 851 2196 hinc
872 2151 1011 2199 abeat
1041 2150 1132 2198 Ph.
1154 2150 1219 2206 iv,
1236 2156 1284 2200 5.
1307 2155 1339 2200 7
1371 2150 1503 2198 Num

446 2212 664 2258 videntur
684 2215 937 2262 convenire
959 2217 1061 2264 haec
1083 2214 1262 2278 nuptiis
1281 2217 1299 2262 ἓ
1351 2213 1411 2262 Α.
1450 2215 1503 2271 ii,

446 2279 497 2324 2.
520 2281 587 2325 20
621 2275 891 2327 Convenire
914 2287 965 2327 et
983 2279 1210 2344 conloqui
1248 2279 1339 2328 Eu.
1362 2279 1431 2336 iii,
1454 2284 1503 2330 2.

447 2343 509 2390 14
546 2339 792 2405 Quicquid
816 2351 907 2402 est,
930 2344 1037 2392 volo
1060 2345 1197 2401 scire,
1234 2353 1379 2407 atque
1418 2345 1504 2392 ho-

448 2404 622 2452 minem
639 2407 891 2457 convenire
922 2407 1019 2457 Ad.
1042 2409 1076 2465 i,
1099 2412 1148 2460 2.
1171 2413 1237 2460 74
1271 2408 1367 2458 Dic
1390 2425 1502 2457 eon·

420 2469 661 2531 'venisse3
685 2473 837 2537 egisse
859 2481 906 2523 te
922 2473 985 2523 de
1000 2473 1181 2539 nuptiis
1214 2474 1338 2523 Hea.
1368 2473 1432 2530 iv,
1455 2477 1502 2523 8.

448 2539 512 2584 28
547 2534 616 2583 Ut
635 2552 810 2600 rogem,
834 2540 961 2603 quod
984 2547 1172 2601 tempus
1188 2538 1503 2588 conveniendi

446 2599 591 2661 patris
626 2616 701 2649 me
738 2618 907 2665 capere
934 2602 1139 2667 jubeat?
1187 2604 1279 2653 Ph.
1321 2620 1366 2660 v,
1394 2607 1445 2653 4.
1472 2609 1505 2653 9

443 2664 693 2721 Quantum
743 2674 918 2730 potest,
970 2684 1097 2715 nunc
1152 2667 1506 2716 conveniendus

447 2728 674 2777 Phormio
718 2738 791 2779 est
842 2733 934 2781 Ph.
976 2750 1024 2789 v,
1047 2737 1095 2781 7.
1116 2734 1147 2779 8
1205 2731 1386 2781 Laches
1428 2747 1507 2780 me

447 2808 573 2841 nunc
597 2802 879 2843 conventam
902 2812 1003 2844 esse
1024 2795 1207 2858 expetit
1255 2794 1350 2844 He.
1386 2812 1431 2850 v,
1456 2800 1505 2843 1.

448 2862 472 2906 1
513 2858 658 2914 Quod
694 2860 919 2907 constitui
954 2876 1031 2907 me
1066 2858 1209 2905 hodie
1246 2865 1506 2907 conventu-

446 2937 549 2969 rum
570 2938 681 2968 eum
714 2922 810 2971 He.
830 2922 902 2978 iii,
923 2926 973 2970 4.
998 2926 1062 2971 28
1110 2921 1217 2969 Nee
1248 2931 1506 2969 conventu-

444 3002 550 3032 rum
572 2986 695 3031 inter
714 3000 801 3032 nos
822 2986 1018 3048 posthac
1050 3000 1151 3032 esse
1173 2984 1367 3033 arbitror
1416 2985 1508 3037 He.

444 3050 513 3107 iv,
534 3051 586 3097 4.
610 3051 674 3096 87
728 3048 986 3107 Constitui,
1008 3065 1084 3097 me
1106 3064 1207 3097 esse
1228 3048 1360 3096 illum
1393 3066 1508 3098 con·

447 3119 695 3159 venturam
729 3113 824 3163 He.
848 3114 881 3168 i,
904 3119 952 3163 2.
976 3117 1068 3163 121

514 3176 808 3227 Conventus.
844 3178 1084 3227 Comitum
1100 3183 1378 3235 conventus,
1392 3184 1505 3227 stre-

450 3241 581 3304 pitus
616 3240 710 3289 He.
735 3241 837 3291 Alt.
860 3241 989 3293 Prol.
1012 3246 1073 3291 27

518 3303 757 3354 Converte
803 3306 877 3353 vel
932 3307 1189 3355 Converte.
1252 3305 1509 3356 Transacta

449 3384 517 3422 re,
540 3378 813 3417 convortam
835 3386 911 3418 me
933 3372 1125 3418 domum
1159 3370 1258 3420 Ad.
1296 3371 1349 3428 ii,
1370 3378 1419 3423 4.
1440 3376 1505 3422 22

452 3431 609 3480 Deum
634 3450 735 3482 sese
757 3434 807 3481 in
831 3435 1066 3483 hominem
1086 3434 1371 3484 convertisse
1410 3436 1504 3486 Eu.

451 3497 523 3553 iii,
540 3502 589 3546 5.
611 3503 679 3548 40
733 3498 848 3546 Non
887 3514 1025 3562 posse
1058 3498 1159 3563 jam
1204 3500 1264 3546 ad
1308 3500 1505 3553 salutem

454 3563 663 3610 converti
684 3564 775 3611 hoc
799 3564 972 3611 malum
1005 3562 1069 3611 A.
1091 3563 1157 3620 iv,
1178 3567 1229 3612 1.
1248 3566 1315 3612 ⁴9

519 3626 817 3679 convicium.
880 3626 1009 3677 Ante
1041 3628 1168 3675 mdes
1196 3642 1293 3674 non
1322 3626 1506 3683 fecisse,

455 3689 545 3737 erit
567 3691 751 3749 melius,
773 3692 851 3741 hic
872 3691 1137 3741 convicium
1171 3690 1267 3741 Ad.
1294 3691 1348 3753 ii,
1370 3696 1421 3739 1.
1441 3694 1509 3740 20

520 3754 786 3804 Convinco.
859 3772 865 3781 ·
885 3756 1155 3806 Convincas
1207 3770 1309 3803 esse
1375 3753 1507 3801 illum

454 3820 624 3865 tuum?
661 3819 786 3870 Hea.
809 3836 859 3875 v,
880 3825 929 3871 8.
955 3825 1015 3870 16
1063 3819 1331 3870 Convincas
1370 3818 1509 3868 facile

454 3898 511 3929 ex
535 3890 583 3930 te
604 3891 767 3931 natum
801 3884 924 3934 Hea.
945 3902 993 3941 v,
1016 3888 1064 3933 8.
1089 3888 1151 3933 18

452 3960 459 3971 ·
519 3946 751 3999 Conviva.
815 3949 938 3995 Tum
970 3965 1045 3997 me
1076 3947 1323 3997 conviVam
1356 3948 1508 3998 solum

452 4010 724 4061 abducebat
762 4011 854 4060 sibi
901 4011 994 4061 Eu.
1026 4011 1101 4068 iii.
1125 4017 1171 4061 1.
1195 4015 1257 4061 17
1308 4011 1510 4075 Egomet

451 4076 676 4125 convivas
698 4092 849 4124 moror
881 4076 1006 4127 Hea.
1030 4077 1064 4132 i,
1087 4080 1135 4125 l.
1154 4080 1251 4126 120

494 4139 821 4189 ‘Convivium
901 4140 962 4189 In
1016 4140 1282 4188 convivium
1334 4138 1463 4187 illam
1488 4140 1507 4186 ?

454 4200 717 4312 Sadducas)
760 4205 852 4255 Eu.
882 4205 950 4262 iv,
977 4209 1111 4254 1.·12
1164 4203 1408 4267 Apparere
1446 4204 1508 4251 de

488 4266 533 4314 ie
553 4270 823 4317 convivium
857 4270 951 4318 Ad.
976 4286 1022 4325 v,
1043 4272 1093 4318 9.
1117 4272 1149 4317 8
1206 4268 1415 4331 Antiqua
1456 4279 1509 4315 ut

455 4332 799 4385 consuetudine
834 4333 1057 4400 agitarem
1091 4332 1234 4382 libere
1265 4331 1389 4382 inter
1425 4344 1509 4381 vos

2475 445 2626 516 lxi-ii

1574 607 1840 657 convivium
1875 607 1968 656 He.
1989 609 2025 666 i,
2044 614 2092 660 2.
2110 613 2174 660 18
2207 611 2316 668 Quo
2334 622 2472 678 pacto
2491 615 2626 670 Rho-

1575 674 1704 721 dium
1749 673 1979 737 tetigerim
2014 668 2084 721 in⁸
2099 677 2314 724 convivio
2369 679 2462 728 Eu.
2482 681 2555 739 iii,
2580 689 2628 734 1.

1576 741 1642 786 80
1675 736 1787 784 Una
1807 738 1856 784 in
1879 737 2098 787 convivio
2120 747 2218 788 erat
2238 741 2314 790 hic
2361 743 2453 793 Eu.
2478 745 2550 805 iii,
2574 753 2628 800 1.

1556 802 1643 851 42
1689 799 1782 849 Ille
1803 816 1932 849 suam
1955 816 2137 867 semper
2158 805 2256 868 egit
2272 805 2416 854 vitum
2437 809 2488 856 in
2511 813 2633 870 otio.

1575 865 1625 914 in
1650 865 1880 914 conviviis
1910 864 2009 914 Ad.
2033 884 2079 924 v,
2101 873 2152 918 4.
2174 873 2209 918 9

1643 929 1896 981 Convivor.
1961 929 2149 980 Nolunt
2191 935 2352 983 crebro
2407 940 2630 990 conviva·

1576 993 1669 1042 rier
1700 994 1823 1042 Hea.
1847 995 1882 1052 i,
1900 999 1948 1048 2.
1973 1001 2036 1046 82

1645 1058 1877 1107 Convolo.
1941 1059 2156 1124 Populus
2177 1063 2426 1112 convolat:
2460 1069 2633 1118 tumul.

1576 1129 1768 1170 tuantur
1799 1123 1893 1173 He.
1918 1122 2023 1175 Alt.
2045 1125 2174 1177 Prol.
2197 1131 2262 1176 82

1643 1188 1816 1251 Copia.
1884 1189 2108 1246 Perfecit,
2131 1191 2220 1238 sibi
2257 1199 2310 1240 ut
2341 1191 2634 1256 inspiciundi

1576 1259 1702 1300 esset
1723 1251 1860 1314 copia
1895 1252 1985 1302 Eu.
2022 1253 2166 1316 Prot..
2181 1260 2244 1306 21
2301 1256 2352 1304 Si
2397 1273 2496 1305 non
2529 1267 2632 1308 tan-

1578 1315 1723 1378 gendi
1759 1317 1900 1380 eopia
1933 1325 2005 1365 est
2055 1318 2148 1368 Eu.
2185 1321 2251 1377 iv,
2273 1324 2322 1371 2.
2347 1324 2407 1370 11
2437 1321 2636 1374 'Amica

1578 1387 1734 1428 tecum
1756 1380 1858 1429 sine
1879 1388 2008 1430 metu
2032 1390 2086 1430 ut
2105 1384 2182 1440 sit.
2219 1385 2360 1448 copia
2393 1393 2468 1434 est
2511 1382 2637 1436 Hea.

1576 1444 1632 1502 ii,
1647 1448 1696 1493 8.
1711 1449 1772 1494 87
1809 1445 1914 1508 Ego
1927 1447 1976 1494 in
1993 1462 2101 1494 eum
2119 1448 2264 1498 incidi
2278 1448 2443 1497 infelix
2460 1449 2635 1509 locum,

1576 1516 1632 1556 ut
1655 1524 1810 1572 neque
1827 1510 1943 1559 mihi
1965 1510 2069 1574 ejus
2090 1512 2153 1560 sit
2171 1513 2436 1569 amittendi,
2454 1530 2544 1564 nec
2561 1531 2633 1564 re·

1576 1573 1760 1621 tinendi
1781 1574 1919 1638 copia
1969 1575 2064 1625 Ph.
2099 1575 2136 1632 i,
2159 1580 2210 1625 8.
2229 1581 2294 1626 24
2343 1577 2516 1640 Neque
2552 1581 2635 1644 pol

1576 1637 1768 1686 consilii
1791 1638 1944 1686 locum
1967 1640 2138 1697 habeo,
2165 1655 2322 1704 neque
2356 1642 2518 1690 auxilii
2553 1660 2634 1692 co-

1579 1702 1706 1763 piam
1756 1701 1822 1750 A.
1845 1701 1899 1758 ii,
1924 1709 1970 1753 1.
1993 1709 2060 1754 20
2110 1703 2238 1752 Date
2272 1707 2514 1754 crescendi
2553 1724 2635 1757 co-

1577 1766 1705 1842 piam
1723 1783 1740 1825 ;
1778 1769 2130 1844 novarum-‘qui
2171 1769 2418 1832 spectandi
2455 1771 2636 1821 faciunt

1574 1845 1782 1942 §ftis-{la
1797 1832 2523 1946 izedxiilistuliireaexiftluorlnsffgi
2549 1841 2634 1949 cz?

1571 1959 1705 2021 'piam
1763 1959 1888 2008 Hea.
1928 1961 1981 2021 ii,
2001 1965 2049 2009 8.
2071 1966 2133 2010 41
2193 1961 2272 2009 Ne
2314 1978 2456 2026 quam
2493 1964 2635 2013 aliam

1575 2031 1758 2085 qnaerat
1776 2024 1982 2086 copiam,
2006 2039 2062 2074 ac
2085 2032 2132 2074 te
2155 2026 2335 2074 deserat
2369 2026 2492 2074 Hes.
2514 2044 2562 2084 v,
2586 2034 2634 2079 l.

1578 2092 1644 2136 54
1676 2086 1922 2145 Obsecrat,
1945 2089 2035 2135 sibi
2059 2097 2112 2136 ut
2146 2088 2250 2152 ejus
2271 2090 2415 2138 facist
2445 2092 2632 2154 copiam

1578 2149 1671 2198 Pb.
1700 2149 1737 2206 i,
1761 2156 1808 2199 2.
1830 2155 1892 2199 68
1944 2151 2075 2208 Quid
2118 2168 2208 2216 ego
2243 2169 2302 2200 ex
2343 2155 2432 2202 ltsc
2475 2155 2638 2219 inopia

1578 2229 1706 2262 nunc
1727 2215 1910 2278 capiam
1926 2232 1943 2275 ;
1965 2222 2014 2264 et
2043 2215 2160 2280 quid
2191 2223 2244 2263 tu
2283 2232 2338 2264 ex
2377 2218 2468 2266 bac
2499 2219 2639 2282 copia

1579 2279 1671 2327 Ph.
1691 2279 1728 2335 i,
1753 2282 1800 2329 8.
1825 2284 1885 2328 15

1643 2343 1830 2406 Copiae,
1865 2359 2013 2394 arum.
2078 2342 2139 2390 In
2173 2352 2420 2408 angustum
2455 2345 2635 2409 oppido

1576 2424 1705 2456 nunc
1731 2421 1845 2454 meae
1866 2415 2098 2472 coguntur
2114 2410 2267 2472 copias
2301 2409 2426 2460 Hea.
2448 2411 2515 2467 iv,
2535 2415 2583 2460 2.
2603 2417 2636 2462 2

1576 2471 1790 2521 Militem
1813 2488 1972 2522 secum
1993 2474 2055 2521 ad
2077 2479 2124 2521 te
2140 2481 2342 2539 quantas
2363 2474 2526 2541 copias
2548 2476 2634 2524 ad-

1577 2537 1788 2586 ducere?
1824 2536 1918 2585 Eu.
1941 2538 2006 2595 iv,
2029 2542 2079 2587 6.
2103 2542 2164 2587 17

1586 2620 1595 2625 ·
1645 2601 1833 2665 Coquo.
1901 2599 2062 2665 Atque
2108 2602 2190 2659 ibi,
2243 2601 2419 2651 favillae
2473 2604 2634 2666 plena,

1579 2666 1716 2721 fumi,
1739 2680 1795 2713 ac
1817 2665 2023 2728 pollinis,
2047 2667 2296 2729 coquendo
2325 2668 2386 2715 sit
2421 2667 2548 2725 faxo,
2587 2677 2639 2717 et

1580 2730 1803 2777 molendo
1837 2728 1936 2777 Ad.
1957 2745 2006 2787 v,
2029 2733 2077 2777 8.
2093 2734 2156 2779 ol

1647 2793 1862 2866 Coquus.
1929 2791 2227 2840 Concurrunt
2246 2793 2342 2840 laeti
2363 2794 2430 2841 mi
2446 2796 2634 2843 obviam

1580 2855 2084 2969 chpegxrisrssssomnes,
2116 2856 2296 2913 cetarii,
2329 2857 2460 2914 lanii,
2493 2861 2638 2922 coqui

1629 2936 1676 2968 u.
1697 2935 1749 2975 n,
1805 2954 1819 2968 .

1651 2983 1764 3033 Cor.
1832 2981 1936 3031 Aut
1955 2982 2044 3031 tibi
2065 2982 2244 3046 nuptiae
2264 2984 2340 3031 hae
2362 2993 2472 3033 sunt
2492 2986 2640 3035 cordi.

1581 3047 1673 3097 Pa.
1716 3046 1896 3097 Cordi?
1938 3050 2001 3095 A.
2035 3048 2092 3104 ii,
2121 3052 2167 3096 1.
2198 3050 2264 3095 28
2314 3048 2486 3112 Neque
2529 3066 2636 3099 meo

1581 3113 1715 3161 cordi
1736 3128 1839 3161 esse
1861 3126 2129 3175 quenquam
2152 3110 2374 3159 cariorem
2390 3114 2482 3161 hoc
2495 3114 2637 3162 Pho-

1580 3177 1684 3226 dria
1716 3176 1810 3225 Eu.
1835 3176 1868 3232 i,
1891 3180 1940 3227 2.
1967 3178 2060 3225 121
2096 3174 2308 3237 Uterque
2342 3177 2531 3240 utrique
2567 3187 2640 3227 est

1576 3241 1715 3289 cordi
1751 3241 1838 3289 Ph.
1857 3256 1908 3301 v,
1929 3246 1976 3290 8.
1998 3244 2058 3288 17
2089 3238 2218 3288 Cura
2240 3256 2297 3288 ex
2313 3240 2456 3290 corde
2477 3258 2637 3291 exces-

1578 3304 1643 3353 sit
1695 3304 1791 3354 He.
1829 3304 1902 3359 iii,
1923 3310 1972 3355 2.
2003 3306 2065 3353 12
2117 3303 2225 3352 Jam
2259 3304 2486 3354 instructa
2528 3315 2640 3356 sunt

1578 3370 1697 3417 mihi
1719 3370 1767 3417 in
1785 3368 1926 3418 eorde
1947 3368 2146 3418 consilia
2166 3369 2326 3416 omnia
2357 3370 2447 3418 Ph.
2469 3370 2525 3428 ii,
2541 3375 2590 3421 2.
2603 3376 2636 3422 7

1647 3435 1838 3485 Coram.
1904 3432 2020 3481 Non
2061 3434 2321 3498 imperabat
2362 3450 2518 3483 coram
2567 3434 2635 3487 A.

1578 3497 1654 3558 iii,
1676 3502 1726 3548 2.
1752 3502 1815 3548 10
1851 3496 1981 3555 Sine,
2005 3496 2138 3545 illum
2166 3498 2261 3546 huc
2294 3513 2451 3546 coram
2482 3498 2635 3549 addu-

1579 3576 1686 3609 cam
1734 3562 1801 3611 A.
1837 3578 1886 3617 v,
1906 3566 1953 3611 8.
1974 3565 2041 3611 29
2089 3560 2329 3625 Rogitas?
2371 3576 2479 3625 qun
2521 3564 2637 3611 mihi

1580 3633 1693 3674 ante
1735 3625 1898 3675 oeulos
1938 3640 2092 3675 coram
2138 3632 2390 3673 amatorem
2438 3626 2638 3675 adduxti

1582 3691 1748 3740 tuum!
1782 3690 1874 3737 Eu.
1896 3690 1960 3744 iv,
1981 3694 2032 3739 7.
2053 3694 2117 3739 24
2153 3689 2252 3745 Ah,
2281 3704 2444 3738 vereor
2479 3704 2635 3737 coram

1579 3753 1636 3801 in
1673 3770 1728 3803 os
1762 3760 1809 3802 te
1847 3753 2037 3801 laudare
2075 3752 2276 3816 amplius
2329 3752 2428 3801 Ad.
2455 3752 2508 3809 ii,
2528 3758 2580 3801 4.
2602 3758 2633 3802 ⁵

1582 3818 1755 3867 Coram
1788 3818 1944 3880 ipsum
1981 3816 2101 3864 cedo
2158 3815 2256 3866 Ad.
2289 3816 2361 3874 iii,
2383 3822 2431 3867 4.
2453 3820 2519 3864 88
2566 3816 2637 3864 Te

1581 3880 2323 4002 itudpxsstfflfifflass‘ffis
2343 3879 2636 3993 ἕιῖἓιῖιξίῗὲῗ

1771 3980 1784 3994 .
1855 3981 1872 4006 ,
1927 3980 1940 3995 .

1581 4025 1680 4059 ram
1703 4026 1776 4059 me
1792 4010 2090 4057 incusaveras
2123 4008 2212 4057 Ph.
2234 4024 2280 4064 v,
2302 4013 2350 4056 7.
2375 4012 2439 4057 21

1649 4074 1937 4124 Corinthius.
2001 4072 2040 4139 ξ’
2043 4072 2113 4121 uit
2133 4072 2348 4135 quandam
2386 4088 2503 4120 anus
2537 4072 2632 4121 Co-

1580 4139 1754 4189 rinthia
1776 4138 1853 4187 hic
1887 4138 2012 4186 Hea.
2035 4135 2108 4191 iii,
2130 4140 2178 4185 8.
2201 4140 2267 4185 89
2303 4137 2418 4184 Erat
2436 4137 2514 4185 hic
2538 4137 2634 4187 Co·

1578 4200 1757 4251 'rinthia
1779 4217 1913 4259 anus,
1935 4201 2060 4249 baud
2095 4200 2278 4264 impura
2327 4201 2451 4251 Hea-
2487 4203 2555 4259 iv,
2588 4207 2633 4251 1.

1574 4350 1587 4355 ·
1649 4328 1918 4381 Corinthus.
1986 4329 2107 4386 Quae
2144 4344 2251 4381 cum
2283 4329 2435 4382 milite
2465 4328 2632 4385 Corin·
2672 4371 2678 4376 .
