<?xml version="1.0" encoding="UTF-8"?>
<!DOCTYPE html PUBLIC "-//W3C//DTD XHTML 1.0 Transitional//EN"
    "http://www.w3.org/TR/xhtml1/DTD/xhtml1-transitional.dtd">
<html xmlns="http://www.w3.org/1999/xhtml" xml:lang="en" lang="en">
 <head>
  <title>
</title>
<meta http-equiv="Content-Type" content="text/html;charset=utf-8" />
  <meta name='ocr-system' content='tesseract 3.04.00' />
  <meta name='ocr-capabilities' content='ocr_page ocr_carea ocr_par ocr_line ocrx_word'/>
</head>
<body>
  <div class='ocr_page' id='page_1' title='image "./comoedisex09westgoog_0319.png"; bbox 0 0 3192 4975; ppageno 0'>
   <div class='ocr_carea' id='block_1_1' title="bbox 1279 424 1883 479">
    <p class='ocr_par' dir='ltr' id='par_1_1' title="bbox 1279 424 1883 479">
     <span class='ocr_line' id='line_1_1' title="bbox 1279 424 1883 479; baseline -0.005 -3"><span class='ocrx_word' id='word_1_1' title='bbox 1279 424 1356 477; x_wconf 69' lang='lat' dir='ltr'><strong>IN</strong></span> <span class='ocrx_word' id='word_1_2' title='bbox 1405 424 1883 479; x_wconf 71' lang='lat' dir='ltr'>TERENTIUM·</span> 
     </span>
    </p>
   </div>
   <div class='ocr_carea' id='block_1_2' title="bbox 427 577 1544 4383">
    <p class='ocr_par' dir='ltr' id='par_1_2' title="bbox 487 577 1540 764">
     <span class='ocr_line' id='line_1_2' title="bbox 552 577 1540 635; baseline 0 -7"><span class='ocrx_word' id='word_1_3' title='bbox 552 577 766 635; x_wconf 69' lang='lat' dir='ltr'><strong>Innatus,</strong></span> <span class='ocrx_word' id='word_1_4' title='bbox 789 591 836 635; x_wconf 78' lang='lat' dir='ltr'><strong>a,</strong></span> <span class='ocrx_word' id='word_1_5' title='bbox 871 594 966 627; x_wconf 85' lang='lat' dir='ltr'><strong>um.</strong></span> <span class='ocrx_word' id='word_1_6' title='bbox 1028 577 1180 627; x_wconf 78' lang='lat' dir='ltr'><strong>Tanta</strong></span> <span class='ocrx_word' id='word_1_7' title='bbox 1213 580 1432 627; x_wconf 72' lang='lat' dir='ltr'><strong>vecordia</strong></span> <span class='ocrx_word' id='word_1_8' title='bbox 1464 580 1540 629; x_wconf 86' lang='lat' dir='ltr'><strong>iu-</strong></span> 
     </span>
     <span class='ocr_line' id='line_1_3' title="bbox 487 642 1540 707; baseline -0.001 -13"><span class='ocrx_word' id='word_1_9' title='bbox 487 655 600 694; x_wconf 63' lang='grc' dir='ltr'><strong>παίει</strong></span> <span class='ocrx_word' id='word_1_10' title='bbox 623 646 836 707; x_wconf 78' lang='lat' dir='ltr'><strong>cuiquam</strong></span> <span class='ocrx_word' id='word_1_11' title='bbox 860 652 914 689; x_wconf 90' lang='lat' dir='ltr'><strong>ut</strong></span> <span class='ocrx_word' id='word_1_12' title='bbox 933 642 1024 690; x_wconf 85' lang='lat' dir='ltr'><strong>siet</strong></span> <span class='ocrx_word' id='word_1_13' title='bbox 1058 643 1122 691; x_wconf 88' lang='lat' dir='ltr'><strong>A.</strong></span> <span class='ocrx_word' id='word_1_14' title='bbox 1147 646 1212 697; x_wconf 83' lang='lat' dir='ltr'><strong>iv,</strong></span> <span class='ocrx_word' id='word_1_15' title='bbox 1232 650 1275 693; x_wconf 90' lang='grc'><strong>1.</strong></span> <span class='ocrx_word' id='word_1_16' title='bbox 1293 650 1324 692; x_wconf 89' lang='grc'><strong>2</strong></span> <span class='ocrx_word' id='word_1_17' title='bbox 1357 645 1415 692; x_wconf 89' lang='lat' dir='ltr'><strong>Id</strong></span> <span class='ocrx_word' id='word_1_18' title='bbox 1439 662 1540 693; x_wconf 86' lang='lat' dir='ltr'><strong>om-</strong></span> 
     </span>
     <span class='ocr_line' id='line_1_4' title="bbox 487 707 1319 764; baseline -0.001 -5"><span class='ocrx_word' id='word_1_19' title='bbox 487 712 624 759; x_wconf 87' lang='lat' dir='ltr'><strong>nibus</strong></span> <span class='ocrx_word' id='word_1_20' title='bbox 648 710 854 755; x_wconf 86' lang='lat' dir='ltr'><strong>innatum</strong></span> <span class='ocrx_word' id='word_1_21' title='bbox 878 716 950 755; x_wconf 80' lang='lat' dir='ltr'><strong>est</strong></span> <span class='ocrx_word' id='word_1_22' title='bbox 981 707 1076 757; x_wconf 88' lang='lat' dir='ltr'><strong>He.</strong></span> <span class='ocrx_word' id='word_1_23' title='bbox 1100 708 1161 764; x_wconf 82' lang='lat' dir='ltr'><strong>iv,</strong></span> <span class='ocrx_word' id='word_1_24' title='bbox 1186 714 1232 757; x_wconf 90' lang='grc'><strong>1.</strong></span> <span class='ocrx_word' id='word_1_25' title='bbox 1255 714 1319 757; x_wconf 82' lang='grc'><strong>28</strong></span> 
     </span>
    </p>

    <p class='ocr_par' dir='ltr' id='par_1_3' title="bbox 485 772 1542 893">
     <span class='ocr_line' id='line_1_5' title="bbox 553 772 1542 837; baseline -0.001 -15"><span class='ocrx_word' id='word_1_26' title='bbox 553 776 800 822; x_wconf 77' lang='lat' dir='ltr'><strong>Innocens.</strong></span> <span class='ocrx_word' id='word_1_27' title='bbox 865 772 1000 820; x_wconf 82' lang='lat' dir='ltr'><strong>Ferte</strong></span> <span class='ocrx_word' id='word_1_28' title='bbox 1031 774 1214 835; x_wconf 84' lang='lat' dir='ltr'><strong>misero,</strong></span> <span class='ocrx_word' id='word_1_29' title='bbox 1235 783 1376 837; x_wconf 77' lang='lat' dir='ltr'><strong>atque</strong></span> <span class='ocrx_word' id='word_1_30' title='bbox 1407 773 1542 821; x_wconf 85' lang='lat' dir='ltr'><strong>inno·</strong></span> 
     </span>
     <span class='ocr_line' id='line_1_6' title="bbox 485 836 1212 893; baseline -0.001 -5"><span class='ocrx_word' id='word_1_31' title='bbox 485 840 610 888; x_wconf 80' lang='lat' dir='ltr'><strong>ceuti</strong></span> <span class='ocrx_word' id='word_1_32' title='bbox 629 836 888 885; x_wconf 75' lang='lat' dir='ltr'><strong>auxilium!</strong></span> <span class='ocrx_word' id='word_1_33' title='bbox 922 836 1018 884; x_wconf 76' lang='lat' dir='ltr'><strong>Ad.</strong></span> <span class='ocrx_word' id='word_1_34' title='bbox 1038 837 1092 893; x_wconf 87' lang='lat' dir='ltr'><strong>ii,</strong></span> <span class='ocrx_word' id='word_1_35' title='bbox 1117 842 1161 887; x_wconf 84' lang='lat'><strong>1.</strong></span> <span class='ocrx_word' id='word_1_36' title='bbox 1185 843 1212 887; x_wconf 85' lang='lat'>1</span> 
     </span>
    </p>

    <p class='ocr_par' dir='ltr' id='par_1_4' title="bbox 482 901 1542 1151">
     <span class='ocr_line' id='line_1_7' title="bbox 547 901 1542 961; baseline 0 -12"><span class='ocrx_word' id='word_1_37' title='bbox 547 904 719 950; x_wconf 79' lang='lat' dir='ltr'><strong>Inmm.</strong></span> <span class='ocrx_word' id='word_1_38' title='bbox 788 901 944 961; x_wconf 84' lang='lat' dir='ltr'><strong>Nihil,</strong></span> <span class='ocrx_word' id='word_1_39' title='bbox 963 902 1052 947; x_wconf 82' lang='lat' dir='ltr'><strong>nisi</strong></span> <span class='ocrx_word' id='word_1_40' title='bbox 1068 902 1230 950; x_wconf 82' lang='lat' dir='ltr'><strong>abiens</strong></span> <span class='ocrx_word' id='word_1_41' title='bbox 1251 902 1364 949; x_wconf 87' lang='lat' dir='ltr'><strong>mihi</strong></span> <span class='ocrx_word' id='word_1_42' title='bbox 1385 902 1542 949; x_wconf 78' lang='lat' dir='ltr'><strong>innuit</strong></span> 
     </span>
     <span class='ocr_line' id='line_1_8' title="bbox 482 966 1540 1023; baseline 0 -8"><span class='ocrx_word' id='word_1_43' title='bbox 482 968 575 1015; x_wconf 81' lang='lat' dir='ltr'><strong>Eu.</strong></span> <span class='ocrx_word' id='word_1_44' title='bbox 599 969 663 1021; x_wconf 80' lang='lat' dir='ltr'><strong>iv.</strong></span> <span class='ocrx_word' id='word_1_45' title='bbox 685 974 733 1015; x_wconf 86' lang='grc'><strong>5.</strong></span> <span class='ocrx_word' id='word_1_46' title='bbox 757 971 790 1015; x_wconf 87' lang='grc'><strong>9</strong></span> <span class='ocrx_word' id='word_1_47' title='bbox 823 966 935 1013; x_wconf 91' lang='lat' dir='ltr'><strong>Non</strong></span> <span class='ocrx_word' id='word_1_48' title='bbox 950 966 1194 1015; x_wconf 73' lang='lat' dir='ltr'><strong>innuet-am</strong></span> <span class='ocrx_word' id='word_1_49' title='bbox 1229 966 1323 1015; x_wconf 83' lang='lat' dir='ltr'><strong>Ad.</strong></span> <span class='ocrx_word' id='word_1_50' title='bbox 1343 968 1398 1023; x_wconf 79' lang='lat' dir='ltr'><strong>ii,</strong></span> <span class='ocrx_word' id='word_1_51' title='bbox 1413 972 1458 1017; x_wconf 90' lang='lat'><strong>1.</strong></span> <span class='ocrx_word' id='word_1_52' title='bbox 1475 972 1540 1015; x_wconf 88' lang='grc'><strong>20</strong></span> 
     </span>
     <span class='ocr_line' id='line_1_9' title="bbox 482 1030 1537 1095; baseline -0.001 -17"><span class='ocrx_word' id='word_1_53' title='bbox 482 1032 560 1080; x_wconf 82' lang='lat' dir='ltr'><strong>Ne</strong></span> <span class='ocrx_word' id='word_1_54' title='bbox 581 1046 707 1079; x_wconf 74' lang='lat' dir='ltr'><strong>mom</strong></span> <span class='ocrx_word' id='word_1_55' title='bbox 729 1032 806 1085; x_wconf 87' lang='lat' dir='ltr'><strong>sit,</strong></span> <span class='ocrx_word' id='word_1_56' title='bbox 828 1031 868 1077; x_wconf 85' lang='lat' dir='ltr'><strong>si</strong></span> <span class='ocrx_word' id='word_1_57' title='bbox 888 1030 1085 1078; x_wconf 84' lang='lat' dir='ltr'>innuero</span> <span class='ocrx_word' id='word_1_58' title='bbox 1099 1066 1112 1088; x_wconf 95' lang='lat'><strong>,</strong></span> <span class='ocrx_word' id='word_1_59' title='bbox 1141 1032 1256 1094; x_wconf 86' lang='lat' dir='ltr'><strong>quin</strong></span> <span class='ocrx_word' id='word_1_60' title='bbox 1277 1046 1464 1095; x_wconf 81' lang='lat' dir='ltr'><strong>pugnus</strong></span> <span class='ocrx_word' id='word_1_61' title='bbox 1485 1031 1537 1078; x_wconf 89' lang='lat' dir='ltr'><strong>in</strong></span> 
     </span>
     <span class='ocr_line' id='line_1_10' title="bbox 483 1094 1158 1151; baseline 0 -8"><span class='ocrx_word' id='word_1_62' title='bbox 483 1096 607 1144; x_wconf 85' lang='lat' dir='ltr'><strong>mala</strong></span> <span class='ocrx_word' id='word_1_63' title='bbox 630 1098 806 1143; x_wconf 65' lang='lat' dir='ltr'><strong>haereat</strong></span> <span class='ocrx_word' id='word_1_64' title='bbox 839 1094 934 1143; x_wconf 83' lang='lat' dir='ltr'><strong>Ad.</strong></span> <span class='ocrx_word' id='word_1_65' title='bbox 957 1094 1011 1151; x_wconf 88' lang='lat' dir='ltr'><strong>ii,</strong></span> <span class='ocrx_word' id='word_1_66' title='bbox 1039 1101 1080 1144; x_wconf 91' lang='grc'><strong>1.</strong></span> <span class='ocrx_word' id='word_1_67' title='bbox 1101 1101 1158 1145; x_wconf 92' lang='grc'><strong>17</strong></span> 
     </span>
    </p>

    <p class='ocr_par' dir='ltr' id='par_1_5' title="bbox 480 1159 1536 1287">
     <span class='ocr_line' id='line_1_11' title="bbox 545 1159 1536 1223; baseline -0.002 -16"><span class='ocrx_word' id='word_1_68' title='bbox 545 1161 730 1223; x_wconf 88' lang='lat' dir='ltr'><strong>Inopia.</strong></span> <span class='ocrx_word' id='word_1_69' title='bbox 811 1159 993 1206; x_wconf 86' lang='lat' dir='ltr'><strong>Harum</strong></span> <span class='ocrx_word' id='word_1_70' title='bbox 1045 1160 1204 1207; x_wconf 80' lang='lat' dir='ltr'><strong>videre</strong></span> <span class='ocrx_word' id='word_1_71' title='bbox 1261 1159 1536 1223; x_wconf 85' lang='lat' dir='ltr'><strong>ingluviem,</strong></span> 
     </span>
     <span class='ocr_line' id='line_1_12' title="bbox 480 1223 1534 1287; baseline 0.001 -16"><span class='ocrx_word' id='word_1_72' title='bbox 480 1227 657 1281; x_wconf 82' lang='lat' dir='ltr'><strong>sordes,</strong></span> <span class='ocrx_word' id='word_1_73' title='bbox 679 1224 890 1285; x_wconf 86' lang='lat' dir='ltr'><strong>inopiam</strong></span> <span class='ocrx_word' id='word_1_74' title='bbox 922 1223 1012 1270; x_wconf 88' lang='lat' dir='ltr'><strong>Eu.</strong></span> <span class='ocrx_word' id='word_1_75' title='bbox 1034 1240 1086 1283; x_wconf 78' lang='lat' dir='ltr'><strong>v,</strong></span> <span class='ocrx_word' id='word_1_76' title='bbox 1107 1229 1156 1273; x_wconf 84' lang='lat'><strong>4.</strong></span> <span class='ocrx_word' id='word_1_77' title='bbox 1181 1230 1260 1287; x_wconf 44' lang='lat'><strong>15,</strong></span> <span class='ocrx_word' id='word_1_78' title='bbox 1280 1225 1436 1281; x_wconf 82' lang='lat' dir='ltr'><strong>Quam</strong></span> <span class='ocrx_word' id='word_1_79' title='bbox 1457 1225 1534 1272; x_wconf 90' lang='lat' dir='ltr'><strong>hic</strong></span> 
     </span>
    </p>

    <p class='ocr_par' dir='ltr' id='par_1_6' title="bbox 427 1288 1544 2441">
     <span class='ocr_line' id='line_1_13' title="bbox 547 1288 1536 1352; baseline -0.003 -14"><span class='ocrx_word' id='word_1_80' title='bbox 547 1306 570 1337; x_wconf 88' lang='lat' dir='ltr'><strong>r</strong></span> <span class='ocrx_word' id='word_1_81' title='bbox 588 1288 816 1352; x_wconf 82' lang='lat' dir='ltr'><strong>flagitium</strong></span> <span class='ocrx_word' id='word_1_82' title='bbox 838 1290 908 1335; x_wconf 76' lang='lat' dir='ltr'><strong>ad-</strong></span> <span class='ocrx_word' id='word_1_83' title='bbox 922 1289 1128 1351; x_wconf 80' lang='lat' dir='ltr'><strong>inopiam</strong></span> <span class='ocrx_word' id='word_1_84' title='bbox 1151 1289 1333 1351; x_wconf 82' lang='lat' dir='ltr'><strong>redigat</strong></span> <span class='ocrx_word' id='word_1_85' title='bbox 1356 1296 1536 1351; x_wconf 71' lang='lat' dir='ltr'><strong>patrem</strong></span> 
     </span>
     <span class='ocr_line' id='line_1_14' title="bbox 479 1306 1534 1416; baseline -0.001 -14"><span class='ocrx_word' id='word_1_86' title='bbox 479 1306 602 1402; x_wconf 54' lang='lat' dir='ltr'><strong>Eletus.</strong></span> <span class='ocrx_word' id='word_1_87' title='bbox 625 1368 670 1407; x_wconf 77' lang='lat' dir='ltr'><strong>v.</strong></span> <span class='ocrx_word' id='word_1_88' title='bbox 699 1359 744 1403; x_wconf 89' lang='lat'><strong>1.</strong></span> <span class='ocrx_word' id='word_1_89' title='bbox 767 1358 834 1403; x_wconf 85' lang='grc'><strong>56</strong></span> <span class='ocrx_word' id='word_1_90' title='bbox 863 1352 1038 1415; x_wconf 79' lang='lat' dir='ltr'>Inopia</span> <span class='ocrx_word' id='word_1_91' title='bbox 1056 1361 1106 1401; x_wconf 86' lang='lat' dir='ltr'><strong>et</strong></span> <span class='ocrx_word' id='word_1_92' title='bbox 1125 1362 1428 1416; x_wconf 79' lang='lat' dir='ltr'><strong>cognatorum</strong></span> <span class='ocrx_word' id='word_1_93' title='bbox 1453 1368 1534 1401; x_wconf 87' lang='lat' dir='ltr'><strong>ne-</strong></span> 
     </span>
     <span class='ocr_line' id='line_1_15' title="bbox 481 1416 1536 1482; baseline 0 -17"><span class='ocrx_word' id='word_1_94' title='bbox 481 1417 707 1482; x_wconf 79' lang='lat' dir='ltr'><strong>gligentia</strong></span> <span class='ocrx_word' id='word_1_95' title='bbox 739 1425 906 1465; x_wconf 81' lang='lat' dir='ltr'><strong>coacta</strong></span> <span class='ocrx_word' id='word_1_96' title='bbox 939 1416 1003 1466; x_wconf 91' lang='lat' dir='ltr'><strong>A.</strong></span> <span class='ocrx_word' id='word_1_97' title='bbox 1038 1418 1070 1475; x_wconf 91' lang='lat' dir='ltr'><strong>i,</strong></span> <span class='ocrx_word' id='word_1_98' title='bbox 1113 1423 1159 1467; x_wconf 94' lang='grc'><strong>1.</strong></span> <span class='ocrx_word' id='word_1_99' title='bbox 1193 1423 1259 1467; x_wconf 85' lang='grc'><strong>44</strong></span> <span class='ocrx_word' id='word_1_100' title='bbox 1311 1418 1380 1467; x_wconf 83' lang='lat' dir='ltr'><strong>Ut</strong></span> <span class='ocrx_word' id='word_1_101' title='bbox 1407 1418 1536 1465; x_wconf 87' lang='lat' dir='ltr'><strong>illius</strong></span> 
     </span>
     <span class='ocr_line' id='line_1_16' title="bbox 481 1482 1536 1546; baseline 0.001 -17"><span class='ocrx_word' id='word_1_102' title='bbox 481 1486 689 1530; x_wconf 82' lang='lat' dir='ltr'><strong>animum</strong></span> <span class='ocrx_word' id='word_1_103' title='bbox 741 1483 967 1544; x_wconf 86' lang='lat' dir='ltr'><strong>cupidum</strong></span> <span class='ocrx_word' id='word_1_104' title='bbox 1033 1482 1199 1546; x_wconf 84' lang='lat' dir='ltr'><strong>inopia</strong></span> <span class='ocrx_word' id='word_1_105' title='bbox 1265 1483 1536 1531; x_wconf 79' lang='lat' dir='ltr'>incenderet</span> 
     </span>
     <span class='ocr_line' id='line_1_17' title="bbox 477 1546 1534 1607; baseline -0.003 -12"><span class='ocrx_word' id='word_1_106' title='bbox 477 1546 600 1597; x_wconf 73' lang='lat' dir='ltr'><strong>Hes.</strong></span> <span class='ocrx_word' id='word_1_107' title='bbox 623 1547 679 1607; x_wconf 80' lang='lat' dir='ltr'><strong>ii,</strong></span> <span class='ocrx_word' id='word_1_108' title='bbox 702 1550 749 1595; x_wconf 85' lang='grc'><strong>3.</strong></span> <span class='ocrx_word' id='word_1_109' title='bbox 776 1550 870 1595; x_wconf 97' lang='grc'><strong>126</strong></span> <span class='ocrx_word' id='word_1_110' title='bbox 921 1546 1068 1603; x_wconf 85' lang='lat' dir='ltr'><strong>Quasi</strong></span> <span class='ocrx_word' id='word_1_111' title='bbox 1106 1547 1146 1593; x_wconf 86' lang='lat' dir='ltr'><strong>is</strong></span> <span class='ocrx_word' id='word_1_112' title='bbox 1167 1562 1261 1594; x_wconf 88' lang='lat' dir='ltr'><strong>non</strong></span> <span class='ocrx_word' id='word_1_113' title='bbox 1285 1547 1462 1594; x_wconf 80' lang='lat' dir='ltr'><strong>divitiis</strong></span> <span class='ocrx_word' id='word_1_114' title='bbox 1483 1562 1534 1592; x_wconf 85' lang='lat' dir='ltr'><strong>a-</strong></span> 
     </span>
     <span class='ocr_line' id='line_1_18' title="bbox 477 1610 1534 1675; baseline 0.001 -15"><span class='ocrx_word' id='word_1_115' title='bbox 477 1613 858 1675; x_wconf 75' lang='lat' dir='ltr'><strong>bundet,.gnatus</strong></span> <span class='ocrx_word' id='word_1_116' title='bbox 873 1610 978 1672; x_wconf 85' lang='lat' dir='ltr'><strong>ejus</strong></span> <span class='ocrx_word' id='word_1_117' title='bbox 997 1610 1206 1675; x_wconf 82' lang='lat' dir='ltr'>profugit</span> <span class='ocrx_word' id='word_1_118' title='bbox 1220 1612 1388 1674; x_wconf 77' lang='lat' dir='ltr'><strong>inopie</strong></span> <span class='ocrx_word' id='word_1_119' title='bbox 1408 1612 1534 1661; x_wconf 79' lang='lat' dir='ltr'><strong>Hea.</strong></span> 
     </span>
     <span class='ocr_line' id='line_1_19' title="bbox 479 1676 1532 1733; baseline 0 -10"><span class='ocrx_word' id='word_1_120' title='bbox 479 1678 546 1733; x_wconf 85' lang='lat' dir='ltr'><strong>iii,</strong></span> <span class='ocrx_word' id='word_1_121' title='bbox 581 1682 629 1725; x_wconf 87' lang='grc'><strong>2.</strong></span> <span class='ocrx_word' id='word_1_122' title='bbox 657 1680 713 1725; x_wconf 87' lang='grc'><strong>17</strong></span> <span class='ocrx_word' id='word_1_123' title='bbox 761 1676 834 1722; x_wconf 85' lang='grc' dir='ltr'><strong>Τιι</strong></span> <span class='ocrx_word' id='word_1_124' title='bbox 855 1690 985 1723; x_wconf 87' lang='lat' dir='ltr'><strong>nunc</strong></span> <span class='ocrx_word' id='word_1_125' title='bbox 1015 1676 1100 1722; x_wconf 84' lang='lat' dir='ltr'><strong>tibi</strong></span> <span class='ocrx_word' id='word_1_126' title='bbox 1135 1677 1185 1723; x_wconf 89' lang='lat' dir='ltr'><strong>id</strong></span> <span class='ocrx_word' id='word_1_127' title='bbox 1221 1676 1350 1723; x_wconf 81' lang='lat' dir='ltr'><strong>laudi</strong></span> <span class='ocrx_word' id='word_1_128' title='bbox 1383 1676 1532 1732; x_wconf 86' lang='lat' dir='ltr'><strong>ducis,</strong></span> 
     </span>
     <span class='ocr_line' id='line_1_20' title="bbox 479 1740 1531 1805; baseline 0.001 -17"><span class='ocrx_word' id='word_1_129' title='bbox 479 1741 608 1805; x_wconf 86' lang='lat' dir='ltr'><strong>quod</strong></span> <span class='ocrx_word' id='word_1_130' title='bbox 647 1747 747 1787; x_wconf 83' lang='lat' dir='ltr'><strong>tum</strong></span> <span class='ocrx_word' id='word_1_131' title='bbox 779 1740 936 1787; x_wconf 77' lang='lat' dir='ltr'><strong>fecisti</strong></span> <span class='ocrx_word' id='word_1_132' title='bbox 967 1740 1165 1803; x_wconf 84' lang='lat' dir='ltr'><strong>inopia?</strong></span> <span class='ocrx_word' id='word_1_133' title='bbox 1202 1740 1302 1790; x_wconf 90' lang='lat' dir='ltr'><strong>Ad.</strong></span> <span class='ocrx_word' id='word_1_134' title='bbox 1325 1740 1360 1797; x_wconf 84' lang='lat' dir='ltr'><strong>i,</strong></span> <span class='ocrx_word' id='word_1_135' title='bbox 1383 1745 1434 1789; x_wconf 83' lang='lat'><strong>2.</strong></span> <span class='ocrx_word' id='word_1_136' title='bbox 1469 1745 1531 1789; x_wconf 86' lang='grc'><strong>25</strong></span> 
     </span>
     <span class='ocr_line' id='line_1_21' title="bbox 479 1804 1534 1869; baseline -0.001 -17"><span class='ocrx_word' id='word_1_137' title='bbox 479 1806 608 1863; x_wconf 73' lang='lat' dir='ltr'><strong>Quid</strong></span> <span class='ocrx_word' id='word_1_138' title='bbox 629 1820 721 1869; x_wconf 79' lang='lat' dir='ltr'><strong>ego</strong></span> <span class='ocrx_word' id='word_1_139' title='bbox 743 1819 801 1851; x_wconf 83' lang='lat' dir='ltr'><strong>ex</strong></span> <span class='ocrx_word' id='word_1_140' title='bbox 843 1804 930 1851; x_wconf 83' lang='lat' dir='ltr'><strong>hac</strong></span> <span class='ocrx_word' id='word_1_141' title='bbox 967 1804 1132 1867; x_wconf 86' lang='lat' dir='ltr'><strong>inopia</strong></span> <span class='ocrx_word' id='word_1_142' title='bbox 1166 1820 1292 1853; x_wconf 90' lang='lat' dir='ltr'><strong>nunc</strong></span> <span class='ocrx_word' id='word_1_143' title='bbox 1313 1804 1496 1867; x_wconf 82' lang='lat' dir='ltr'><strong>capiam</strong></span> <span class='ocrx_word' id='word_1_144' title='bbox 1518 1823 1534 1866; x_wconf 88' lang='lat'>;</span> 
     </span>
     <span class='ocr_line' id='line_1_22' title="bbox 479 1869 1534 1997; baseline 0 -16"><span class='ocrx_word' id='word_1_145' title='bbox 479 1881 528 1919; x_wconf 58' lang='lat' dir='ltr'><strong>et</strong></span> <span class='ocrx_word' id='word_1_146' title='bbox 542 1870 740 1997; x_wconf 53' lang='lat' dir='ltr'><strong>{iiiiii-iu</strong></span> <span class='ocrx_word' id='word_1_147' title='bbox 762 1869 1534 1996; x_wconf 46' lang='grc' dir='ltr'><strong>θὸὴῗέἓῐὲῗρειὲιῗξιιῶἷὲηιὶιῗεῐίο,</strong></span> 
     </span>
     <span class='ocr_line' id='line_1_23' title="bbox 479 1998 1534 2062; baseline 0.001 -16"><span class='ocrx_word' id='word_1_148' title='bbox 479 2007 620 2062; x_wconf 78' lang='lat' dir='ltr'><strong>atque</strong></span> <span class='ocrx_word' id='word_1_149' title='bbox 637 1998 794 2060; x_wconf 85' lang='lat' dir='ltr'><strong>inopis</strong></span> <span class='ocrx_word' id='word_1_150' title='bbox 809 2013 936 2045; x_wconf 88' lang='lat' dir='ltr'><strong>nunc</strong></span> <span class='ocrx_word' id='word_1_151' title='bbox 956 2005 1003 2045; x_wconf 84' lang='lat' dir='ltr'><strong>te</strong></span> <span class='ocrx_word' id='word_1_152' title='bbox 1021 1999 1286 2047; x_wconf 72' lang='lat' dir='ltr'>miserescat</span> <span class='ocrx_word' id='word_1_153' title='bbox 1295 1999 1384 2045; x_wconf 88' lang='lat' dir='ltr'><strong>mei</strong></span> <span class='ocrx_word' id='word_1_154' title='bbox 1407 1998 1534 2047; x_wconf 79' lang='lat' dir='ltr'><strong>Hea.</strong></span> 
     </span>
     <span class='ocr_line' id='line_1_24' title="bbox 477 2062 1534 2125; baseline -0.002 -12"><span class='ocrx_word' id='word_1_155' title='bbox 477 2080 525 2118; x_wconf 83' lang='lat' dir='ltr'><strong>v,</strong></span> <span class='ocrx_word' id='word_1_156' title='bbox 550 2069 598 2113; x_wconf 91' lang='grc'><strong>4.</strong></span> <span class='ocrx_word' id='word_1_157' title='bbox 621 2068 652 2112; x_wconf 86' lang='grc'><strong>3</strong></span> <span class='ocrx_word' id='word_1_158' title='bbox 685 2062 920 2111; x_wconf 82' lang='lat' dir='ltr'>Obsecro!</span> <span class='ocrx_word' id='word_1_159' title='bbox 957 2063 1202 2111; x_wconf 67' lang='lat' dir='ltr'><strong>subvenite</strong></span> <span class='ocrx_word' id='word_1_160' title='bbox 1237 2062 1398 2125; x_wconf 84' lang='lat' dir='ltr'><strong>inopi!</strong></span> <span class='ocrx_word' id='word_1_161' title='bbox 1433 2062 1534 2111; x_wconf 89' lang='lat' dir='ltr'><strong>Ad.</strong></span> 
     </span>
     <span class='ocr_line' id='line_1_25' title="bbox 476 2126 1533 2191; baseline -0.001 -17"><span class='ocrx_word' id='word_1_162' title='bbox 476 2126 530 2183; x_wconf 84' lang='lat' dir='ltr'><strong>ii,</strong></span> <span class='ocrx_word' id='word_1_163' title='bbox 555 2133 600 2177; x_wconf 93' lang='lat'><strong>1.</strong></span> <span class='ocrx_word' id='word_1_164' title='bbox 621 2132 654 2176; x_wconf 89' lang='grc'><strong>2</strong></span> <span class='ocrx_word' id='word_1_165' title='bbox 703 2127 920 2175; x_wconf 81' lang='lat' dir='ltr'><strong>Inveniet</strong></span> <span class='ocrx_word' id='word_1_166' title='bbox 953 2127 1143 2188; x_wconf 82' lang='lat' dir='ltr'>inopem</span> <span class='ocrx_word' id='word_1_167' title='bbox 1185 2128 1360 2191; x_wconf 85' lang='lat' dir='ltr'><strong>potius,</strong></span> <span class='ocrx_word' id='word_1_168' title='bbox 1393 2142 1533 2188; x_wconf 77' lang='lat' dir='ltr'><strong>quam</strong></span> 
     </span>
     <span class='ocr_line' id='line_1_26' title="bbox 477 2190 1544 2254; baseline 0 -15"><span class='ocrx_word' id='word_1_169' title='bbox 477 2199 526 2239; x_wconf 80' lang='lat' dir='ltr'><strong>te</strong></span> <span class='ocrx_word' id='word_1_170' title='bbox 564 2193 798 2254; x_wconf 83' lang='lat' dir='ltr'><strong>corrumpi</strong></span> <span class='ocrx_word' id='word_1_171' title='bbox 845 2190 970 2239; x_wconf 83' lang='lat' dir='ltr'><strong>sinat</strong></span> <span class='ocrx_word' id='word_1_172' title='bbox 1003 2190 1068 2238; x_wconf 87' lang='lat' dir='ltr'><strong>A.</strong></span> <span class='ocrx_word' id='word_1_173' title='bbox 1097 2191 1150 2247; x_wconf 89' lang='lat' dir='ltr'><strong>ii,</strong></span> <span class='ocrx_word' id='word_1_174' title='bbox 1175 2197 1222 2239; x_wconf 74' lang='lat'><strong>3.</strong></span> <span class='ocrx_word' id='word_1_175' title='bbox 1245 2196 1310 2240; x_wconf 83' lang='grc'><strong>22</strong></span> <span class='ocrx_word' id='word_1_176' title='bbox 1371 2190 1544 2253; x_wconf 55' lang='lat' dir='ltr'><strong>Usque⁴</strong></span> 
     </span>
     <span class='ocr_line' id='line_1_27' title="bbox 477 2255 1538 2318; baseline 0 -15"><span class='ocrx_word' id='word_1_177' title='bbox 477 2257 590 2303; x_wconf 86' lang='lat' dir='ltr'><strong>dum</strong></span> <span class='ocrx_word' id='word_1_178' title='bbox 623 2256 706 2305; x_wconf 86' lang='lat' dir='ltr'><strong>ille</strong></span> <span class='ocrx_word' id='word_1_179' title='bbox 729 2257 870 2303; x_wconf 84' lang='lat' dir='ltr'><strong>vitam</strong></span> <span class='ocrx_word' id='word_1_180' title='bbox 893 2255 1019 2303; x_wconf 83' lang='lat' dir='ltr'><strong>illam</strong></span> <span class='ocrx_word' id='word_1_181' title='bbox 1041 2256 1173 2303; x_wconf 84' lang='lat' dir='ltr'><strong>colet·</strong></span> <span class='ocrx_word' id='word_1_182' title='bbox 1185 2256 1380 2318; x_wconf 85' lang='lat' dir='ltr'><strong>inopem</strong></span> <span class='ocrx_word' id='word_1_183' title='bbox 1412 2256 1538 2303; x_wconf 72' lang='lat' dir='ltr'><strong>Hea-</strong></span> 
     </span>
     <span class='ocr_line' id='line_1_28' title="bbox 475 2320 1534 2383; baseline -0.002 -14"><span class='ocrx_word' id='word_1_184' title='bbox 475 2321 512 2376; x_wconf 64' lang='grc' dir='ltr'><strong>ἰ.</strong></span> <span class='ocrx_word' id='word_1_185' title='bbox 535 2326 582 2371; x_wconf 89' lang='grc'><strong>1.</strong></span> <span class='ocrx_word' id='word_1_186' title='bbox 605 2326 668 2371; x_wconf 82' lang='grc'><strong>85</strong></span> <span class='ocrx_word' id='word_1_187' title='bbox 705 2321 815 2377; x_wconf 79' lang='lat' dir='ltr'><strong>Qua</strong></span> <span class='ocrx_word' id='word_1_188' title='bbox 837 2320 1018 2367; x_wconf 82' lang='lat' dir='ltr'><strong>ratione</strong></span> <span class='ocrx_word' id='word_1_189' title='bbox 1051 2320 1242 2383; x_wconf 88' lang='lat' dir='ltr'><strong>inopem</strong></span> <span class='ocrx_word' id='word_1_190' title='bbox 1268 2320 1424 2383; x_wconf 68' lang='lat' dir='ltr'><strong>potius</strong></span> <span class='ocrx_word' id='word_1_191' title='bbox 1445 2322 1534 2367; x_wconf 90' lang='lat' dir='ltr'><strong>du·</strong></span> 
     </span>
     <span class='ocr_line' id='line_1_29' title="bbox 427 2385 1218 2441; baseline 0.005 -10"><span class='ocrx_word' id='word_1_192' title='bbox 427 2424 432 2431; x_wconf 83' lang='lat'><strong>.</strong></span> <span class='ocrx_word' id='word_1_193' title='bbox 477 2387 616 2434; x_wconf 86' lang='lat' dir='ltr'><strong>cebat</strong></span> <span class='ocrx_word' id='word_1_194' title='bbox 635 2386 860 2433; x_wconf 83' lang='lat' dir='ltr'><strong>domum?</strong></span> <span class='ocrx_word' id='word_1_195' title='bbox 895 2386 984 2432; x_wconf 88' lang='lat' dir='ltr'><strong>Ph.</strong></span> <span class='ocrx_word' id='word_1_196' title='bbox 1007 2385 1056 2441; x_wconf 90' lang='lat' dir='ltr'><strong>ii,</strong></span> <span class='ocrx_word' id='word_1_197' title='bbox 1084 2390 1131 2434; x_wconf 93' lang='grc'><strong>1.</strong></span> <span class='ocrx_word' id='word_1_198' title='bbox 1151 2390 1218 2435; x_wconf 77' lang='grc'><strong>68</strong></span> 
     </span>
    </p>

    <p class='ocr_par' dir='ltr' id='par_1_7' title="bbox 473 2449 1538 3160">
     <span class='ocr_line' id='line_1_30' title="bbox 542 2449 1538 2516; baseline 0 -17"><span class='ocrx_word' id='word_1_199' title='bbox 542 2449 760 2516; x_wconf 80' lang='lat' dir='ltr'><strong>Inqusm.</strong></span> <span class='ocrx_word' id='word_1_200' title='bbox 826 2450 998 2512; x_wconf 85' lang='lat' dir='ltr'><strong>Crede,</strong></span> <span class='ocrx_word' id='word_1_201' title='bbox 1031 2451 1250 2514; x_wconf 61' lang='lat' dir='ltr'><strong>inquam,</strong></span> <span class='ocrx_word' id='word_1_202' title='bbox 1273 2450 1364 2498; x_wconf 87' lang='lat' dir='ltr'><strong>hoc</strong></span> <span class='ocrx_word' id='word_1_203' title='bbox 1398 2450 1538 2514; x_wconf 81' lang='lat' dir='ltr'><strong>mibi,</strong></span> 
     </span>
     <span class='ocr_line' id='line_1_31' title="bbox 477 2514 1534 2579; baseline 0 -16"><span class='ocrx_word' id='word_1_204' title='bbox 477 2515 726 2579; x_wconf 75' lang='lat' dir='ltr'>Pamphile</span> <span class='ocrx_word' id='word_1_205' title='bbox 763 2514 827 2566; x_wconf 89' lang='lat' dir='ltr'><strong>A.</strong></span> <span class='ocrx_word' id='word_1_206' title='bbox 864 2514 918 2576; x_wconf 88' lang='lat' dir='ltr'><strong>ii,</strong></span> <span class='ocrx_word' id='word_1_207' title='bbox 937 2519 986 2564; x_wconf 83' lang='grc'><strong>4.</strong></span> <span class='ocrx_word' id='word_1_208' title='bbox 1009 2520 1044 2565; x_wconf 99' lang='lat'>6</span> <span class='ocrx_word' id='word_1_209' title='bbox 1097 2515 1308 2579; x_wconf 79' lang='lat' dir='ltr'>Optume</span> <span class='ocrx_word' id='word_1_210' title='bbox 1341 2515 1534 2578; x_wconf 86' lang='lat' dir='ltr'><strong>inquam</strong></span> 
     </span>
     <span class='ocr_line' id='line_1_32' title="bbox 479 2577 1536 2642; baseline 0.001 -13"><span class='ocrx_word' id='word_1_211' title='bbox 479 2579 654 2629; x_wconf 72' lang='lat' dir='ltr'><strong>{actum</strong></span> <span class='ocrx_word' id='word_1_212' title='bbox 675 2581 688 2628; x_wconf 85' lang='lat'>!</span> <span class='ocrx_word' id='word_1_213' title='bbox 724 2579 791 2628; x_wconf 89' lang='lat' dir='ltr'><strong>A.</strong></span> <span class='ocrx_word' id='word_1_214' title='bbox 812 2580 884 2635; x_wconf 90' lang='lat' dir='ltr'><strong>iii,</strong></span> <span class='ocrx_word' id='word_1_215' title='bbox 905 2584 955 2628; x_wconf 82' lang='lat'><strong>4.</strong></span> <span class='ocrx_word' id='word_1_216' title='bbox 980 2584 1042 2629; x_wconf 98' lang='grc'><strong>14</strong></span> <span class='ocrx_word' id='word_1_217' title='bbox 1073 2577 1202 2639; x_wconf 67' lang='lat' dir='ltr'><strong>jam,</strong></span> <span class='ocrx_word' id='word_1_218' title='bbox 1226 2581 1436 2642; x_wconf 84' lang='lat' dir='ltr'><strong>inquam,</strong></span> <span class='ocrx_word' id='word_1_219' title='bbox 1457 2581 1536 2630; x_wconf 86' lang='lat' dir='ltr'><strong>hic</strong></span> 
     </span>
     <span class='ocr_line' id='line_1_33' title="bbox 477 2643 1537 2706; baseline 0.001 -15"><span class='ocrx_word' id='word_1_220' title='bbox 477 2647 618 2693; x_wconf 85' lang='lat' dir='ltr'><strong>adero</strong></span> <span class='ocrx_word' id='word_1_221' title='bbox 651 2646 716 2693; x_wconf 88' lang='lat' dir='ltr'><strong>A.</strong></span> <span class='ocrx_word' id='word_1_222' title='bbox 748 2645 816 2700; x_wconf 83' lang='lat' dir='ltr'><strong>iv,</strong></span> <span class='ocrx_word' id='word_1_223' title='bbox 837 2649 888 2693; x_wconf 88' lang='grc'><strong>2.</strong></span> <span class='ocrx_word' id='word_1_224' title='bbox 910 2649 972 2694; x_wconf 86' lang='grc'><strong>32</strong></span> <span class='ocrx_word' id='word_1_225' title='bbox 1022 2643 1222 2704; x_wconf 84' lang='lat' dir='ltr'><strong>Audivi,</strong></span> <span class='ocrx_word' id='word_1_226' title='bbox 1261 2645 1472 2706; x_wconf 82' lang='lat' dir='ltr'><strong>inquam,</strong></span> <span class='ocrx_word' id='word_1_227' title='bbox 1505 2659 1537 2692; x_wconf 83' lang='lat' dir='ltr'><strong>a-</strong></span> 
     </span>
     <span class='ocr_line' id='line_1_34' title="bbox 475 2707 1534 2772; baseline 0 -17"><span class='ocrx_word' id='word_1_228' title='bbox 475 2709 710 2772; x_wconf 82' lang='lat' dir='ltr'><strong>principio</strong></span> <span class='ocrx_word' id='word_1_229' title='bbox 745 2708 812 2756; x_wconf 89' lang='lat' dir='ltr'><strong>A.</strong></span> <span class='ocrx_word' id='word_1_230' title='bbox 843 2707 910 2765; x_wconf 75' lang='lat' dir='ltr'><strong>iv,</strong></span> <span class='ocrx_word' id='word_1_231' title='bbox 932 2712 981 2759; x_wconf 87' lang='grc'><strong>4.</strong></span> <span class='ocrx_word' id='word_1_232' title='bbox 1003 2713 1068 2757; x_wconf 88' lang='grc'><strong>46</strong></span> <span class='ocrx_word' id='word_1_233' title='bbox 1103 2709 1229 2765; x_wconf 81' lang='lat' dir='ltr'><strong>Quia</strong></span> <span class='ocrx_word' id='word_1_234' title='bbox 1252 2709 1380 2754; x_wconf 84' lang='lat' dir='ltr'><strong>lubet</strong></span> <span class='ocrx_word' id='word_1_235' title='bbox 1400 2723 1534 2771; x_wconf 83' lang='lat' dir='ltr'><strong>rape,</strong></span> 
     </span>
     <span class='ocr_line' id='line_1_35' title="bbox 473 2773 1536 2837; baseline -0.001 -18"><span class='ocrx_word' id='word_1_236' title='bbox 473 2773 667 2837; x_wconf 86' lang='lat' dir='ltr'><strong>inquam</strong></span> <span class='ocrx_word' id='word_1_237' title='bbox 701 2773 764 2824; x_wconf 91' lang='lat' dir='ltr'><strong>A.</strong></span> <span class='ocrx_word' id='word_1_238' title='bbox 784 2789 831 2833; x_wconf 79' lang='lat' dir='ltr'><strong>v,</strong></span> <span class='ocrx_word' id='word_1_239' title='bbox 851 2777 901 2823; x_wconf 90' lang='grc'><strong>2.</strong></span> <span class='ocrx_word' id='word_1_240' title='bbox 925 2776 985 2822; x_wconf 87' lang='grc'><strong>21</strong></span> <span class='ocrx_word' id='word_1_241' title='bbox 1025 2773 1306 2829; x_wconf 82' lang='lat' dir='ltr'><strong>Quidistuc,</strong></span> <span class='ocrx_word' id='word_1_242' title='bbox 1319 2773 1536 2835; x_wconf 82' lang='lat' dir='ltr'><strong>inquam,</strong></span> 
     </span>
     <span class='ocr_line' id='line_1_36' title="bbox 476 2836 1534 2894; baseline -0.001 -10"><span class='ocrx_word' id='word_1_243' title='bbox 476 2840 627 2884; x_wconf 82' lang='lat' dir='ltr'><strong>ornati</strong></span> <span class='ocrx_word' id='word_1_244' title='bbox 649 2840 756 2886; x_wconf 84' lang='lat' dir='ltr'><strong>est?</strong></span> <span class='ocrx_word' id='word_1_245' title='bbox 792 2839 881 2885; x_wconf 87' lang='lat' dir='ltr'><strong>Eu.</strong></span> <span class='ocrx_word' id='word_1_246' title='bbox 917 2837 967 2894; x_wconf 87' lang='lat' dir='ltr'><strong>ii,</strong></span> <span class='ocrx_word' id='word_1_247' title='bbox 989 2841 1037 2885; x_wconf 94' lang='grc'><strong>2.</strong></span> <span class='ocrx_word' id='word_1_248' title='bbox 1059 2841 1092 2885; x_wconf 89' lang='grc'><strong>6</strong></span> <span class='ocrx_word' id='word_1_249' title='bbox 1127 2836 1255 2894; x_wconf 84' lang='lat' dir='ltr'><strong>Quid</strong></span> <span class='ocrx_word' id='word_1_250' title='bbox 1280 2838 1438 2892; x_wconf 86' lang='lat' dir='ltr'><strong>homo,</strong></span> <span class='ocrx_word' id='word_1_251' title='bbox 1462 2837 1534 2883; x_wconf 87' lang='lat' dir='ltr'><strong>in-</strong></span> 
     </span>
     <span class='ocr_line' id='line_1_37' title="bbox 477 2899 1534 2965; baseline -0.001 -16"><span class='ocrx_word' id='word_1_252' title='bbox 477 2916 634 2964; x_wconf 83' lang='lat' dir='ltr'><strong>quam,</strong></span> <span class='ocrx_word' id='word_1_253' title='bbox 656 2902 1002 2965; x_wconf 82' lang='lat' dir='ltr'><strong>ignavissume?</strong></span> <span class='ocrx_word' id='word_1_254' title='bbox 1037 2899 1128 2949; x_wconf 86' lang='lat' dir='ltr'><strong>Eu.</strong></span> <span class='ocrx_word' id='word_1_255' title='bbox 1147 2903 1196 2956; x_wconf 87' lang='lat' dir='ltr'><strong>ii,</strong></span> <span class='ocrx_word' id='word_1_256' title='bbox 1213 2905 1308 2950; x_wconf 85' lang='grc'><strong>2.8</strong></span> <span class='ocrx_word' id='word_1_257' title='bbox 1341 2901 1534 2958; x_wconf 60' lang='lat' dir='ltr'><strong>Quaeso,</strong></span> 
     </span>
     <span class='ocr_line' id='line_1_38' title="bbox 475 2965 1535 3028; baseline 0.002 -18"><span class='ocrx_word' id='word_1_258' title='bbox 475 2965 686 3028; x_wconf 83' lang='lat' dir='ltr'><strong>inquam,</strong></span> <span class='ocrx_word' id='word_1_259' title='bbox 703 2967 856 3013; x_wconf 85' lang='lat' dir='ltr'><strong>Strato</strong></span> <span class='ocrx_word' id='word_1_260' title='bbox 892 2966 981 3012; x_wconf 88' lang='lat' dir='ltr'><strong>Eu.</strong></span> <span class='ocrx_word' id='word_1_261' title='bbox 1004 2966 1074 3028; x_wconf 89' lang='lat' dir='ltr'><strong>iii,</strong></span> <span class='ocrx_word' id='word_1_262' title='bbox 1095 2971 1137 3016; x_wconf 88' lang='lat'><strong>1.</strong></span> <span class='ocrx_word' id='word_1_263' title='bbox 1161 2970 1227 3014; x_wconf 86' lang='grc'><strong>24</strong></span> <span class='ocrx_word' id='word_1_264' title='bbox 1261 2965 1392 3021; x_wconf 84' lang='lat' dir='ltr'><strong>Quid</strong></span> <span class='ocrx_word' id='word_1_265' title='bbox 1414 2965 1535 3027; x_wconf 85' lang='lat' dir='ltr'><strong>agis,</strong></span> 
     </span>
     <span class='ocr_line' id='line_1_39' title="bbox 475 3029 1533 3160; baseline 0.002 -18"><span class='ocrx_word' id='word_1_266' title='bbox 475 3029 852 3160; x_wconf 58' lang='grc' dir='ltr'>ἷῖἓὲᾝῖέο</span> <span class='ocrx_word' id='word_1_267' title='bbox 875 3029 1446 3158; x_wconf 60' lang='lat'><strong>‘¹3:22¹2‘25;¹⁸{12}⁰·÷2}³³·.¹·</strong></span> <span class='ocrx_word' id='word_1_268' title='bbox 1467 3035 1533 3144; x_wconf 66' lang='lat'><strong>{3</strong></span> 
     </span>
    </p>

    <p class='ocr_par' dir='ltr' id='par_1_8' title="bbox 473 3127 1542 3854">
     <span class='ocr_line' id='line_1_40' title="bbox 831 3127 1430 3154; baseline 0.003 -2"><span class='ocrx_word' id='word_1_269' title='bbox 831 3130 846 3152; x_wconf 65' lang='grc' dir='ltr'><em>υ</em></span> <span class='ocrx_word' id='word_1_270' title='bbox 1227 3127 1240 3141; x_wconf 90' lang='grc'><em>·</em></span> <span class='ocrx_word' id='word_1_271' title='bbox 1332 3129 1346 3154; x_wconf 68' lang='lat'>9</span> <span class='ocrx_word' id='word_1_272' title='bbox 1417 3130 1430 3144; x_wconf 91' lang='lat'><strong>·</strong></span> 
     </span>
     <span class='ocr_line' id='line_1_41' title="bbox 475 3157 1534 3225; baseline -0.001 -18"><span class='ocrx_word' id='word_1_273' title='bbox 475 3159 730 3216; x_wconf 78' lang='lat' dir='ltr'><strong>Prohibeo,</strong></span> <span class='ocrx_word' id='word_1_274' title='bbox 763 3161 956 3225; x_wconf 85' lang='lat' dir='ltr'><strong>inquam</strong></span> <span class='ocrx_word' id='word_1_275' title='bbox 988 3157 1079 3211; x_wconf 81' lang='lat' dir='ltr'><strong>Eu.</strong></span> <span class='ocrx_word' id='word_1_276' title='bbox 1099 3160 1163 3216; x_wconf 84' lang='lat' dir='ltr'><strong>iv,</strong></span> <span class='ocrx_word' id='word_1_277' title='bbox 1186 3165 1235 3210; x_wconf 94' lang='grc'><strong>7.</strong></span> <span class='ocrx_word' id='word_1_278' title='bbox 1261 3163 1326 3208; x_wconf 85' lang='grc'><strong>39</strong></span> <span class='ocrx_word' id='word_1_279' title='bbox 1380 3159 1534 3207; x_wconf 80' lang='lat' dir='ltr'><strong>Crede</strong></span> 
     </span>
     <span class='ocr_line' id='line_1_42' title="bbox 473 3224 1536 3288; baseline -0.001 -18"><span class='ocrx_word' id='word_1_280' title='bbox 473 3224 667 3288; x_wconf 79' lang='lat' dir='ltr'><strong>inquam</strong></span> <span class='ocrx_word' id='word_1_281' title='bbox 698 3226 811 3272; x_wconf 88' lang='lat' dir='ltr'><strong>mihi</strong></span> <span class='ocrx_word' id='word_1_282' title='bbox 843 3225 968 3274; x_wconf 89' lang='lat' dir='ltr'><strong>Hea.</strong></span> <span class='ocrx_word' id='word_1_283' title='bbox 991 3225 1024 3280; x_wconf 90' lang='lat' dir='ltr'><strong>i,</strong></span> <span class='ocrx_word' id='word_1_284' title='bbox 1052 3230 1096 3274; x_wconf 89' lang='lat'><strong>1.</strong></span> <span class='ocrx_word' id='word_1_285' title='bbox 1119 3229 1182 3274; x_wconf 82' lang='grc'><strong>33</strong></span> <span class='ocrx_word' id='word_1_286' title='bbox 1217 3224 1331 3272; x_wconf 86' lang='lat' dir='ltr'><strong>Non</strong></span> <span class='ocrx_word' id='word_1_287' title='bbox 1365 3225 1536 3284; x_wconf 82' lang='lat' dir='ltr'><strong>sinam,</strong></span> 
     </span>
     <span class='ocr_line' id='line_1_43' title="bbox 473 3288 1532 3352; baseline 0 -16"><span class='ocrx_word' id='word_1_288' title='bbox 473 3288 668 3351; x_wconf 82' lang='lat' dir='ltr'><strong>inquam</strong></span> <span class='ocrx_word' id='word_1_289' title='bbox 702 3290 825 3338; x_wconf 74' lang='lat' dir='ltr'><strong>Hes.</strong></span> <span class='ocrx_word' id='word_1_290' title='bbox 856 3289 892 3346; x_wconf 82' lang='lat' dir='ltr'><strong>i,</strong></span> <span class='ocrx_word' id='word_1_291' title='bbox 917 3294 966 3339; x_wconf 92' lang='lat'><strong>1.</strong></span> <span class='ocrx_word' id='word_1_292' title='bbox 991 3294 1070 3338; x_wconf 77' lang='grc'><strong>39.</strong></span> <span class='ocrx_word' id='word_1_293' title='bbox 1104 3290 1154 3344; x_wconf 85' lang='grc' dir='ltr'><strong>ἱί,</strong></span> <span class='ocrx_word' id='word_1_294' title='bbox 1179 3294 1226 3337; x_wconf 79' lang='grc'><strong>3.</strong></span> <span class='ocrx_word' id='word_1_295' title='bbox 1251 3292 1343 3337; x_wconf 83' lang='grc'><strong>137</strong></span> <span class='ocrx_word' id='word_1_296' title='bbox 1394 3289 1532 3352; x_wconf 78' lang='lat' dir='ltr'><strong>Syre,</strong></span> 
     </span>
     <span class='ocr_line' id='line_1_44' title="bbox 475 3354 1535 3416; baseline 0 -16"><span class='ocrx_word' id='word_1_297' title='bbox 475 3354 666 3416; x_wconf 71' lang='lat' dir='ltr'><strong>inquam</strong></span> <span class='ocrx_word' id='word_1_298' title='bbox 701 3354 824 3402; x_wconf 80' lang='lat' dir='ltr'><strong>Hea.</strong></span> <span class='ocrx_word' id='word_1_299' title='bbox 846 3355 897 3408; x_wconf 89' lang='lat' dir='ltr'><strong>ii,</strong></span> <span class='ocrx_word' id='word_1_300' title='bbox 923 3359 969 3402; x_wconf 76' lang='lat'><strong>3.</strong></span> <span class='ocrx_word' id='word_1_301' title='bbox 996 3359 1104 3402; x_wconf 82' lang='grc'><strong>106.</strong></span> <span class='ocrx_word' id='word_1_302' title='bbox 1132 3357 1220 3402; x_wconf 88' lang='grc'><strong>107</strong></span> <span class='ocrx_word' id='word_1_303' title='bbox 1261 3354 1535 3401; x_wconf 73' lang='lat' dir='ltr'><strong>Videndum</strong></span> 
     </span>
     <span class='ocr_line' id='line_1_45' title="bbox 475 3419 1542 3481; baseline 0 -15"><span class='ocrx_word' id='word_1_304' title='bbox 475 3424 565 3474; x_wconf 70' lang='lat' dir='ltr'><strong>est,</strong></span> <span class='ocrx_word' id='word_1_305' title='bbox 585 3419 797 3481; x_wconf 83' lang='lat' dir='ltr'><strong>inquam,</strong></span> <span class='ocrx_word' id='word_1_306' title='bbox 821 3419 963 3466; x_wconf 86' lang='lat' dir='ltr'><strong>amici</strong></span> <span class='ocrx_word' id='word_1_307' title='bbox 985 3433 1172 3480; x_wconf 85' lang='lat' dir='ltr'><strong>quoque</strong></span> <span class='ocrx_word' id='word_1_308' title='bbox 1197 3433 1267 3465; x_wconf 82' lang='lat' dir='ltr'><strong>res</strong></span> <span class='ocrx_word' id='word_1_309' title='bbox 1287 3419 1337 3464; x_wconf 83' lang='lat' dir='ltr'><strong>in</strong></span> <span class='ocrx_word' id='word_1_310' title='bbox 1357 3424 1460 3465; x_wconf 90' lang='lat' dir='ltr'><strong>tuto</strong></span> <span class='ocrx_word' id='word_1_311' title='bbox 1479 3427 1542 3466; x_wconf 68' lang='lat' dir='ltr'><strong>ut</strong></span> 
     </span>
     <span class='ocr_line' id='line_1_46' title="bbox 475 3481 1532 3544; baseline 0.001 -15"><span class='ocrx_word' id='word_1_312' title='bbox 475 3483 731 3530; x_wconf 67' lang='lat' dir='ltr'><strong>collocetur</strong></span> <span class='ocrx_word' id='word_1_313' title='bbox 764 3481 886 3531; x_wconf 89' lang='lat' dir='ltr'><strong>Hea.</strong></span> <span class='ocrx_word' id='word_1_314' title='bbox 915 3483 978 3538; x_wconf 85' lang='lat' dir='ltr'><strong>iv,</strong></span> <span class='ocrx_word' id='word_1_315' title='bbox 1003 3488 1050 3531; x_wconf 86' lang='grc'><strong>3.</strong></span> <span class='ocrx_word' id='word_1_316' title='bbox 1076 3487 1138 3530; x_wconf 95' lang='grc'><strong>16</strong></span> <span class='ocrx_word' id='word_1_317' title='bbox 1188 3482 1418 3544; x_wconf 85' lang='lat' dir='ltr'><strong>Nimium,</strong></span> <span class='ocrx_word' id='word_1_318' title='bbox 1456 3483 1532 3530; x_wconf 89' lang='lat' dir='ltr'><strong>in-</strong></span> 
     </span>
     <span class='ocr_line' id='line_1_47' title="bbox 477 3546 1532 3610; baseline -0.001 -15"><span class='ocrx_word' id='word_1_319' title='bbox 477 3563 615 3610; x_wconf 84' lang='lat' dir='ltr'><strong>quam</strong></span> <span class='ocrx_word' id='word_1_320' title='bbox 651 3546 774 3596; x_wconf 81' lang='lat' dir='ltr'><strong>Hea.</strong></span> <span class='ocrx_word' id='word_1_321' title='bbox 797 3550 860 3609; x_wconf 85' lang='lat' dir='ltr'><strong>iv,</strong></span> <span class='ocrx_word' id='word_1_322' title='bbox 881 3555 930 3596; x_wconf 80' lang='lat'><strong>5.</strong></span> <span class='ocrx_word' id='word_1_323' title='bbox 952 3553 1016 3596; x_wconf 85' lang='grc'><strong>22</strong></span> <span class='ocrx_word' id='word_1_324' title='bbox 1053 3547 1214 3607; x_wconf 80' lang='lat' dir='ltr'><strong>Certe,</strong></span> <span class='ocrx_word' id='word_1_325' title='bbox 1233 3547 1442 3609; x_wconf 78' lang='lat' dir='ltr'><strong>inquam,</strong></span> <span class='ocrx_word' id='word_1_326' title='bbox 1468 3549 1532 3594; x_wconf 85' lang='lat' dir='ltr'><strong>mi</strong></span> 
     </span>
     <span class='ocr_line' id='line_1_48' title="bbox 479 3612 1542 3669; baseline 0.003 -13"><span class='ocrx_word' id='word_1_327' title='bbox 479 3612 546 3657; x_wconf 76' lang='lat' dir='ltr'><strong>vir</strong></span> <span class='ocrx_word' id='word_1_328' title='bbox 577 3612 700 3664; x_wconf 74' lang='lat' dir='ltr'><strong>Heu.</strong></span> <span class='ocrx_word' id='word_1_329' title='bbox 742 3631 787 3669; x_wconf 87' lang='lat' dir='ltr'><strong>v,</strong></span> <span class='ocrx_word' id='word_1_330' title='bbox 810 3617 949 3662; x_wconf 84' lang='grc'><strong>3.12</strong></span> <span class='ocrx_word' id='word_1_331' title='bbox 998 3613 1128 3668; x_wconf 83' lang='lat' dir='ltr'><strong>Quid</strong></span> <span class='ocrx_word' id='word_1_332' title='bbox 1164 3614 1284 3659; x_wconf 84' lang='lat' dir='ltr'><strong>istuc</strong></span> <span class='ocrx_word' id='word_1_333' title='bbox 1319 3612 1542 3666; x_wconf 66' lang='lat' dir='ltr'><strong>obsecro„</strong></span> 
     </span>
     <span class='ocr_line' id='line_1_49' title="bbox 478 3673 1540 3738; baseline 0.002 -18"><span class='ocrx_word' id='word_1_334' title='bbox 478 3673 688 3738; x_wconf 84' lang='lat' dir='ltr'><strong>inquam,</strong></span> <span class='ocrx_word' id='word_1_335' title='bbox 711 3679 816 3724; x_wconf 85' lang='lat' dir='ltr'><strong>est?</strong></span> <span class='ocrx_word' id='word_1_336' title='bbox 849 3678 945 3725; x_wconf 77' lang='lat' dir='ltr'><strong>Ad.</strong></span> <span class='ocrx_word' id='word_1_337' title='bbox 971 3679 1034 3733; x_wconf 83' lang='lat' dir='ltr'><strong>iv,</strong></span> <span class='ocrx_word' id='word_1_338' title='bbox 1051 3683 1098 3726; x_wconf 94' lang='lat'><strong>4.</strong></span> <span class='ocrx_word' id='word_1_339' title='bbox 1120 3682 1182 3725; x_wconf 90' lang='grc'><strong>12</strong></span> <span class='ocrx_word' id='word_1_340' title='bbox 1218 3677 1354 3723; x_wconf 86' lang='lat' dir='ltr'><strong>Bono</strong></span> <span class='ocrx_word' id='word_1_341' title='bbox 1375 3677 1540 3723; x_wconf 84' lang='lat' dir='ltr'><strong>animo·</strong></span> 
     </span>
     <span class='ocr_line' id='line_1_50' title="bbox 476 3739 1531 3854; baseline 0 -2"><span class='ocrx_word' id='word_1_342' title='bbox 476 3739 768 3854; x_wconf 53' lang='lat' dir='ltr'><strong>331qu</strong></span> <span class='ocrx_word' id='word_1_343' title='bbox 792 3741 886 3852; x_wconf 59' lang='lat'><strong>‘35¹0‘</strong></span> <span class='ocrx_word' id='word_1_344' title='bbox 908 3741 1531 3854; x_wconf 57' lang='lat' dir='ltr'><strong>322.{;.⁶?;4..1J„⁰·¹³13¹3³¹¹÷2²</strong></span> 
     </span>
    </p>

    <p class='ocr_par' dir='ltr' id='par_1_9' title="bbox 475 3837 1535 4383">
     <span class='ocr_line' id='line_1_51' title="bbox 561 3837 1530 3861; baseline 0.002 -11"><span class='ocrx_word' id='word_1_345' title='bbox 561 3837 574 3850; x_wconf 93' lang='lat'><strong>.</strong></span> <span class='ocrx_word' id='word_1_346' title='bbox 628 3839 642 3861; x_wconf 88' lang='lat'><strong>,</strong></span> <span class='ocrx_word' id='word_1_347' title='bbox 699 3840 710 3851; x_wconf 89' lang='lat'><strong>.</strong></span> <span class='ocrx_word' id='word_1_348' title='bbox 1277 3843 1286 3852; x_wconf 92' lang='lat'><strong>.</strong></span> <span class='ocrx_word' id='word_1_349' title='bbox 1404 3837 1418 3851; x_wconf 90' lang='lat'><strong>.</strong></span> <span class='ocrx_word' id='word_1_350' title='bbox 1517 3839 1530 3852; x_wconf 99' lang='lat'><strong>.</strong></span> 
     </span>
     <span class='ocr_line' id='line_1_52' title="bbox 477 3869 1526 3933; baseline 0.005 -19"><span class='ocrx_word' id='word_1_351' title='bbox 477 3869 570 3916; x_wconf 88' lang='lat' dir='ltr'><strong>Mi.</strong></span> <span class='ocrx_word' id='word_1_352' title='bbox 596 3870 718 3916; x_wconf 85' lang='lat' dir='ltr'><strong>Me?</strong></span> <span class='ocrx_word' id='word_1_353' title='bbox 754 3869 846 3917; x_wconf 93' lang='lat' dir='ltr'><strong>De.</strong></span> <span class='ocrx_word' id='word_1_354' title='bbox 877 3869 962 3923; x_wconf 84' lang='lat' dir='ltr'><strong>Te.</strong></span> <span class='ocrx_word' id='word_1_355' title='bbox 987 3871 1176 3933; x_wconf 78' lang='lat' dir='ltr'><strong>inquam</strong></span> <span class='ocrx_word' id='word_1_356' title='bbox 1212 3871 1306 3918; x_wconf 83' lang='lat' dir='ltr'><strong>Ad.</strong></span> <span class='ocrx_word' id='word_1_357' title='bbox 1328 3887 1374 3928; x_wconf 86' lang='lat' dir='ltr'><strong>v,</strong></span> <span class='ocrx_word' id='word_1_358' title='bbox 1397 3875 1444 3918; x_wconf 83' lang='lat'><strong>8.</strong></span> <span class='ocrx_word' id='word_1_359' title='bbox 1469 3875 1526 3919; x_wconf 83' lang='lat'><strong>11</strong></span> 
     </span>
     <span class='ocr_line' id='line_1_53' title="bbox 477 3932 1535 3997; baseline 0.002 -18"><span class='ocrx_word' id='word_1_360' title='bbox 477 3932 682 3997; x_wconf 83' lang='lat' dir='ltr'><strong>Egone?</strong></span> <span class='ocrx_word' id='word_1_361' title='bbox 727 3935 812 3982; x_wconf 86' lang='lat' dir='ltr'><strong>La.</strong></span> <span class='ocrx_word' id='word_1_362' title='bbox 860 3933 950 3989; x_wconf 82' lang='lat' dir='ltr'><strong>Tu,</strong></span> <span class='ocrx_word' id='word_1_363' title='bbox 985 3935 1192 3997; x_wconf 84' lang='lat' dir='ltr'><strong>inquam,</strong></span> <span class='ocrx_word' id='word_1_364' title='bbox 1231 3936 1396 3982; x_wconf 85' lang='lat' dir='ltr'><strong>mulier</strong></span> <span class='ocrx_word' id='word_1_365' title='bbox 1438 3934 1535 3982; x_wconf 86' lang='lat' dir='ltr'><strong>He.-</strong></span> 
     </span>
     <span class='ocr_line' id='line_1_54' title="bbox 475 3998 1530 4061; baseline 0.003 -18"><span class='ocrx_word' id='word_1_366' title='bbox 475 3998 526 4052; x_wconf 91' lang='lat' dir='ltr'><strong>ii,</strong></span> <span class='ocrx_word' id='word_1_367' title='bbox 554 4004 596 4047; x_wconf 91' lang='grc'><strong>1.</strong></span> <span class='ocrx_word' id='word_1_368' title='bbox 625 4001 684 4047; x_wconf 85' lang='grc'><strong>17</strong></span> <span class='ocrx_word' id='word_1_369' title='bbox 734 3999 780 4045; x_wconf 93' lang='grc' dir='ltr'>Ο</span> <span class='ocrx_word' id='word_1_370' title='bbox 817 3999 999 4046; x_wconf 81' lang='lat' dir='ltr'><strong>facinus</strong></span> <span class='ocrx_word' id='word_1_371' title='bbox 1031 3998 1306 4059; x_wconf 73' lang='lat' dir='ltr'><strong>indignnmi</strong></span> <span class='ocrx_word' id='word_1_372' title='bbox 1341 4001 1530 4061; x_wconf 83' lang='lat' dir='ltr'><strong>inquam</strong></span> 
     </span>
     <span class='ocr_line' id='line_1_55' title="bbox 475 4062 1530 4126; baseline 0 -16"><span class='ocrx_word' id='word_1_373' title='bbox 475 4062 572 4113; x_wconf 81' lang='lat' dir='ltr'><strong>He.</strong></span> <span class='ocrx_word' id='word_1_374' title='bbox 599 4063 669 4118; x_wconf 87' lang='lat' dir='ltr'><strong>iii,</strong></span> <span class='ocrx_word' id='word_1_375' title='bbox 693 4069 738 4112; x_wconf 79' lang='grc'><strong>3.</strong></span> <span class='ocrx_word' id='word_1_376' title='bbox 765 4068 826 4112; x_wconf 88' lang='grc'><strong>16</strong></span> <span class='ocrx_word' id='word_1_377' title='bbox 861 4064 936 4110; x_wconf 89' lang='lat' dir='ltr'><strong>Mi</strong></span> <span class='ocrx_word' id='word_1_378' title='bbox 961 4064 1224 4125; x_wconf 80' lang='lat' dir='ltr'><strong>Pamphile,</strong></span> <span class='ocrx_word' id='word_1_379' title='bbox 1249 4064 1458 4126; x_wconf 76' lang='lat' dir='ltr'><strong>inquam,</strong></span> <span class='ocrx_word' id='word_1_380' title='bbox 1481 4079 1530 4110; x_wconf 89' lang='lat' dir='ltr'><strong>a-</strong></span> 
     </span>
     <span class='ocr_line' id='line_1_56' title="bbox 477 4126 1532 4186; baseline 0.001 -13"><span class='ocrx_word' id='word_1_381' title='bbox 477 4129 614 4175; x_wconf 84' lang='lat' dir='ltr'><strong>mabo</strong></span> <span class='ocrx_word' id='word_1_382' title='bbox 658 4127 750 4177; x_wconf 86' lang='lat' dir='ltr'><strong>He.</strong></span> <span class='ocrx_word' id='word_1_383' title='bbox 790 4146 834 4186; x_wconf 90' lang='lat' dir='ltr'><strong>v,</strong></span> <span class='ocrx_word' id='word_1_384' title='bbox 859 4134 906 4176; x_wconf 75' lang='lat'><strong>3.</strong></span> <span class='ocrx_word' id='word_1_385' title='bbox 931 4133 996 4175; x_wconf 87' lang='grc'><strong>26</strong></span> <span class='ocrx_word' id='word_1_386' title='bbox 1051 4126 1188 4174; x_wconf 86' lang='lat' dir='ltr'><strong>Itane</strong></span> <span class='ocrx_word' id='word_1_387' title='bbox 1217 4135 1290 4174; x_wconf 90' lang='lat' dir='ltr'><strong>est</strong></span> <span class='ocrx_word' id='word_1_388' title='bbox 1322 4129 1532 4174; x_wconf 77' lang='lat' dir='ltr'><strong>factum?</strong></span> 
     </span>
     <span class='ocr_line' id='line_1_57' title="bbox 478 4191 1532 4257; baseline 0 -19"><span class='ocrx_word' id='word_1_389' title='bbox 478 4191 579 4239; x_wconf 87' lang='lat' dir='ltr'><strong>Par.</strong></span> <span class='ocrx_word' id='word_1_390' title='bbox 605 4193 696 4246; x_wconf 80' lang='lat' dir='ltr'><strong>Ita,</strong></span> <span class='ocrx_word' id='word_1_391' title='bbox 722 4195 912 4257; x_wconf 85' lang='lat' dir='ltr'><strong>inquam</strong></span> <span class='ocrx_word' id='word_1_392' title='bbox 947 4193 1040 4239; x_wconf 88' lang='lat' dir='ltr'><strong>He.</strong></span> <span class='ocrx_word' id='word_1_393' title='bbox 1063 4209 1108 4246; x_wconf 87' lang='lat' dir='ltr'><strong>v,</strong></span> <span class='ocrx_word' id='word_1_394' title='bbox 1133 4199 1179 4240; x_wconf 89' lang='grc'><strong>4.</strong></span> <span class='ocrx_word' id='word_1_395' title='bbox 1203 4197 1233 4240; x_wconf 91' lang='grc'><strong>7</strong></span> <span class='ocrx_word' id='word_1_396' title='bbox 1273 4193 1436 4244; x_wconf 79' lang='lat' dir='ltr'><strong>Mane,</strong></span> <span class='ocrx_word' id='word_1_397' title='bbox 1457 4193 1532 4238; x_wconf 86' lang='lat' dir='ltr'><strong>in-</strong></span> 
     </span>
     <span class='ocr_line' id='line_1_58' title="bbox 481 4255 1532 4318; baseline -0.001 -16"><span class='ocrx_word' id='word_1_398' title='bbox 481 4271 618 4318; x_wconf 81' lang='lat' dir='ltr'><strong>quam</strong></span> <span class='ocrx_word' id='word_1_399' title='bbox 655 4257 742 4305; x_wconf 87' lang='lat' dir='ltr'><strong>Ph.</strong></span> <span class='ocrx_word' id='word_1_400' title='bbox 767 4260 800 4314; x_wconf 88' lang='lat' dir='ltr'><strong>i,</strong></span> <span class='ocrx_word' id='word_1_401' title='bbox 823 4264 872 4307; x_wconf 89' lang='grc'><strong>4.</strong></span> <span class='ocrx_word' id='word_1_402' title='bbox 896 4263 960 4307; x_wconf 86' lang='grc'><strong>40</strong></span> <span class='ocrx_word' id='word_1_403' title='bbox 993 4255 1305 4318; x_wconf 79' lang='lat' dir='ltr'><strong>Stilphonem,</strong></span> <span class='ocrx_word' id='word_1_404' title='bbox 1327 4257 1532 4318; x_wconf 80' lang='lat' dir='ltr'><strong>inquam,</strong></span> 
     </span>
     <span class='ocr_line' id='line_1_59' title="bbox 481 4320 1533 4383; baseline 0 -17"><span class='ocrx_word' id='word_1_405' title='bbox 481 4324 703 4370; x_wconf 73' lang='lat' dir='ltr'><strong>noveras?</strong></span> <span class='ocrx_word' id='word_1_406' title='bbox 739 4323 827 4371; x_wconf 86' lang='lat' dir='ltr'><strong>Ph.</strong></span> <span class='ocrx_word' id='word_1_407' title='bbox 849 4323 901 4380; x_wconf 84' lang='lat' dir='ltr'><strong>ii,</strong></span> <span class='ocrx_word' id='word_1_408' title='bbox 925 4327 970 4373; x_wconf 86' lang='grc'><strong>3.</strong></span> <span class='ocrx_word' id='word_1_409' title='bbox 992 4326 1054 4370; x_wconf 86' lang='grc'><strong>43</strong></span> <span class='ocrx_word' id='word_1_410' title='bbox 1093 4321 1189 4370; x_wconf 88' lang='lat' dir='ltr'><strong>Cur</strong></span> <span class='ocrx_word' id='word_1_411' title='bbox 1208 4337 1300 4368; x_wconf 81' lang='lat' dir='ltr'><strong>non</strong></span> <span class='ocrx_word' id='word_1_412' title='bbox 1325 4320 1533 4383; x_wconf 85' lang='lat' dir='ltr'><strong>inquam,</strong></span> 
     </span>
    </p>
   </div>
   <div class='ocr_carea' id='block_1_3' title="bbox 2514 416 2743 483">
    <p class='ocr_par' dir='ltr' id='par_1_10' title="bbox 2514 416 2743 483">
     <span class='ocr_line' id='line_1_60' title="bbox 2514 416 2743 483; baseline -0.009 -2"><span class='ocrx_word' id='word_1_413' title='bbox 2514 416 2683 483; x_wconf 72' lang='lat' dir='ltr'><strong>clxv·</strong></span> <span class='ocrx_word' id='word_1_414' title='bbox 2729 424 2743 435; x_wconf 86' lang='lat'><strong>‘</strong></span> 
     </span>
    </p>
   </div>
   <div class='ocr_carea' id='block_1_4' title="bbox 1605 579 2730 4380">
    <p class='ocr_par' dir='ltr' id='par_1_11' title="bbox 1610 579 2685 2311">
     <span class='ocr_line' id='line_1_61' title="bbox 1616 579 2673 639; baseline 0.006 -13"><span class='ocrx_word' id='word_1_415' title='bbox 1616 579 1857 639; x_wconf 78' lang='lat' dir='ltr'><strong>Phemio,</strong></span> <span class='ocrx_word' id='word_1_416' title='bbox 1888 580 2023 627; x_wconf 84' lang='lat' dir='ltr'><strong>vides</strong></span> <span class='ocrx_word' id='word_1_417' title='bbox 2056 580 2148 629; x_wconf 84' lang='lat' dir='ltr'><strong>Ph.</strong></span> <span class='ocrx_word' id='word_1_418' title='bbox 2183 580 2247 637; x_wconf 72' lang='lat' dir='ltr'><strong>iv,</strong></span> <span class='ocrx_word' id='word_1_419' title='bbox 2270 584 2319 629; x_wconf 93' lang='grc'><strong>3.</strong></span> <span class='ocrx_word' id='word_1_420' title='bbox 2344 580 2405 629; x_wconf 86' lang='grc'><strong>15</strong></span> <span class='ocrx_word' id='word_1_421' title='bbox 2460 580 2559 630; x_wconf 79' lang='lat' dir='ltr'><strong>Soli</strong></span> <span class='ocrx_word' id='word_1_422' title='bbox 2595 600 2673 632; x_wconf 60' lang='lat' dir='ltr'><strong>sua</strong></span> 
     </span>
     <span class='ocr_line' id='line_1_62' title="bbox 1616 645 2685 708; baseline -0.004 -16"><span class='ocrx_word' id='word_1_423' title='bbox 1616 660 1717 693; x_wconf 85' lang='lat' dir='ltr'><strong>mus</strong></span> <span class='ocrx_word' id='word_1_424' title='bbox 1756 660 1883 693; x_wconf 88' lang='lat' dir='ltr'><strong>nunc</strong></span> <span class='ocrx_word' id='word_1_425' title='bbox 1924 646 2021 698; x_wconf 85' lang='lat' dir='ltr'><strong>hic,</strong></span> <span class='ocrx_word' id='word_1_426' title='bbox 2066 645 2255 708; x_wconf 81' lang='lat' dir='ltr'><strong>inquam</strong></span> <span class='ocrx_word' id='word_1_427' title='bbox 2290 645 2379 695; x_wconf 89' lang='lat' dir='ltr'><strong>Ph.</strong></span> <span class='ocrx_word' id='word_1_428' title='bbox 2411 646 2479 702; x_wconf 87' lang='lat' dir='ltr'><strong>iv,</strong></span> <span class='ocrx_word' id='word_1_429' title='bbox 2513 652 2561 695; x_wconf 75' lang='grc'><strong>3.</strong></span> <span class='ocrx_word' id='word_1_430' title='bbox 2602 654 2685 699; x_wconf 65' lang='lat'><strong>20.</strong></span> 
     </span>
     <span class='ocr_line' id='line_1_63' title="bbox 1614 709 2673 773; baseline 0.003 -16"><span class='ocrx_word' id='word_1_431' title='bbox 1614 709 1815 765; x_wconf 82' lang='lat' dir='ltr'><strong>Quietus</strong></span> <span class='ocrx_word' id='word_1_432' title='bbox 1836 716 1955 765; x_wconf 88' lang='lat' dir='ltr'><strong>esto,</strong></span> <span class='ocrx_word' id='word_1_433' title='bbox 1978 710 2169 773; x_wconf 87' lang='lat' dir='ltr'><strong>inquam</strong></span> <span class='ocrx_word' id='word_1_434' title='bbox 2206 710 2295 759; x_wconf 89' lang='lat' dir='ltr'><strong>Ph.</strong></span> <span class='ocrx_word' id='word_1_435' title='bbox 2318 711 2382 765; x_wconf 85' lang='lat' dir='ltr'><strong>iv,</strong></span> <span class='ocrx_word' id='word_1_436' title='bbox 2404 716 2451 758; x_wconf 92' lang='grc'><strong>5.</strong></span> <span class='ocrx_word' id='word_1_437' title='bbox 2473 717 2499 760; x_wconf 88' lang='grc'><strong>1</strong></span> <span class='ocrx_word' id='word_1_438' title='bbox 2536 712 2673 760; x_wconf 78' lang='lat' dir='ltr'><strong>Nau·</strong></span> 
     </span>
     <span class='ocr_line' id='line_1_64' title="bbox 1613 774 2677 841; baseline 0.002 -20"><span class='ocrx_word' id='word_1_439' title='bbox 1613 774 1823 821; x_wconf 68' lang='lat' dir='ltr'><strong>sistram!</strong></span> <span class='ocrx_word' id='word_1_440' title='bbox 1853 774 2041 837; x_wconf 81' lang='lat' dir='ltr'><strong>inquam</strong></span> <span class='ocrx_word' id='word_1_441' title='bbox 2076 774 2164 821; x_wconf 85' lang='lat' dir='ltr'><strong>Ph.</strong></span> <span class='ocrx_word' id='word_1_442' title='bbox 2187 778 2297 829; x_wconf 77' lang='grc' dir='ltr'><strong>ν,7.</strong></span> <span class='ocrx_word' id='word_1_443' title='bbox 2316 779 2379 823; x_wconf 90' lang='grc'><strong>94</strong></span> <span class='ocrx_word' id='word_1_444' title='bbox 2415 776 2529 823; x_wconf 85' lang='lat' dir='ltr'><strong>Mea</strong></span> <span class='ocrx_word' id='word_1_445' title='bbox 2546 776 2677 841; x_wconf 69' lang='lat' dir='ltr'><strong>Gry-e</strong></span> 
     </span>
     <span class='ocr_line' id='line_1_65' title="bbox 1612 838 2671 901; baseline 0.003 -16"><span class='ocrx_word' id='word_1_446' title='bbox 1612 840 1803 891; x_wconf 81' lang='lat' dir='ltr'><strong>cerium,</strong></span> <span class='ocrx_word' id='word_1_447' title='bbox 1842 839 2013 901; x_wconf 87' lang='lat' dir='ltr'><strong>inquit,</strong></span> <span class='ocrx_word' id='word_1_448' title='bbox 2044 838 2163 901; x_wconf 86' lang='lat' dir='ltr'><strong>quid</strong></span> <span class='ocrx_word' id='word_1_449' title='bbox 2195 838 2327 901; x_wconf 80' lang='lat' dir='ltr'><strong>agis?</strong></span> <span class='ocrx_word' id='word_1_450' title='bbox 2361 838 2425 888; x_wconf 87' lang='lat' dir='ltr'><strong>A.</strong></span> <span class='ocrx_word' id='word_1_451' title='bbox 2445 840 2483 896; x_wconf 91' lang='lat' dir='ltr'><strong>i,</strong></span> <span class='ocrx_word' id='word_1_452' title='bbox 2507 845 2552 888; x_wconf 91' lang='lat'><strong>1.</strong></span> <span class='ocrx_word' id='word_1_453' title='bbox 2577 846 2671 893; x_wconf 78' lang='grc'><strong>107</strong></span> 
     </span>
     <span class='ocr_line' id='line_1_66' title="bbox 1613 902 2675 965; baseline 0.003 -14"><span class='ocrx_word' id='word_1_454' title='bbox 1613 902 1745 951; x_wconf 79' lang='lat' dir='ltr'><strong>Uxor</strong></span> <span class='ocrx_word' id='word_1_455' title='bbox 1765 903 1850 951; x_wconf 88' lang='lat' dir='ltr'><strong>tibi</strong></span> <span class='ocrx_word' id='word_1_456' title='bbox 1872 904 2089 951; x_wconf 90' lang='lat' dir='ltr'><strong>ducenda</strong></span> <span class='ocrx_word' id='word_1_457' title='bbox 2111 911 2199 958; x_wconf 88' lang='lat' dir='ltr'><strong>est,</strong></span> <span class='ocrx_word' id='word_1_458' title='bbox 2225 903 2487 965; x_wconf 78' lang='lat' dir='ltr'><strong>Pamphile,</strong></span> <span class='ocrx_word' id='word_1_459' title='bbox 2513 906 2675 962; x_wconf 72' lang='lat' dir='ltr'><strong>hodie,</strong></span> 
     </span>
     <span class='ocr_line' id='line_1_67' title="bbox 1613 966 2671 1033; baseline 0.005 -20"><span class='ocrx_word' id='word_1_460' title='bbox 1613 968 1783 1031; x_wconf 87' lang='lat' dir='ltr'><strong>inquit,</strong></span> <span class='ocrx_word' id='word_1_461' title='bbox 1824 976 1939 1030; x_wconf 85' lang='lat' dir='ltr'><strong>para</strong></span> <span class='ocrx_word' id='word_1_462' title='bbox 1979 966 2045 1015; x_wconf 88' lang='lat' dir='ltr'><strong>A.</strong></span> <span class='ocrx_word' id='word_1_463' title='bbox 2081 967 2121 1027; x_wconf 86' lang='lat' dir='ltr'><strong>i,</strong></span> <span class='ocrx_word' id='word_1_464' title='bbox 2152 972 2289 1017; x_wconf 87' lang='grc'><strong>5.19</strong></span> <span class='ocrx_word' id='word_1_465' title='bbox 2346 968 2459 1029; x_wconf 82' lang='lat' dir='ltr'><strong>Vix,</strong></span> <span class='ocrx_word' id='word_1_466' title='bbox 2500 968 2671 1033; x_wconf 87' lang='lat' dir='ltr'><strong>inquit,</strong></span> 
     </span>
     <span class='ocr_line' id='line_1_68' title="bbox 1612 1032 2671 1089; baseline 0.004 -10"><span class='ocrx_word' id='word_1_467' title='bbox 1612 1032 1845 1079; x_wconf 84' lang='lat' dir='ltr'><strong>drachmis</strong></span> <span class='ocrx_word' id='word_1_468' title='bbox 1864 1040 1937 1079; x_wconf 84' lang='lat' dir='ltr'><strong>est</strong></span> <span class='ocrx_word' id='word_1_469' title='bbox 1964 1035 2218 1079; x_wconf 70' lang='lat' dir='ltr'><strong>obsonatum</strong></span> <span class='ocrx_word' id='word_1_470' title='bbox 2254 1033 2419 1080; x_wconf 87' lang='lat' dir='ltr'><strong>decern</strong></span> <span class='ocrx_word' id='word_1_471' title='bbox 2452 1032 2513 1081; x_wconf 88' lang='lat' dir='ltr'><strong>A.</strong></span> <span class='ocrx_word' id='word_1_472' title='bbox 2548 1035 2597 1089; x_wconf 88' lang='lat' dir='ltr'><strong>ii,</strong></span> <span class='ocrx_word' id='word_1_473' title='bbox 2620 1040 2671 1083; x_wconf 85' lang='lat'><strong>6.</strong></span> 
     </span>
     <span class='ocr_line' id='line_1_69' title="bbox 1612 1092 2673 1160; baseline 0.002 -15"><span class='ocrx_word' id='word_1_474' title='bbox 1612 1100 1676 1145; x_wconf 86' lang='grc'><strong>20</strong></span> <span class='ocrx_word' id='word_1_475' title='bbox 1728 1096 1901 1153; x_wconf 84' lang='lat' dir='ltr'><strong>Quem,</strong></span> <span class='ocrx_word' id='word_1_476' title='bbox 1936 1096 2107 1160; x_wconf 85' lang='lat' dir='ltr'><strong>inquit,</strong></span> <span class='ocrx_word' id='word_1_477' title='bbox 2146 1098 2205 1143; x_wconf 84' lang='lat' dir='ltr'><strong>ad</strong></span> <span class='ocrx_word' id='word_1_478' title='bbox 2246 1112 2425 1144; x_wconf 86' lang='lat' dir='ltr'><strong>coenam</strong></span> <span class='ocrx_word' id='word_1_479' title='bbox 2449 1092 2673 1147; x_wconf 62' lang='lat' dir='ltr'><strong>&#39;vocabor</strong></span> 
     </span>
     <span class='ocr_line' id='line_1_70' title="bbox 1611 1159 2669 1220; baseline 0.004 -13"><span class='ocrx_word' id='word_1_480' title='bbox 1611 1159 1677 1207; x_wconf 85' lang='lat' dir='ltr'><strong>A.</strong></span> <span class='ocrx_word' id='word_1_481' title='bbox 1723 1162 1773 1217; x_wconf 86' lang='lat' dir='ltr'><strong>ii,</strong></span> <span class='ocrx_word' id='word_1_482' title='bbox 1808 1166 1857 1211; x_wconf 90' lang='grc'><strong>6.</strong></span> <span class='ocrx_word' id='word_1_483' title='bbox 1891 1165 1956 1210; x_wconf 90' lang='grc'><strong>22</strong></span> <span class='ocrx_word' id='word_1_484' title='bbox 2011 1160 2172 1208; x_wconf 87' lang='lat' dir='ltr'><strong>Heus!</strong></span> <span class='ocrx_word' id='word_1_485' title='bbox 2222 1162 2370 1209; x_wconf 82' lang='lat' dir='ltr'><strong>bens!</strong></span> <span class='ocrx_word' id='word_1_486' title='bbox 2414 1162 2501 1208; x_wconf 84' lang='lat' dir='ltr'><strong>tibi</strong></span> <span class='ocrx_word' id='word_1_487' title='bbox 2542 1164 2669 1220; x_wconf 89' lang='lat' dir='ltr'><strong>dico,</strong></span> 
     </span>
     <span class='ocr_line' id='line_1_71' title="bbox 1612 1225 2673 1290; baseline 0.002 -17"><span class='ocrx_word' id='word_1_488' title='bbox 1612 1226 1824 1281; x_wconf 84' lang='lat' dir='ltr'><strong>Chaerea,</strong></span> <span class='ocrx_word' id='word_1_489' title='bbox 1856 1225 2015 1289; x_wconf 85' lang='lat' dir='ltr'><strong>inquit</strong></span> <span class='ocrx_word' id='word_1_490' title='bbox 2049 1225 2135 1274; x_wconf 82' lang='lat' dir='ltr'><strong>Eu.</strong></span> <span class='ocrx_word' id='word_1_491' title='bbox 2172 1226 2223 1281; x_wconf 88' lang='lat' dir='ltr'><strong>ii,</strong></span> <span class='ocrx_word' id='word_1_492' title='bbox 2247 1230 2296 1275; x_wconf 89' lang='grc'><strong>3.</strong></span> <span class='ocrx_word' id='word_1_493' title='bbox 2318 1230 2381 1274; x_wconf 90' lang='grc'><strong>45</strong></span> <span class='ocrx_word' id='word_1_494' title='bbox 2434 1226 2556 1290; x_wconf 82' lang='lat' dir='ltr'><strong>Ego,</strong></span> <span class='ocrx_word' id='word_1_495' title='bbox 2598 1229 2673 1275; x_wconf 89' lang='lat' dir='ltr'><strong>in-·</strong></span> 
     </span>
     <span class='ocr_line' id='line_1_72' title="bbox 1611 1290 2675 1353; baseline 0.007 -17"><span class='ocrx_word' id='word_1_496' title='bbox 1611 1292 1731 1353; x_wconf 86' lang='lat' dir='ltr'><strong>quit,</strong></span> <span class='ocrx_word' id='word_1_497' title='bbox 1765 1291 1825 1337; x_wconf 81' lang='lat' dir='ltr'><strong>ad</strong></span> <span class='ocrx_word' id='word_1_498' title='bbox 1860 1306 2039 1337; x_wconf 84' lang='lat' dir='ltr'><strong>coenam</strong></span> <span class='ocrx_word' id='word_1_499' title='bbox 2077 1290 2188 1338; x_wconf 88' lang='lat' dir='ltr'><strong>hinc</strong></span> <span class='ocrx_word' id='word_1_500' title='bbox 2227 1306 2285 1339; x_wconf 84' lang='lat' dir='ltr'><strong>eo</strong></span> <span class='ocrx_word' id='word_1_501' title='bbox 2318 1290 2411 1340; x_wconf 86' lang='lat' dir='ltr'><strong>Eu.</strong></span> <span class='ocrx_word' id='word_1_502' title='bbox 2445 1291 2512 1346; x_wconf 89' lang='lat' dir='ltr'><strong>iii,</strong></span> <span class='ocrx_word' id='word_1_503' title='bbox 2536 1298 2585 1341; x_wconf 88' lang='grc'><strong>5.</strong></span> <span class='ocrx_word' id='word_1_504' title='bbox 2607 1298 2675 1343; x_wconf 82' lang='grc'><strong>32</strong></span> 
     </span>
     <span class='ocr_line' id='line_1_73' title="bbox 1614 1354 2677 1418; baseline 0.001 -15"><span class='ocrx_word' id='word_1_505' title='bbox 1614 1354 1757 1403; x_wconf 86' lang='lat' dir='ltr'><strong>Venit</strong></span> <span class='ocrx_word' id='word_1_506' title='bbox 1780 1370 1891 1410; x_wconf 85' lang='lat' dir='ltr'><strong>una,</strong></span> <span class='ocrx_word' id='word_1_507' title='bbox 1910 1356 2026 1402; x_wconf 82' lang='lat' dir='ltr'><strong>heus</strong></span> <span class='ocrx_word' id='word_1_508' title='bbox 2044 1361 2116 1410; x_wconf 84' lang='lat' dir='ltr'><strong>tu,</strong></span> <span class='ocrx_word' id='word_1_509' title='bbox 2132 1354 2304 1418; x_wconf 88' lang='lat' dir='ltr'><strong>inquit,</strong></span> <span class='ocrx_word' id='word_1_510' title='bbox 2327 1355 2456 1402; x_wconf 89' lang='lat' dir='ltr'><strong>Dore</strong></span> <span class='ocrx_word' id='word_1_511' title='bbox 2490 1355 2579 1402; x_wconf 86' lang='lat' dir='ltr'><strong>Eu.</strong></span> <span class='ocrx_word' id='word_1_512' title='bbox 2596 1357 2677 1417; x_wconf 77' lang='lat' dir='ltr'><strong>iii,-</strong></span> 
     </span>
     <span class='ocr_line' id='line_1_74' title="bbox 1612 1419 2677 1483; baseline 0.001 -15"><span class='ocrx_word' id='word_1_513' title='bbox 1612 1425 1661 1468; x_wconf 82' lang='grc'><strong>5.</strong></span> <span class='ocrx_word' id='word_1_514' title='bbox 1682 1424 1750 1468; x_wconf 92' lang='grc'><strong>46</strong></span> <span class='ocrx_word' id='word_1_515' title='bbox 1799 1420 1959 1467; x_wconf 87' lang='lat' dir='ltr'><strong>Heus!</strong></span> <span class='ocrx_word' id='word_1_516' title='bbox 1998 1419 2169 1482; x_wconf 86' lang='lat' dir='ltr'><strong>inquit,</strong></span> <span class='ocrx_word' id='word_1_517' title='bbox 2206 1435 2337 1481; x_wconf 86' lang='lat' dir='ltr'><strong>puer,</strong></span> <span class='ocrx_word' id='word_1_518' title='bbox 2373 1420 2677 1483; x_wconf 72' lang='lat' dir='ltr'><strong>Pamphilam</strong></span> 
     </span>
     <span class='ocr_line' id='line_1_75' title="bbox 1611 1483 2672 1540; baseline 0.006 -11"><span class='ocrx_word' id='word_1_519' title='bbox 1611 1498 1810 1540; x_wconf 77' lang='lat' dir='ltr'><strong>arcesse,</strong></span> <span class='ocrx_word' id='word_1_520' title='bbox 1836 1491 1888 1530; x_wconf 90' lang='lat' dir='ltr'><strong>ut</strong></span> <span class='ocrx_word' id='word_1_521' title='bbox 1908 1483 2115 1531; x_wconf 82' lang='lat' dir='ltr'><strong>delectet</strong></span> <span class='ocrx_word' id='word_1_522' title='bbox 2134 1485 2213 1532; x_wconf 85' lang='lat' dir='ltr'><strong>hic</strong></span> <span class='ocrx_word' id='word_1_523' title='bbox 2234 1500 2320 1531; x_wconf 85' lang='lat' dir='ltr'><strong>nos</strong></span> <span class='ocrx_word' id='word_1_524' title='bbox 2352 1483 2442 1532; x_wconf 87' lang='lat' dir='ltr'><strong>Eu.</strong></span> <span class='ocrx_word' id='word_1_525' title='bbox 2456 1485 2521 1539; x_wconf 71' lang='lat' dir='ltr'><strong>iv,</strong></span> <span class='ocrx_word' id='word_1_526' title='bbox 2542 1491 2585 1533; x_wconf 91' lang='lat' dir='ltr'><strong>l.</strong></span> <span class='ocrx_word' id='word_1_527' title='bbox 2612 1491 2672 1535; x_wconf 89' lang='grc'><strong>10</strong></span> 
     </span>
     <span class='ocr_line' id='line_1_76' title="bbox 1612 1546 2665 1612; baseline 0.005 -19"><span class='ocrx_word' id='word_1_528' title='bbox 1612 1546 1840 1611; x_wconf 76' lang='lat' dir='ltr'><strong>Quaequae</strong></span> <span class='ocrx_word' id='word_1_529' title='bbox 1863 1549 1956 1595; x_wconf 86' lang='lat' dir='ltr'><strong>fors</strong></span> <span class='ocrx_word' id='word_1_530' title='bbox 1974 1548 2159 1595; x_wconf 79' lang='lat' dir='ltr'><strong>fortuna</strong></span> <span class='ocrx_word' id='word_1_531' title='bbox 2182 1556 2269 1603; x_wconf 83' lang='lat' dir='ltr'><strong>est,</strong></span> <span class='ocrx_word' id='word_1_532' title='bbox 2292 1549 2449 1612; x_wconf 85' lang='lat' dir='ltr'><strong>inquit</strong></span> <span class='ocrx_word' id='word_1_533' title='bbox 2480 1549 2573 1599; x_wconf 85' lang='lat' dir='ltr'><strong>Hc.</strong></span> <span class='ocrx_word' id='word_1_534' title='bbox 2590 1549 2665 1608; x_wconf 85' lang='lat' dir='ltr'><strong>iii,</strong></span> 
     </span>
     <span class='ocr_line' id='line_1_77' title="bbox 1611 1612 2673 1676; baseline 0.003 -17"><span class='ocrx_word' id='word_1_535' title='bbox 1611 1616 1661 1660; x_wconf 84' lang='grc'><strong>3.</strong></span> <span class='ocrx_word' id='word_1_536' title='bbox 1682 1617 1747 1661; x_wconf 88' lang='grc'><strong>26</strong></span> <span class='ocrx_word' id='word_1_537' title='bbox 1780 1612 2037 1674; x_wconf 86' lang='lat' dir='ltr'><strong>Nunquam</strong></span> <span class='ocrx_word' id='word_1_538' title='bbox 2060 1628 2211 1675; x_wconf 82' lang='lat' dir='ltr'><strong>aeque,</strong></span> <span class='ocrx_word' id='word_1_539' title='bbox 2234 1614 2404 1676; x_wconf 88' lang='lat' dir='ltr'><strong>inquit,</strong></span> <span class='ocrx_word' id='word_1_540' title='bbox 2436 1628 2493 1662; x_wconf 77' lang='lat' dir='ltr'><strong>ac</strong></span> <span class='ocrx_word' id='word_1_541' title='bbox 2526 1615 2673 1663; x_wconf 81' lang='lat' dir='ltr'><strong>modo</strong></span> 
     </span>
     <span class='ocr_line' id='line_1_78' title="bbox 1612 1676 2673 1739; baseline 0.004 -16"><span class='ocrx_word' id='word_1_542' title='bbox 1612 1676 1704 1725; x_wconf 82' lang='lat' dir='ltr'><strong>Ph.</strong></span> <span class='ocrx_word' id='word_1_543' title='bbox 1730 1678 1763 1735; x_wconf 89' lang='lat' dir='ltr'><strong>i,</strong></span> <span class='ocrx_word' id='word_1_544' title='bbox 1786 1682 1835 1727; x_wconf 87' lang='grc'><strong>2.</strong></span> <span class='ocrx_word' id='word_1_545' title='bbox 1860 1683 1925 1725; x_wconf 83' lang='grc'><strong>43</strong></span> <span class='ocrx_word' id='word_1_546' title='bbox 1958 1676 2097 1732; x_wconf 81' lang='lat' dir='ltr'><strong>Satis,</strong></span> <span class='ocrx_word' id='word_1_547' title='bbox 2133 1678 2303 1739; x_wconf 88' lang='lat' dir='ltr'><strong>inquit,</strong></span> <span class='ocrx_word' id='word_1_548' title='bbox 2332 1678 2453 1725; x_wconf 80' lang='lat' dir='ltr'><strong>scita</strong></span> <span class='ocrx_word' id='word_1_549' title='bbox 2472 1685 2546 1727; x_wconf 83' lang='lat' dir='ltr'><strong>est</strong></span> <span class='ocrx_word' id='word_1_550' title='bbox 2578 1679 2673 1727; x_wconf 80' lang='lat' dir='ltr'><strong>Ph.</strong></span> 
     </span>
     <span class='ocr_line' id='line_1_79' title="bbox 1610 1739 2677 1807; baseline 0.005 -21"><span class='ocrx_word' id='word_1_551' title='bbox 1610 1739 1645 1797; x_wconf 89' lang='lat' dir='ltr'><strong>i,</strong></span> <span class='ocrx_word' id='word_1_552' title='bbox 1670 1746 1719 1789; x_wconf 86' lang='grc'><strong>2.</strong></span> <span class='ocrx_word' id='word_1_553' title='bbox 1744 1747 1807 1791; x_wconf 89' lang='grc'><strong>60</strong></span> <span class='ocrx_word' id='word_1_554' title='bbox 1863 1742 1987 1803; x_wconf 82' lang='lat' dir='ltr'><strong>Ege,</strong></span> <span class='ocrx_word' id='word_1_555' title='bbox 2023 1741 2193 1804; x_wconf 88' lang='lat' dir='ltr'><strong>inquit,</strong></span> <span class='ocrx_word' id='word_1_556' title='bbox 2238 1741 2331 1803; x_wconf 88' lang='lat' dir='ltr'><strong>jam</strong></span> <span class='ocrx_word' id='word_1_557' title='bbox 2370 1757 2397 1789; x_wconf 85' lang='lat' dir='ltr'><strong>a</strong></span> <span class='ocrx_word' id='word_1_558' title='bbox 2432 1743 2677 1807; x_wconf 70' lang='lat' dir='ltr'><strong>principio»</strong></span> 
     </span>
     <span class='ocr_line' id='line_1_80' title="bbox 1610 1806 2669 1869; baseline 0.006 -19"><span class='ocrx_word' id='word_1_559' title='bbox 1610 1806 1739 1852; x_wconf 83' lang='lat' dir='ltr'><strong>volui</strong></span> <span class='ocrx_word' id='word_1_560' title='bbox 1770 1806 1861 1853; x_wconf 86' lang='lat' dir='ltr'><strong>Ph.</strong></span> <span class='ocrx_word' id='word_1_561' title='bbox 1884 1806 1949 1868; x_wconf 78' lang='lat' dir='ltr'><strong>iv,</strong></span> <span class='ocrx_word' id='word_1_562' title='bbox 1968 1811 2015 1853; x_wconf 81' lang='grc'><strong>3.</strong></span> <span class='ocrx_word' id='word_1_563' title='bbox 2028 1810 2091 1856; x_wconf 89' lang='grc'><strong>45</strong></span> <span class='ocrx_word' id='word_1_564' title='bbox 2125 1806 2217 1853; x_wconf 80' lang='lat' dir='ltr'><strong>His</strong></span> <span class='ocrx_word' id='word_1_565' title='bbox 2237 1807 2373 1853; x_wconf 86' lang='lat' dir='ltr'><strong>rebus</strong></span> <span class='ocrx_word' id='word_1_566' title='bbox 2395 1822 2507 1855; x_wconf 84' lang='lat' dir='ltr'><strong>sane</strong></span> <span class='ocrx_word' id='word_1_567' title='bbox 2524 1822 2669 1869; x_wconf 87' lang='lat' dir='ltr'><strong>pone,</strong></span> 
     </span>
     <span class='ocr_line' id='line_1_81' title="bbox 1610 1870 2677 1933; baseline 0.007 -18"><span class='ocrx_word' id='word_1_568' title='bbox 1610 1870 1781 1933; x_wconf 84' lang='lat' dir='ltr'><strong>inquit,</strong></span> <span class='ocrx_word' id='word_1_569' title='bbox 1838 1872 2003 1917; x_wconf 84' lang='lat' dir='ltr'><strong>decem</strong></span> <span class='ocrx_word' id='word_1_570' title='bbox 2064 1870 2215 1917; x_wconf 85' lang='lat' dir='ltr'><strong>minas</strong></span> <span class='ocrx_word' id='word_1_571' title='bbox 2270 1871 2359 1918; x_wconf 84' lang='lat' dir='ltr'><strong>Ph.</strong></span> <span class='ocrx_word' id='word_1_572' title='bbox 2402 1872 2468 1928; x_wconf 81' lang='lat' dir='ltr'><strong>iv,</strong></span> <span class='ocrx_word' id='word_1_573' title='bbox 2512 1876 2559 1919; x_wconf 91' lang='grc'><strong>3.</strong></span> <span class='ocrx_word' id='word_1_574' title='bbox 2604 1878 2677 1923; x_wconf 80' lang='grc'><strong>62·</strong></span> 
     </span>
     <span class='ocr_line' id='line_1_82' title="bbox 1612 1935 2675 1999; baseline 0.003 -19"><span class='ocrx_word' id='word_1_575' title='bbox 1612 1935 1854 1990; x_wconf 77' lang='lat' dir='ltr'><strong>Quantum</strong></span> <span class='ocrx_word' id='word_1_576' title='bbox 1890 1943 2042 1998; x_wconf 80' lang='lat' dir='ltr'><strong>potes,</strong></span> <span class='ocrx_word' id='word_1_577' title='bbox 2086 1950 2158 1981; x_wconf 88' lang='lat' dir='ltr'><strong>me</strong></span> <span class='ocrx_word' id='word_1_578' title='bbox 2195 1936 2457 1991; x_wconf 83' lang='lat' dir='ltr'><strong>certiorem,</strong></span> <span class='ocrx_word' id='word_1_579' title='bbox 2496 1937 2675 1999; x_wconf 82' lang='lat' dir='ltr'><strong>inquit,-</strong></span> 
     </span>
     <span class='ocr_line' id='line_1_83' title="bbox 1610 1999 2680 2063; baseline 0.002 -18"><span class='ocrx_word' id='word_1_580' title='bbox 1610 1999 1712 2047; x_wconf 80' lang='lat' dir='ltr'><strong>face</strong></span> <span class='ocrx_word' id='word_1_581' title='bbox 1747 2000 1835 2048; x_wconf 86' lang='lat' dir='ltr'><strong>Ph.</strong></span> <span class='ocrx_word' id='word_1_582' title='bbox 1858 1999 1924 2055; x_wconf 87' lang='lat' dir='ltr'><strong>iv,</strong></span> <span class='ocrx_word' id='word_1_583' title='bbox 1946 2004 1995 2047; x_wconf 80' lang='grc'><strong>3.</strong></span> <span class='ocrx_word' id='word_1_584' title='bbox 2016 2003 2081 2048; x_wconf 91' lang='grc'><strong>69</strong></span> <span class='ocrx_word' id='word_1_585' title='bbox 2128 1999 2331 2047; x_wconf 75' lang='lat' dir='ltr'><strong>Fratrem</strong></span> <span class='ocrx_word' id='word_1_586' title='bbox 2366 2002 2477 2058; x_wconf 85' lang='lat' dir='ltr'><strong>huc,</strong></span> <span class='ocrx_word' id='word_1_587' title='bbox 2496 2001 2680 2063; x_wconf 68' lang='lat' dir='ltr'><strong>inquit,</strong></span> 
     </span>
     <span class='ocr_line' id='line_1_84' title="bbox 1612 2063 2671 2119; baseline -0.002 -8"><span class='ocrx_word' id='word_1_588' title='bbox 1612 2063 1735 2111; x_wconf 78' lang='lat' dir='ltr'><strong>senis</strong></span> <span class='ocrx_word' id='word_1_589' title='bbox 1771 2064 2035 2111; x_wconf 81' lang='lat' dir='ltr'><strong>introduxit</strong></span> <span class='ocrx_word' id='word_1_590' title='bbox 2065 2063 2156 2109; x_wconf 88' lang='lat' dir='ltr'><strong>Ph.</strong></span> <span class='ocrx_word' id='word_1_591' title='bbox 2178 2080 2223 2118; x_wconf 82' lang='lat' dir='ltr'><strong>v,</strong></span> <span class='ocrx_word' id='word_1_592' title='bbox 2246 2069 2295 2114; x_wconf 90' lang='grc'><strong>6.</strong></span> <span class='ocrx_word' id='word_1_593' title='bbox 2319 2068 2383 2112; x_wconf 89' lang='grc'><strong>25</strong></span> <span class='ocrx_word' id='word_1_594' title='bbox 2434 2065 2553 2119; x_wconf 86' lang='lat' dir='ltr'><strong>Quis</strong></span> <span class='ocrx_word' id='word_1_595' title='bbox 2582 2066 2671 2112; x_wconf 79' lang='lat' dir='ltr'><strong>erit</strong></span> 
     </span>
     <span class='ocr_line' id='line_1_85' title="bbox 1612 2126 2674 2190; baseline 0.003 -17"><span class='ocrx_word' id='word_1_596' title='bbox 1612 2142 1765 2173; x_wconf 86' lang='lat' dir='ltr'><strong>rumor</strong></span> <span class='ocrx_word' id='word_1_597' title='bbox 1798 2128 1981 2190; x_wconf 85' lang='lat' dir='ltr'><strong>populi,</strong></span> <span class='ocrx_word' id='word_1_598' title='bbox 2013 2128 2171 2190; x_wconf 89' lang='lat' dir='ltr'><strong>inquit</strong></span> <span class='ocrx_word' id='word_1_599' title='bbox 2204 2128 2294 2178; x_wconf 86' lang='lat' dir='ltr'><strong>Ph.</strong></span> <span class='ocrx_word' id='word_1_600' title='bbox 2316 2145 2362 2182; x_wconf 85' lang='lat' dir='ltr'><strong>v,</strong></span> <span class='ocrx_word' id='word_1_601' title='bbox 2385 2134 2434 2177; x_wconf 88' lang='grc'><strong>7.</strong></span> <span class='ocrx_word' id='word_1_602' title='bbox 2459 2134 2521 2177; x_wconf 87' lang='grc'><strong>18</strong></span> <span class='ocrx_word' id='word_1_603' title='bbox 2574 2126 2674 2184; x_wconf 70' lang='lat' dir='ltr'><strong>Tu,</strong></span> 
     </span>
     <span class='ocr_line' id='line_1_86' title="bbox 1610 2190 2671 2255; baseline 0.002 -17"><span class='ocrx_word' id='word_1_604' title='bbox 1610 2192 1799 2247; x_wconf 86' lang='lat' dir='ltr'><strong>ducam,</strong></span> <span class='ocrx_word' id='word_1_605' title='bbox 1814 2193 1997 2255; x_wconf 76' lang='lat' dir='ltr'><strong>inquies</strong></span> <span class='ocrx_word' id='word_1_606' title='bbox 2031 2190 2095 2239; x_wconf 92' lang='lat' dir='ltr'><strong>A.</strong></span> <span class='ocrx_word' id='word_1_607' title='bbox 2120 2190 2174 2245; x_wconf 81' lang='lat' dir='ltr'><strong>ii,</strong></span> <span class='ocrx_word' id='word_1_608' title='bbox 2198 2196 2247 2240; x_wconf 87' lang='grc'><strong>3.</strong></span> <span class='ocrx_word' id='word_1_609' title='bbox 2264 2197 2325 2241; x_wconf 82' lang='grc'><strong>14</strong></span> <span class='ocrx_word' id='word_1_610' title='bbox 2360 2192 2537 2239; x_wconf 82' lang='lat' dir='ltr'><strong>Eccum</strong></span> <span class='ocrx_word' id='word_1_611' title='bbox 2557 2209 2632 2240; x_wconf 87' lang='lat' dir='ltr'><strong>me</strong></span> <span class='ocrx_word' id='word_1_612' title='bbox 2652 2194 2671 2240; x_wconf 69' lang='lat'><strong>3·</strong></span> 
     </span>
     <span class='ocr_line' id='line_1_87' title="bbox 1612 2255 2124 2311; baseline 0.002 -8"><span class='ocrx_word' id='word_1_613' title='bbox 1612 2255 1661 2303; x_wconf 81' lang='lat' dir='ltr'><strong>in</strong></span> <span class='ocrx_word' id='word_1_614' title='bbox 1700 2272 1759 2302; x_wconf 77' lang='lat' dir='ltr'><strong>ue</strong></span> <span class='ocrx_word' id='word_1_615' title='bbox 1795 2255 1915 2304; x_wconf 77' lang='lat' dir='ltr'><strong>Hes.</strong></span> <span class='ocrx_word' id='word_1_616' title='bbox 1937 2258 2003 2311; x_wconf 85' lang='lat' dir='ltr'><strong>iv,</strong></span> <span class='ocrx_word' id='word_1_617' title='bbox 2026 2260 2073 2303; x_wconf 89' lang='grc'><strong>7.</strong></span> <span class='ocrx_word' id='word_1_618' title='bbox 2098 2261 2124 2304; x_wconf 91' lang='grc'><strong>1</strong></span> 
     </span>
    </p>

    <p class='ocr_par' dir='ltr' id='par_1_12' title="bbox 1608 2319 2730 2441">
     <span class='ocr_line' id='line_1_88' title="bbox 1652 2319 2730 2383; baseline 0.003 -17"><span class='ocrx_word' id='word_1_619' title='bbox 1652 2340 1660 2354; x_wconf 74' lang='lat'>=</span> <span class='ocrx_word' id='word_1_620' title='bbox 1702 2322 1881 2370; x_wconf 83' lang='lat' dir='ltr'><strong>nsania.</strong></span> <span class='ocrx_word' id='word_1_621' title='bbox 1947 2320 2020 2367; x_wconf 91' lang='lat' dir='ltr'><strong>Tu</strong></span> <span class='ocrx_word' id='word_1_622' title='bbox 2054 2320 2199 2367; x_wconf 87' lang='lat' dir='ltr'><strong>homo</strong></span> <span class='ocrx_word' id='word_1_623' title='bbox 2238 2319 2391 2383; x_wconf 80' lang='lat' dir='ltr'><strong>adigis</strong></span> <span class='ocrx_word' id='word_1_624' title='bbox 2412 2336 2487 2369; x_wconf 82' lang='lat' dir='ltr'><strong>me</strong></span> <span class='ocrx_word' id='word_1_625' title='bbox 2508 2322 2569 2368; x_wconf 85' lang='lat' dir='ltr'><strong>ad</strong></span> <span class='ocrx_word' id='word_1_626' title='bbox 2590 2321 2673 2369; x_wconf 62' lang='lat' dir='ltr'><strong>in«</strong></span> <span class='ocrx_word' id='word_1_627' title='bbox 2723 2373 2730 2378; x_wconf 54' lang='grc'>,</span> 
     </span>
     <span class='ocr_line' id='line_1_89' title="bbox 1608 2382 2125 2441; baseline 0.002 -9"><span class='ocrx_word' id='word_1_628' title='bbox 1608 2386 1785 2432; x_wconf 75' lang='lat' dir='ltr'><strong>saniem</strong></span> <span class='ocrx_word' id='word_1_629' title='bbox 1820 2384 1919 2434; x_wconf 88' lang='lat' dir='ltr'><strong>Ad.</strong></span> <span class='ocrx_word' id='word_1_630' title='bbox 1939 2382 2048 2441; x_wconf 81' lang='lat' dir='ltr'><strong>i,.2.</strong></span> <span class='ocrx_word' id='word_1_631' title='bbox 2070 2388 2125 2433; x_wconf 84' lang='grc'><strong>31</strong></span> 
     </span>
    </p>

    <p class='ocr_par' dir='ltr' id='par_1_13' title="bbox 1606 2447 2675 3413">
     <span class='ocr_line' id='line_1_90' title="bbox 1674 2447 2669 2514; baseline 0.001 -16"><span class='ocrx_word' id='word_1_632' title='bbox 1674 2450 1885 2500; x_wconf 80' lang='lat' dir='ltr'><strong>Insanio.</strong></span> <span class='ocrx_word' id='word_1_633' title='bbox 1951 2447 2155 2506; x_wconf 82' lang='lat' dir='ltr'><strong>Insanis,</strong></span> <span class='ocrx_word' id='word_1_634' title='bbox 2198 2448 2281 2514; x_wconf 86' lang='lat' dir='ltr'><strong>qui</strong></span> <span class='ocrx_word' id='word_1_635' title='bbox 2334 2448 2457 2498; x_wconf 84' lang='lat' dir='ltr'><strong>istuc</strong></span> <span class='ocrx_word' id='word_1_636' title='bbox 2512 2449 2669 2500; x_wconf 78' lang='lat' dir='ltr'><strong>facere</strong></span> 
     </span>
     <span class='ocr_line' id='line_1_91' title="bbox 1608 2513 2675 2578; baseline 0.002 -17"><span class='ocrx_word' id='word_1_637' title='bbox 1608 2513 1865 2563; x_wconf 81' lang='lat' dir='ltr'><strong>Eunuchus</strong></span> <span class='ocrx_word' id='word_1_638' title='bbox 1908 2515 2099 2578; x_wconf 87' lang='lat' dir='ltr'><strong>potuit?</strong></span> <span class='ocrx_word' id='word_1_639' title='bbox 2143 2513 2239 2564; x_wconf 84' lang='lat' dir='ltr'><strong>Eu.</strong></span> <span class='ocrx_word' id='word_1_640' title='bbox 2270 2515 2335 2570; x_wconf 83' lang='lat' dir='ltr'><strong>iv,</strong></span> <span class='ocrx_word' id='word_1_641' title='bbox 2357 2519 2405 2562; x_wconf 81' lang='grc'><strong>3.</strong></span> <span class='ocrx_word' id='word_1_642' title='bbox 2433 2521 2491 2563; x_wconf 89' lang='grc'><strong>15</strong></span> <span class='ocrx_word' id='word_1_643' title='bbox 2550 2515 2675 2564; x_wconf 73' lang='grc' dir='ltr'><strong>Νοιιι</strong></span> 
     </span>
     <span class='ocr_line' id='line_1_92' title="bbox 1609 2578 2673 2641; baseline 0.004 -16"><span class='ocrx_word' id='word_1_644' title='bbox 1609 2579 1821 2627; x_wconf 83' lang='lat' dir='ltr'><strong>clamas?</strong></span> <span class='ocrx_word' id='word_1_645' title='bbox 1872 2594 1969 2626; x_wconf 89' lang='lat' dir='ltr'><strong>non</strong></span> <span class='ocrx_word' id='word_1_646' title='bbox 2022 2579 2237 2626; x_wconf 79' lang='lat' dir='ltr'><strong>insanis?</strong></span> <span class='ocrx_word' id='word_1_647' title='bbox 2290 2578 2387 2626; x_wconf 87' lang='lat' dir='ltr'><strong>Ad.</strong></span> <span class='ocrx_word' id='word_1_648' title='bbox 2428 2580 2494 2641; x_wconf 85' lang='lat' dir='ltr'><strong>iv,</strong></span> <span class='ocrx_word' id='word_1_649' title='bbox 2538 2584 2587 2629; x_wconf 87' lang='grc'><strong>7.</strong></span> <span class='ocrx_word' id='word_1_650' title='bbox 2630 2585 2673 2632; x_wconf 66' lang='grc'>9</span> 
     </span>
     <span class='ocr_line' id='line_1_93' title="bbox 1610 2639 2673 2706; baseline 0.003 -16"><span class='ocrx_word' id='word_1_651' title='bbox 1610 2641 1810 2706; x_wconf 85' lang='lat' dir='ltr'><strong>Ineptis.</strong></span> <span class='ocrx_word' id='word_1_652' title='bbox 1843 2643 2046 2694; x_wconf 83' lang='lat' dir='ltr'><strong>Deliras.</strong></span> <span class='ocrx_word' id='word_1_653' title='bbox 2091 2643 2310 2690; x_wconf 81' lang='lat' dir='ltr'><strong>Insanis?</strong></span> <span class='ocrx_word' id='word_1_654' title='bbox 2344 2643 2491 2692; x_wconf 82' lang='lat' dir='ltr'><strong>aufer.</strong></span> <span class='ocrx_word' id='word_1_655' title='bbox 2526 2639 2673 2692; x_wconf 64' lang='lat' dir='ltr'><strong>antid</strong></span> 
     </span>
     <span class='ocr_line' id='line_1_94' title="bbox 1610 2706 2675 2770; baseline 0.004 -17"><span class='ocrx_word' id='word_1_656' title='bbox 1610 2721 1749 2754; x_wconf 79' lang='lat' dir='ltr'><strong>sanus</strong></span> <span class='ocrx_word' id='word_1_657' title='bbox 1774 2707 1859 2756; x_wconf 90' lang='lat' dir='ltr'><strong>es?</strong></span> <span class='ocrx_word' id='word_1_658' title='bbox 1894 2707 1991 2754; x_wconf 86' lang='lat' dir='ltr'><strong>Ad..</strong></span> <span class='ocrx_word' id='word_1_659' title='bbox 2015 2723 2061 2762; x_wconf 82' lang='lat' dir='ltr'><strong>v,</strong></span> <span class='ocrx_word' id='word_1_660' title='bbox 2086 2711 2137 2756; x_wconf 84' lang='lat'><strong>8.</strong></span> <span class='ocrx_word' id='word_1_661' title='bbox 2162 2713 2225 2757; x_wconf 90' lang='grc'><strong>1·4</strong></span> <span class='ocrx_word' id='word_1_662' title='bbox 2258 2706 2387 2770; x_wconf 77' lang='lat' dir='ltr'><strong>Age,</strong></span> <span class='ocrx_word' id='word_1_663' title='bbox 2409 2707 2449 2753; x_wconf 78' lang='lat' dir='ltr'><strong>si</strong></span> <span class='ocrx_word' id='word_1_664' title='bbox 2470 2709 2545 2756; x_wconf 86' lang='lat' dir='ltr'><strong>hic</strong></span> <span class='ocrx_word' id='word_1_665' title='bbox 2568 2723 2675 2757; x_wconf 80' lang='lat' dir='ltr'><strong>non·</strong></span> 
     </span>
     <span class='ocr_line' id='line_1_95' title="bbox 1609 2771 2673 2833; baseline 0.003 -17"><span class='ocrx_word' id='word_1_666' title='bbox 1609 2771 1785 2818; x_wconf 82' lang='lat' dir='ltr'><strong>insanit</strong></span> <span class='ocrx_word' id='word_1_667' title='bbox 1806 2773 1917 2818; x_wconf 84' lang='lat' dir='ltr'><strong>satis</strong></span> <span class='ocrx_word' id='word_1_668' title='bbox 1939 2787 2023 2818; x_wconf 85' lang='lat' dir='ltr'><strong>sua</strong></span> <span class='ocrx_word' id='word_1_669' title='bbox 2044 2779 2229 2832; x_wconf 80' lang='lat' dir='ltr'><strong>sponte,</strong></span> <span class='ocrx_word' id='word_1_670' title='bbox 2250 2772 2425 2833; x_wconf 84' lang='lat' dir='ltr'><strong>instiga</strong></span> <span class='ocrx_word' id='word_1_671' title='bbox 2446 2771 2509 2818; x_wconf 88' lang='lat' dir='ltr'><strong>A.</strong></span> <span class='ocrx_word' id='word_1_672' title='bbox 2530 2773 2595 2829; x_wconf 89' lang='lat' dir='ltr'><strong>iv,</strong></span> <span class='ocrx_word' id='word_1_673' title='bbox 2614 2778 2673 2824; x_wconf 73' lang='grc'><strong>2.</strong></span> 
     </span>
     <span class='ocr_line' id='line_1_96' title="bbox 1610 2835 2665 2898; baseline 0.002 -15"><span class='ocrx_word' id='word_1_674' title='bbox 1610 2839 1644 2884; x_wconf 86' lang='grc'><strong>9</strong></span> <span class='ocrx_word' id='word_1_675' title='bbox 1674 2835 1723 2882; x_wconf 83' lang='grc' dir='ltr'><strong>Α</strong></span> <span class='ocrx_word' id='word_1_676' title='bbox 1742 2837 1893 2898; x_wconf 86' lang='lat' dir='ltr'><strong>primo</strong></span> <span class='ocrx_word' id='word_1_677' title='bbox 1912 2836 2053 2882; x_wconf 87' lang='lat' dir='ltr'><strong>homo</strong></span> <span class='ocrx_word' id='word_1_678' title='bbox 2074 2835 2309 2882; x_wconf 70' lang='lat' dir='ltr'><strong>insanibat</strong></span> <span class='ocrx_word' id='word_1_679' title='bbox 2341 2835 2433 2883; x_wconf 89' lang='lat' dir='ltr'><strong>Ph.</strong></span> <span class='ocrx_word' id='word_1_680' title='bbox 2454 2837 2519 2890; x_wconf 82' lang='lat' dir='ltr'><strong>iv,</strong></span> <span class='ocrx_word' id='word_1_681' title='bbox 2536 2841 2585 2886; x_wconf 89' lang='grc'><strong>3.</strong></span> <span class='ocrx_word' id='word_1_682' title='bbox 2598 2841 2665 2888; x_wconf 78' lang='grc'><strong>37</strong></span> 
     </span>
     <span class='ocr_line' id='line_1_97' title="bbox 1608 2899 2674 2956; baseline 0.004 -11"><span class='ocrx_word' id='word_1_683' title='bbox 1608 2899 1759 2946; x_wconf 76' lang='lat' dir='ltr'><strong>Sanus</strong></span> <span class='ocrx_word' id='word_1_684' title='bbox 1782 2900 1888 2956; x_wconf 87' lang='lat' dir='ltr'><strong>sim,</strong></span> <span class='ocrx_word' id='word_1_685' title='bbox 1910 2915 2032 2946; x_wconf 78' lang='lat' dir='ltr'><strong>anne</strong></span> <span class='ocrx_word' id='word_1_686' title='bbox 2055 2899 2283 2946; x_wconf 79' lang='lat' dir='ltr'><strong>insaniem</strong></span> <span class='ocrx_word' id='word_1_687' title='bbox 2302 2901 2318 2946; x_wconf 72' lang='grc' dir='ltr'><strong><em>ἒ</em></strong></span> <span class='ocrx_word' id='word_1_688' title='bbox 2355 2899 2447 2946; x_wconf 89' lang='lat' dir='ltr'><strong>Eu.</strong></span> <span class='ocrx_word' id='word_1_689' title='bbox 2470 2899 2538 2956; x_wconf 88' lang='lat' dir='ltr'><strong>iii,</strong></span> <span class='ocrx_word' id='word_1_690' title='bbox 2560 2907 2609 2948; x_wconf 86' lang='grc'><strong>5.</strong></span> <span class='ocrx_word' id='word_1_691' title='bbox 2632 2905 2674 2949; x_wconf 72' lang='grc'><strong>8</strong></span> 
     </span>
     <span class='ocr_line' id='line_1_98' title="bbox 1609 2963 2665 3026; baseline 0.004 -17"><span class='ocrx_word' id='word_1_692' title='bbox 1609 2963 1846 3011; x_wconf 79' lang='lat' dir='ltr'><strong>Insaniam</strong></span> <span class='ocrx_word' id='word_1_693' title='bbox 1866 2964 2077 3026; x_wconf 82' lang='lat' dir='ltr'><strong>profecto</strong></span> <span class='ocrx_word' id='word_1_694' title='bbox 2100 2977 2207 3010; x_wconf 87' lang='lat' dir='ltr'><strong>cum</strong></span> <span class='ocrx_word' id='word_1_695' title='bbox 2228 2963 2311 3010; x_wconf 78' lang='lat' dir='ltr'><strong>illo</strong></span> <span class='ocrx_word' id='word_1_696' title='bbox 2343 2963 2441 3011; x_wconf 84' lang='lat' dir='ltr'><strong>Ad.</strong></span> <span class='ocrx_word' id='word_1_697' title='bbox 2474 2965 2509 3020; x_wconf 87' lang='lat' dir='ltr'><strong>i,</strong></span> <span class='ocrx_word' id='word_1_698' title='bbox 2531 2970 2577 3014; x_wconf 91' lang='grc'><strong>2.</strong></span> <span class='ocrx_word' id='word_1_699' title='bbox 2599 2969 2665 3016; x_wconf 84' lang='grc'><strong>67</strong></span> 
     </span>
     <span class='ocr_line' id='line_1_99' title="bbox 1610 3029 2675 3090; baseline 0.003 -15"><span class='ocrx_word' id='word_1_700' title='bbox 1610 3029 1767 3085; x_wconf 85' lang='lat' dir='ltr'><strong>Quam</strong></span> <span class='ocrx_word' id='word_1_701' title='bbox 1806 3029 1843 3076; x_wconf 89' lang='lat' dir='ltr'><strong>si</strong></span> <span class='ocrx_word' id='word_1_702' title='bbox 1881 3031 1965 3076; x_wconf 89' lang='lat' dir='ltr'><strong>des</strong></span> <span class='ocrx_word' id='word_1_703' title='bbox 2006 3043 2212 3090; x_wconf 82' lang='lat' dir='ltr'><strong>operam,</strong></span> <span class='ocrx_word' id='word_1_704' title='bbox 2248 3035 2304 3076; x_wconf 81' lang='lat' dir='ltr'><strong>ut</strong></span> <span class='ocrx_word' id='word_1_705' title='bbox 2338 3043 2447 3075; x_wconf 88' lang='lat' dir='ltr'><strong>cum</strong></span> <span class='ocrx_word' id='word_1_706' title='bbox 2484 3029 2675 3078; x_wconf 67' lang='lat' dir='ltr'><strong>ratione!</strong></span> 
     </span>
     <span class='ocr_line' id='line_1_100' title="bbox 1609 3092 2669 3152; baseline 0.004 -14"><span class='ocrx_word' id='word_1_707' title='bbox 1609 3093 1814 3140; x_wconf 79' lang='lat' dir='ltr'><strong>insanias</strong></span> <span class='ocrx_word' id='word_1_708' title='bbox 1847 3092 1937 3140; x_wconf 88' lang='lat' dir='ltr'><strong>En.</strong></span> <span class='ocrx_word' id='word_1_709' title='bbox 1973 3093 2007 3148; x_wconf 88' lang='lat' dir='ltr'><strong>i,</strong></span> <span class='ocrx_word' id='word_1_710' title='bbox 2031 3097 2079 3141; x_wconf 90' lang='lat'><strong>1.</strong></span> <span class='ocrx_word' id='word_1_711' title='bbox 2106 3096 2165 3140; x_wconf 89' lang='lat'><strong>18</strong></span> <span class='ocrx_word' id='word_1_712' title='bbox 2212 3092 2268 3140; x_wconf 89' lang='lat' dir='ltr'><strong>Id</strong></span> <span class='ocrx_word' id='word_1_713' title='bbox 2310 3092 2426 3148; x_wconf 86' lang='lat' dir='ltr'><strong>viso,</strong></span> <span class='ocrx_word' id='word_1_714' title='bbox 2464 3093 2669 3152; x_wconf 74' lang='lat' dir='ltr'><strong>tun·’‚sn</strong></span> 
     </span>
     <span class='ocr_line' id='line_1_101' title="bbox 1606 3156 2675 3221; baseline 0.003 -19"><span class='ocrx_word' id='word_1_715' title='bbox 1606 3156 1676 3202; x_wconf 81' lang='lat' dir='ltr'><strong>illi</strong></span> <span class='ocrx_word' id='word_1_716' title='bbox 1699 3157 1939 3205; x_wconf 74' lang='lat' dir='ltr'><strong>insaniant</strong></span> <span class='ocrx_word' id='word_1_717' title='bbox 1964 3157 2029 3206; x_wconf 81' lang='grc' dir='ltr'><strong>Α.</strong></span> <span class='ocrx_word' id='word_1_718' title='bbox 2054 3156 2123 3211; x_wconf 83' lang='lat' dir='ltr'><strong>iii,</strong></span> <span class='ocrx_word' id='word_1_719' title='bbox 2144 3161 2193 3204; x_wconf 75' lang='lat'><strong>3.</strong></span> <span class='ocrx_word' id='word_1_720' title='bbox 2214 3161 2243 3205; x_wconf 86' lang='grc'><strong>3</strong></span> <span class='ocrx_word' id='word_1_721' title='bbox 2286 3157 2487 3204; x_wconf 82' lang='lat' dir='ltr'><strong>Minime</strong></span> <span class='ocrx_word' id='word_1_722' title='bbox 2509 3159 2675 3221; x_wconf 63' lang='lat' dir='ltr'><strong>miror,</strong></span> 
     </span>
     <span class='ocr_line' id='line_1_102' title="bbox 1608 3220 2658 3284; baseline 0.001 -17"><span class='ocrx_word' id='word_1_723' title='bbox 1608 3223 1691 3284; x_wconf 87' lang='lat' dir='ltr'><strong>qni</strong></span> <span class='ocrx_word' id='word_1_724' title='bbox 1710 3222 1911 3269; x_wconf 81' lang='lat' dir='ltr'><strong>insanire</strong></span> <span class='ocrx_word' id='word_1_725' title='bbox 1936 3222 2184 3284; x_wconf 75' lang='lat' dir='ltr'><strong>occipiunt</strong></span> <span class='ocrx_word' id='word_1_726' title='bbox 2200 3237 2255 3268; x_wconf 82' lang='lat' dir='ltr'><strong>ex</strong></span> <span class='ocrx_word' id='word_1_727' title='bbox 2278 3220 2450 3284; x_wconf 79' lang='lat' dir='ltr'><strong>injuria</strong></span> <span class='ocrx_word' id='word_1_728' title='bbox 2480 3221 2581 3270; x_wconf 87' lang='lat' dir='ltr'><strong>Ad.</strong></span> <span class='ocrx_word' id='word_1_729' title='bbox 2604 3223 2658 3280; x_wconf 86' lang='lat' dir='ltr'><strong>ii,</strong></span> 
     </span>
     <span class='ocr_line' id='line_1_103' title="bbox 1608 3286 2667 3350; baseline 0 -16"><span class='ocrx_word' id='word_1_730' title='bbox 1608 3291 1657 3334; x_wconf 80' lang='lat'><strong>}.</strong></span> <span class='ocrx_word' id='word_1_731' title='bbox 1677 3291 1741 3336; x_wconf 80' lang='grc'><strong>43</strong></span> <span class='ocrx_word' id='word_1_732' title='bbox 1792 3287 2021 3334; x_wconf 76' lang='lat' dir='ltr'><strong>Factunr:</strong></span> <span class='ocrx_word' id='word_1_733' title='bbox 2059 3301 2217 3332; x_wconf 80' lang='lat' dir='ltr'><strong>verum</strong></span> <span class='ocrx_word' id='word_1_734' title='bbox 2250 3286 2383 3334; x_wconf 83' lang='lat' dir='ltr'><strong>venit</strong></span> <span class='ocrx_word' id='word_1_735' title='bbox 2411 3293 2519 3350; x_wconf 85' lang='lat' dir='ltr'><strong>post</strong></span> <span class='ocrx_word' id='word_1_736' title='bbox 2540 3287 2667 3335; x_wconf 67' lang='lat' dir='ltr'><strong>insa«</strong></span> 
     </span>
     <span class='ocr_line' id='line_1_104' title="bbox 1606 3350 2118 3413; baseline 0.002 -16"><span class='ocrx_word' id='word_1_737' title='bbox 1606 3350 1745 3398; x_wconf 86' lang='lat' dir='ltr'><strong>niens</strong></span> <span class='ocrx_word' id='word_1_738' title='bbox 1776 3351 1873 3398; x_wconf 75' lang='lat' dir='ltr'><strong>Ad.</strong></span> <span class='ocrx_word' id='word_1_739' title='bbox 1893 3351 1959 3413; x_wconf 75' lang='lat' dir='ltr'><strong>iv,</strong></span> <span class='ocrx_word' id='word_1_740' title='bbox 1980 3356 2029 3400; x_wconf 90' lang='grc'><strong>2.</strong></span> <span class='ocrx_word' id='word_1_741' title='bbox 2050 3354 2118 3400; x_wconf 91' lang='grc'><strong>22-</strong></span> 
     </span>
    </p>

    <p class='ocr_par' dir='ltr' id='par_1_14' title="bbox 1605 3414 2671 3922">
     <span class='ocr_line' id='line_1_105' title="bbox 1672 3414 2671 3479; baseline 0.001 -16"><span class='ocrx_word' id='word_1_742' title='bbox 1672 3415 1893 3476; x_wconf 83' lang='lat' dir='ltr'><strong>Insanus,</strong></span> <span class='ocrx_word' id='word_1_743' title='bbox 1916 3431 1962 3472; x_wconf 84' lang='lat' dir='ltr'><strong>a,</strong></span> <span class='ocrx_word' id='word_1_744' title='bbox 1984 3431 2079 3462; x_wconf 91' lang='lat' dir='ltr'><strong>um.</strong></span> <span class='ocrx_word' id='word_1_745' title='bbox 2144 3414 2327 3468; x_wconf 87' lang='lat' dir='ltr'><strong>Timeo.</strong></span> <span class='ocrx_word' id='word_1_746' title='bbox 2350 3431 2413 3462; x_wconf 88' lang='lat' dir='ltr'><strong>ne</strong></span> <span class='ocrx_word' id='word_1_747' title='bbox 2428 3414 2671 3479; x_wconf 78' lang='lat' dir='ltr'><strong>quamilie&#39;</strong></span> 
     </span>
     <span class='ocr_line' id='line_1_106' title="bbox 1605 3479 2671 3535; baseline 0.004 -11"><span class='ocrx_word' id='word_1_748' title='bbox 1605 3480 1748 3528; x_wconf 85' lang='lat' dir='ltr'><strong>hodie</strong></span> <span class='ocrx_word' id='word_1_749' title='bbox 1790 3481 1979 3527; x_wconf 79' lang='lat' dir='ltr'><strong>insanus</strong></span> <span class='ocrx_word' id='word_1_750' title='bbox 2021 3481 2203 3527; x_wconf 74' lang='lat' dir='ltr'><strong>turbam</strong></span> <span class='ocrx_word' id='word_1_751' title='bbox 2245 3479 2403 3535; x_wconf 75' lang='lat' dir='ltr'><strong>faciat,</strong></span> <span class='ocrx_word' id='word_1_752' title='bbox 2446 3488 2531 3528; x_wconf 84' lang='lat' dir='ltr'><strong>aut</strong></span> <span class='ocrx_word' id='word_1_753' title='bbox 2568 3481 2671 3528; x_wconf 83' lang='lat' dir='ltr'><strong>virn-</strong></span> 
     </span>
     <span class='ocr_line' id='line_1_107' title="bbox 1606 3543 2660 3600; baseline 0.001 -11"><span class='ocrx_word' id='word_1_754' title='bbox 1606 3543 1701 3591; x_wconf 84' lang='lat' dir='ltr'><strong>Eu.</strong></span> <span class='ocrx_word' id='word_1_755' title='bbox 1730 3546 1795 3600; x_wconf 86' lang='lat' dir='ltr'><strong>iv,</strong></span> <span class='ocrx_word' id='word_1_756' title='bbox 1821 3549 1866 3593; x_wconf 94' lang='grc'><strong>1.</strong></span> <span class='ocrx_word' id='word_1_757' title='bbox 1890 3549 1923 3593; x_wconf 85' lang='grc'><strong>2</strong></span> <span class='ocrx_word' id='word_1_758' title='bbox 1970 3545 2067 3593; x_wconf 92' lang='lat' dir='ltr'><strong>Cur</strong></span> <span class='ocrx_word' id='word_1_759' title='bbox 2096 3545 2265 3592; x_wconf 87' lang='lat' dir='ltr'><strong>insano</strong></span> <span class='ocrx_word' id='word_1_760' title='bbox 2302 3545 2503 3590; x_wconf 83' lang='lat' dir='ltr'><strong>serviat?</strong></span> <span class='ocrx_word' id='word_1_761' title='bbox 2538 3544 2660 3592; x_wconf 82' lang='lat' dir='ltr'><strong>Hea.</strong></span> 
     </span>
     <span class='ocr_line' id='line_1_108' title="bbox 1608 3607 2661 3672; baseline 0 -18"><span class='ocrx_word' id='word_1_762' title='bbox 1608 3607 1734 3656; x_wconf 73' lang='lat' dir='ltr'><strong>Pron.</strong></span> <span class='ocrx_word' id='word_1_763' title='bbox 1752 3615 1817 3658; x_wconf 81' lang='grc'><strong>32</strong></span> <span class='ocrx_word' id='word_1_764' title='bbox 1849 3609 2093 3672; x_wconf 82' lang='lat' dir='ltr'><strong>Nusquam</strong></span> <span class='ocrx_word' id='word_1_765' title='bbox 2107 3609 2325 3656; x_wconf 82' lang='lat' dir='ltr'><strong>insanum</strong></span> <span class='ocrx_word' id='word_1_766' title='bbox 2342 3608 2527 3670; x_wconf 80' lang='lat' dir='ltr'><strong>scripsit</strong></span> <span class='ocrx_word' id='word_1_767' title='bbox 2544 3610 2661 3655; x_wconf 81' lang='lat' dir='ltr'><strong>ado-</strong></span> 
     </span>
     <span class='ocr_line' id='line_1_109' title="bbox 1606 3672 2661 3734; baseline 0 -15"><span class='ocrx_word' id='word_1_768' title='bbox 1606 3673 1913 3722; x_wconf 84' lang='lat' dir='ltr'><strong>lescentulum</strong></span> <span class='ocrx_word' id='word_1_769' title='bbox 1956 3689 2135 3722; x_wconf 76' lang='lat' dir='ltr'><strong>cervam</strong></span> <span class='ocrx_word' id='word_1_770' title='bbox 2178 3672 2333 3720; x_wconf 71' lang='lat' dir='ltr'><strong>videre</strong></span> <span class='ocrx_word' id='word_1_771' title='bbox 2370 3672 2531 3734; x_wconf 81' lang='lat' dir='ltr'><strong>fugere</strong></span> <span class='ocrx_word' id='word_1_772' title='bbox 2570 3673 2661 3720; x_wconf 80' lang='lat' dir='ltr'><strong>Ph.</strong></span> 
     </span>
     <span class='ocr_line' id='line_1_110' title="bbox 1606 3737 2663 3798; baseline 0 -14"><span class='ocrx_word' id='word_1_773' title='bbox 1606 3737 1733 3785; x_wconf 83' lang='lat' dir='ltr'><strong>Prol.</strong></span> <span class='ocrx_word' id='word_1_774' title='bbox 1754 3743 1787 3787; x_wconf 88' lang='grc'><strong>6</strong></span> <span class='ocrx_word' id='word_1_775' title='bbox 1838 3738 1931 3784; x_wconf 86' lang='lat' dir='ltr'><strong>Hic</strong></span> <span class='ocrx_word' id='word_1_776' title='bbox 1964 3738 2177 3784; x_wconf 79' lang='lat' dir='ltr'><strong>homines</strong></span> <span class='ocrx_word' id='word_1_777' title='bbox 2201 3751 2405 3798; x_wconf 87' lang='lat' dir='ltr'><strong>prorsum</strong></span> <span class='ocrx_word' id='word_1_778' title='bbox 2428 3753 2485 3782; x_wconf 88' lang='lat' dir='ltr'><strong>ex</strong></span> <span class='ocrx_word' id='word_1_779' title='bbox 2508 3737 2663 3784; x_wconf 83' lang='lat' dir='ltr'><strong>stultis</strong></span> 
     </span>
     <span class='ocr_line' id='line_1_111' title="bbox 1606 3799 2661 3861; baseline 0 -13"><span class='ocrx_word' id='word_1_780' title='bbox 1606 3803 1795 3849; x_wconf 83' lang='lat' dir='ltr'><strong>insanos</strong></span> <span class='ocrx_word' id='word_1_781' title='bbox 1828 3803 1943 3850; x_wconf 81' lang='lat' dir='ltr'><strong>facit</strong></span> <span class='ocrx_word' id='word_1_782' title='bbox 1975 3803 2066 3849; x_wconf 88' lang='lat' dir='ltr'><strong>Eu.</strong></span> <span class='ocrx_word' id='word_1_783' title='bbox 2090 3802 2142 3861; x_wconf 84' lang='lat' dir='ltr'><strong>ii,</strong></span> <span class='ocrx_word' id='word_1_784' title='bbox 2164 3805 2213 3850; x_wconf 88' lang='grc'><strong>2.</strong></span> <span class='ocrx_word' id='word_1_785' title='bbox 2238 3805 2300 3850; x_wconf 79' lang='grc'><strong>23</strong></span> <span class='ocrx_word' id='word_1_786' title='bbox 2346 3799 2493 3847; x_wconf 85' lang='lat' dir='ltr'><strong>Abin&#39;</strong></span> <span class='ocrx_word' id='word_1_787' title='bbox 2530 3801 2661 3856; x_wconf 82' lang='lat' dir='ltr'><strong>hinc,</strong></span> 
     </span>
     <span class='ocr_line' id='line_1_112' title="bbox 1608 3867 2160 3922; baseline -0.002 -9"><span class='ocrx_word' id='word_1_788' title='bbox 1608 3868 1807 3914; x_wconf 85' lang='lat' dir='ltr'><strong>insana?</strong></span> <span class='ocrx_word' id='word_1_789' title='bbox 1842 3867 1932 3915; x_wconf 91' lang='lat' dir='ltr'><strong>Eu.</strong></span> <span class='ocrx_word' id='word_1_790' title='bbox 1958 3883 2001 3922; x_wconf 78' lang='lat' dir='ltr'><strong>v,</strong></span> <span class='ocrx_word' id='word_1_791' title='bbox 2023 3872 2071 3915; x_wconf 94' lang='grc'><strong>2.</strong></span> <span class='ocrx_word' id='word_1_792' title='bbox 2096 3870 2160 3914; x_wconf 87' lang='grc'><strong>22</strong></span> 
     </span>
    </p>

    <p class='ocr_par' dir='ltr' id='par_1_15' title="bbox 1607 3927 2667 4380">
     <span class='ocr_line' id='line_1_113' title="bbox 1672 3927 2659 3981; baseline -0.003 -3"><span class='ocrx_word' id='word_1_793' title='bbox 1672 3932 1903 3981; x_wconf 85' lang='lat' dir='ltr'><strong>Insciens.</strong></span> <span class='ocrx_word' id='word_1_794' title='bbox 1970 3929 2257 3978; x_wconf 80' lang='lat' dir='ltr'><strong>Jocularium</strong></span> <span class='ocrx_word' id='word_1_795' title='bbox 2296 3927 2346 3975; x_wconf 87' lang='lat' dir='ltr'><strong>in</strong></span> <span class='ocrx_word' id='word_1_796' title='bbox 2383 3928 2553 3975; x_wconf 84' lang='lat' dir='ltr'><strong>malum</strong></span> <span class='ocrx_word' id='word_1_797' title='bbox 2589 3927 2659 3975; x_wconf 78' lang='lat' dir='ltr'><strong>iu-</strong></span> 
     </span>
     <span class='ocr_line' id='line_1_114' title="bbox 1607 3992 2667 4060; baseline -0.003 -16"><span class='ocrx_word' id='word_1_798' title='bbox 1607 3998 1757 4044; x_wconf 84' lang='lat' dir='ltr'><strong>sciens</strong></span> <span class='ocrx_word' id='word_1_799' title='bbox 1784 4011 1921 4060; x_wconf 81' lang='lat' dir='ltr'><strong>paene</strong></span> <span class='ocrx_word' id='word_1_800' title='bbox 1939 3996 2087 4042; x_wconf 86' lang='lat' dir='ltr'><strong>incidi</strong></span> <span class='ocrx_word' id='word_1_801' title='bbox 2122 3993 2187 4042; x_wconf 94' lang='lat' dir='ltr'><strong>A.</strong></span> <span class='ocrx_word' id='word_1_802' title='bbox 2210 3995 2277 4048; x_wconf 83' lang='lat' dir='ltr'><strong>iv,</strong></span> <span class='ocrx_word' id='word_1_803' title='bbox 2299 3998 2345 4041; x_wconf 88' lang='grc'><strong>4.</strong></span> <span class='ocrx_word' id='word_1_804' title='bbox 2368 3997 2431 4040; x_wconf 84' lang='grc'><strong>43</strong></span> <span class='ocrx_word' id='word_1_805' title='bbox 2478 3992 2529 4038; x_wconf 87' lang='lat' dir='ltr'><strong>Si</strong></span> <span class='ocrx_word' id='word_1_806' title='bbox 2550 4009 2667 4056; x_wconf 89' lang='lat' dir='ltr'><strong>pec-</strong></span> 
     </span>
     <span class='ocr_line' id='line_1_115' title="bbox 1607 4057 2660 4117; baseline -0.008 -8"><span class='ocrx_word' id='word_1_807' title='bbox 1607 4064 1727 4117; x_wconf 84' lang='lat' dir='ltr'><strong>cavi,</strong></span> <span class='ocrx_word' id='word_1_808' title='bbox 1750 4063 1811 4106; x_wconf 86' lang='lat' dir='ltr'><strong>mi</strong></span> <span class='ocrx_word' id='word_1_809' title='bbox 1837 4062 2053 4115; x_wconf 86' lang='lat' dir='ltr'><strong>Chreme,</strong></span> <span class='ocrx_word' id='word_1_810' title='bbox 2088 4059 2289 4105; x_wconf 80' lang='lat' dir='ltr'><strong>insciens</strong></span> <span class='ocrx_word' id='word_1_811' title='bbox 2320 4057 2409 4103; x_wconf 81' lang='lat' dir='ltr'><strong>feci</strong></span> <span class='ocrx_word' id='word_1_812' title='bbox 2449 4057 2571 4103; x_wconf 85' lang='lat' dir='ltr'><strong>Hea.</strong></span> <span class='ocrx_word' id='word_1_813' title='bbox 2592 4057 2660 4114; x_wconf 79' lang='lat' dir='ltr'><strong>iv,</strong></span> 
     </span>
     <span class='ocr_line' id='line_1_116' title="bbox 1609 4121 2659 4181; baseline -0.007 -6"><span class='ocrx_word' id='word_1_814' title='bbox 1609 4130 1655 4175; x_wconf 84' lang='lat'><strong>1.</strong></span> <span class='ocrx_word' id='word_1_815' title='bbox 1686 4131 1745 4174; x_wconf 86' lang='grc'><strong>19</strong></span> <span class='ocrx_word' id='word_1_816' title='bbox 1796 4127 2009 4181; x_wconf 80' lang='lat' dir='ltr'><strong>Quantas</strong></span> <span class='ocrx_word' id='word_1_817' title='bbox 2031 4126 2187 4170; x_wconf 83' lang='lat' dir='ltr'><strong>turbas</strong></span> <span class='ocrx_word' id='word_1_818' title='bbox 2210 4121 2393 4170; x_wconf 87' lang='lat' dir='ltr'><strong>concivi</strong></span> <span class='ocrx_word' id='word_1_819' title='bbox 2426 4121 2659 4168; x_wconf 74' lang='lat' dir='ltr'><strong>insciens!</strong></span> 
     </span>
     <span class='ocr_line' id='line_1_117' title="bbox 1608 4186 2659 4245; baseline -0.002 -9"><span class='ocrx_word' id='word_1_820' title='bbox 1608 4191 1730 4238; x_wconf 85' lang='lat' dir='ltr'><strong>Hea.</strong></span> <span class='ocrx_word' id='word_1_821' title='bbox 1754 4207 1798 4245; x_wconf 85' lang='lat' dir='ltr'><strong>v,</strong></span> <span class='ocrx_word' id='word_1_822' title='bbox 1823 4195 1869 4238; x_wconf 90' lang='grc'><strong>2.</strong></span> <span class='ocrx_word' id='word_1_823' title='bbox 1896 4194 1951 4238; x_wconf 87' lang='grc'><strong>17</strong></span> <span class='ocrx_word' id='word_1_824' title='bbox 2002 4189 2143 4236; x_wconf 85' lang='lat' dir='ltr'><strong>Certo</strong></span> <span class='ocrx_word' id='word_1_825' title='bbox 2164 4187 2283 4240; x_wconf 83' lang='lat' dir='ltr'><strong>scio,</strong></span> <span class='ocrx_word' id='word_1_826' title='bbox 2306 4194 2353 4233; x_wconf 90' lang='lat' dir='ltr'><strong>te</strong></span> <span class='ocrx_word' id='word_1_827' title='bbox 2384 4186 2659 4234; x_wconf 85' lang='lat' dir='ltr'><strong>inscientem</strong></span> 
     </span>
     <span class='ocr_line' id='line_1_118' title="bbox 1608 4251 2661 4318; baseline -0.004 -16"><span class='ocrx_word' id='word_1_828' title='bbox 1608 4263 1749 4318; x_wconf 75' lang='lat' dir='ltr'><strong>arque</strong></span> <span class='ocrx_word' id='word_1_829' title='bbox 1794 4254 2135 4315; x_wconf 82' lang='lat' dir='ltr'><strong>imprudentem</strong></span> <span class='ocrx_word' id='word_1_830' title='bbox 2182 4251 2352 4306; x_wconf 88' lang='lat' dir='ltr'><strong>dicere,</strong></span> <span class='ocrx_word' id='word_1_831' title='bbox 2406 4266 2463 4298; x_wconf 83' lang='lat' dir='ltr'><strong>ac</strong></span> <span class='ocrx_word' id='word_1_832' title='bbox 2504 4251 2661 4298; x_wconf 77' lang='lat' dir='ltr'><strong>facere</strong></span> 
     </span>
     <span class='ocr_line' id='line_1_119' title="bbox 1610 4315 2659 4380; baseline -0.002 -14"><span class='ocrx_word' id='word_1_833' title='bbox 1610 4319 1729 4366; x_wconf 83' lang='lat' dir='ltr'><strong>Hea.</strong></span> <span class='ocrx_word' id='word_1_834' title='bbox 1746 4320 1809 4380; x_wconf 83' lang='lat' dir='ltr'><strong>iv,</strong></span> <span class='ocrx_word' id='word_1_835' title='bbox 1829 4323 1877 4367; x_wconf 93' lang='grc'><strong>1.</strong></span> <span class='ocrx_word' id='word_1_836' title='bbox 1897 4315 1960 4366; x_wconf 87' lang='grc'><strong>20</strong></span> <span class='ocrx_word' id='word_1_837' title='bbox 1986 4316 2088 4364; x_wconf 66' lang='lat' dir='ltr'><strong>Acbi</strong></span> <span class='ocrx_word' id='word_1_838' title='bbox 2099 4317 2177 4373; x_wconf 88' lang='lat' dir='ltr'><strong>sis,</strong></span> <span class='ocrx_word' id='word_1_839' title='bbox 2191 4315 2395 4364; x_wconf 87' lang='lat' dir='ltr'><strong>insciens</strong></span> <span class='ocrx_word' id='word_1_840' title='bbox 2412 4315 2499 4362; x_wconf 86' lang='lat' dir='ltr'><strong>Ph.</strong></span> <span class='ocrx_word' id='word_1_841' title='bbox 2514 4316 2551 4370; x_wconf 88' lang='lat' dir='ltr'><strong>i,</strong></span> <span class='ocrx_word' id='word_1_842' title='bbox 2562 4318 2609 4362; x_wconf 90' lang='grc'><strong>2.</strong></span> <span class='ocrx_word' id='word_1_843' title='bbox 2625 4319 2659 4364; x_wconf 76' lang='lat'><em>9</em></span> 
     </span>
    </p>
   </div>
  </div>
 </body>
</html>
