3192 4975
1243 444 1322 494 m
1369 443 1858 495 Tnnssn'rluu.

459 595 554 645 Eu.
573 596 611 653 i,
629 600 680 647 2.
702 599 798 645 126
829 592 1044 644 Conveni
1065 592 1158 642 mei
1180 592 1272 643 loci
1295 594 1422 650 hinc,
1445 603 1516 643 at-

459 661 768 725 queordinis,
791 659 1028 707 hominem
1061 658 1155 708 Eu.
1195 658 1248 714 ii.
1273 666 1322 707 2.
1341 664 1372 708 3
1407 659 1516 709 Hoc

459 740 588 775 nunc
601 725 742 780 dicis,
764 724 942 786 ejectos
961 724 1072 771 hinc
1086 738 1174 771 nos
1203 722 1294 771 Eu.
1315 724 1370 778 ii,
1385 728 1434 775 2.
1451 730 1513 775 45

456 789 587 837 Num
607 804 747 852 quem
769 788 954 836 evocari
987 788 1100 836 hinc
1120 788 1190 835 vis
1210 787 1368 835 foras?
1425 789 1516 840 Eu.

457 854 512 910 ii,
535 860 581 903 2.
603 858 667 903 52
843 852 954 900 hinc
975 853 1114 910 abeo,
1136 859 1187 900 tu
1209 852 1344 899 istam
1368 868 1516 917 oppe-

455 918 684 968 rire·Eu.
724 917 796 975 iii,
833 922 881 967 2.
908 919 970 965 41
1024 916 1196 965 Procul
1233 917 1344 965 hinc
1387 917 1520 965 lubet

451 982 602 1045 prius.
643 982 759 1045 quid
802 980 900 1036 sit,‘
936 981 1160 1029 sciscitmi
1207 980 1297 1028 Eu.
1357 981 1429 1044 iii,
1469 986 1518 1032 4.

458 1052 522 1096 10
554 1046 660 1109 Ego
693 1046 756 1093 ad
777 1059 958 1095 coeuam
979 1044 1090 1093 hinc
1126 1061 1185 1093 eo
1236 1045 1328 1093 Eu.
1365 1047 1434 1102 iii.
1468 1053 1516 1096 5.

453 1114 522 1161 32
569 1110 669 1159 Abi
702 1110 814 1158 hinc
843 1125 940 1173 quo
974 1110 1145 1173 dignus
1193 1109 1286 1157 Eu.
1321 1110 1392 1167 iv,
1415 1116 1463 1161 3.
1483 1116 1517 1160 9

455 1175 671 1223 Honeste
709 1174 948 1239 quomodo
981 1175 1092 1221 hinc
1135 1174 1316 1229 abeam.
1355 1175 1516 1224 nescio

451 1238 547 1288 Eu.
589 1238 656 1296 iv,
677 1243 728 1287 4.
752 1242 819 1288 49
863 1237 994 1285 Dum
1025 1239 1135 1286 hinc
1169 1245 1428 1287 transcurro
1451 1242 1510 1288 ad

455 1304 608 1350 forum
641 1303 734 1353 Eu.
768 1304 834 1363 iv,
855 1307 903 1352 6.
925 1307 986 1351 25
1024 1302 1092 1351 Ut
1129 1309 1178 1349 tu
1207 1302 1312 1350 illos
1349 1304 1513 1367 procul

454 1368 566 1415 hinc
601 1382 659 1415 ex
697 1366 886 1415 occulto
919 1366 1122 1415 caederes
1154 1366 1248 1417 Eu.
1279 1368 1346 1424 iv,
1377 1372 1426 1418 7.
1451 1372 1513 1419 17

454 1432 558 1481 Scis
580 1447 683 1480 eam
699 1432 811 1479 hinc
833 1432 982 1479 civem
1003 1432 1142 1479 ease?
1175 1431 1269 1479 Eu.
1303 1450 1352 1489 v,
1377 1439 1424 1481 5.
1451 1437 1516 1481 10

455 1496 694 1553 Quidnam
713 1510 972 1559 properans
1001 1496 1112 1543 hinc
1151 1496 1367 1559 prosilit?
1419 1497 1513 1548 Eu.

427 1548 503 1615 ἠ
525 1565 576 1611 8.
597 1566 632 1609 6
662 1560 724 1607 Ia
743 1560 910 1609 Asiam
925 1560 1152 1608 hincabii
1184 1559 1306 1609 Hea.
1328 1562 1365 1619 i,
1386 1566 1431 1613 1.
1448 1566 1515 1611 59

455 1625 578 1673 Eum
612 1624 725 1673 hinc
753 1624 874 1689 ejeci
907 1624 1124 1673 miserum
1156 1624 1279 1673 Hea.
1319 1624 1355 1683 i,
1380 1631 1426 1675 1.
1448 1631 1512 1676 82

453 1689 544 1737 Ibo
563 1690 683 1737 adeo
705 1688 816 1737 hinc
829 1690 976 1737 intro:
1000 1690 1082 1737 sed
1106 1689 1220 1752 qnid
1235 1698 1515 1752 crepuerunt

453 1753 576 1801 fores
611 1754 722 1801 hinc
761 1769 790 1800 a
827 1754 939 1801 me?
988 1754 1111 1801 Hea.
1155 1753 1189 1809 i,
1213 1758 1258 1803 1.
1283 1760 1394 1803 121.
1417 1759 1512 1805 122

453 1817 558 1881 Ego
578 1818 658 1866 ibo
679 1818 789 1866 hinc
807 1817 966 1865 intro‘:
993 1824 1044 1865 tu
1073 1817 1182 1865 vide
1218 1818 1298 1878 sis,
1332 1835 1393 1867 ne
1453 1835 1510 1868 uo

451 1883 567 1931 hinc
589 1884 732 1930 abeas
749 1882 932 1946 longius
967 1882 1090 1930 Hea.
1111 1882 1150 1944 i,
1167 1887 1214 1933 2.
1235 1887 1316 1933 37.
1337 1888 1401 1933 38
1415 1835 1512 1932 qu

453 1946 618 1995 videat
636 1947 756 1994 forte
779 1947 890 1995 hinc
913 1952 960 1994 te
977 1962 1007 1995 a
1019 1954 1149 2009 patre
1167 1948 1338 2011 aliquis
1351 1948 1512 1996 exiens

453 2009 576 2059 Hea.
617 2010 668 2066 ii,
689 2016 740 2061 2.
760 2016 795 2059 6
843 2010 958 2058 Non
986 2010 1168 2073 cogitas
1187 2012 1298 2059 hinc
1322 2012 1512 2075 longule

449 2075 588 2123 ease?
622 2075 748 2123 Hea.
782 2074 836 2131 ii,
857 2080 907 2123 2.
934 2080 996 2124 10
1047 2074 1174 2123 Hinc
1213 2076 1320 2123 sciri
1341 2077 1510 2138 potuit,

449 2145 536 2185 aut
577 2154 806 2201 nusquam
845 2138 958 2185 alibi
1006 2138 1132 2187 Hea.
1167 2139 1222 2195 ii,
1245 2144 1293 2188 3.
1315 2146 1381 2190 38
1423 2140 1511 2188 Ibo

450 2202 640 2250 obviam
655 2202 766 2251 hinc
801 2202 924 2250 Ista.
945 2203 998 2258 ii,
1013 2206 1060 2251 3.
1079 2207 1144 2251 99
1177 2203 1366 2266 Cuique
1381 2213 1516 2253 erant

451 2276 582 2331 grata
597 2267 771 2322 omnia,
791 2267 1075 2329 proterruisti
1097 2268 1207 2315 hinc
1227 2268 1349 2316 Hea.
1371 2268 1442 2329 iii,
1466 2274 1512 2321 1.

451 2336 516 2381 37
568 2331 702 2379 Dum
721 2332 836 2379 hinc
858 2331 1014 2379 denuo
1037 2332 1176 2379 abeat
1207 2332 1330 2381 Hea.
1364 2333 1437 2390 iii,
1459 2337 1510 2383 2.

453 2400 519 2445 32
553 2396 693 2445 Certe
727 2397 962 2443 concedas
993 2397 1108 2444 hinc
1141 2395 1300 2459 aliquo
1333 2398 1393 2444 ab
1431 2414 1512 2445 ore

449 2474 612 2512 eorum
661 2459 784 2508 Hea.
815 2460 884 2519 iii,
908 2465 957 2510 3.
983 2465 1042 2510 11
1088 2460 1213 2511 Jube
1235 2462 1360 2510 hunc
1383 2462 1510 2512 abire

449 2525 564 2574 hinc
583 2525 759 2600 aliquo.
795 2525 872 2574 Cl.
909 2525 1020 2582 Quo
1040 2527 1150 2574 hinc
1183 2527 1348 2574 abeam
1379 2528 1508 2590 ego?

449 2589 575 2640 Hea.
615 2589 762 2646 ii1,-3.
781 2595 844 2639 25
879 2589 946 2637 Di
968 2598 1017 2637 te
1038 2590 1305 2638 eradicent!
1329 2593 1410 2654 qui
1433 2608 1509 2639 me

449 2653 561 2702 hinc
581 2655 786 2701 extrudis
819 2653 944 2704 Hea.
974 2655 1045 2715 iii,
1064 2658 1112 2702 3.
1139 2659 1204 2702 28
1238 2655 1426 2710 Metuo,
1445 2672 1507 2702 ne

449 2718 610 2766 denuo
633 2718 793 2781 aliquo
814 2717 1030 2766 extrudar
1052 2717 1163 2765 hinc
1212 2717 1336 2766 Hea.
1371 2720 1438 2776 iv,
1458 2724 1506 2769 6.

450 2787 480 2830 5
516 2781 542 2830 1
566 2790 615 2829 tu
639 2781 768 2838 hinc,
785 2797 880 2845 quo
899 2782 1072 2844 dignus
1092 2797 1142 2828 es
1174 2780 1294 2830 Hea.
1318 2782 1381 2837 iv,
1403 2788 1452 2832 6.
1473 2788 1507 2832 9

445 2844 536 2897 Ad
553 2846 894 2894 Menedemum
913 2846 1024 2892 hinc
1054 2860 1243 2908 pergam
1294 2845 1418 2897 Hea.
1459 2863 1507 2910 v,

449 2915 502 2959 2.
526 2914 591 2958 48
625 2907 887 2965 coemisse,
907 2909 1018 2956 hinc
1039 2925 1146 2970 quae
1169 2909 1279 2956 illuc
1299 2912 1509 2974 veheres,

448 2973 624 3020 multa·
649 2971 748 3020 Ad.
783 2974 838 3029 ii,
861 2977 911 3022 2.
937 2977 995 3021 17
1048 2973 1224 3020 Eccum
1249 2973 1418 3036 Syrum
1441 2975 1506 3022 ire

450 3037 618 3085 video!
659 3037 772 3084 hinc
793 3037 920 3084 scibo
936 3036 1056 3100 jam,
1081 3036 1160 3083 ubi
1182 3037 1270 3084 siet
1303 3039 1398 3086 Ad.
1437 3039 1507 3096 iii,

449 3105 500 3150 3.
521 3107 552 3150 7
603 3101 724 3150 Cum
761 3101 870 3150 hinc
899 3116 1042 3164 egens
1080 3101 1316 3162 profugict
1349 3102 1506 3167 aliquo

441 3165 703 3213 ,militatum
751 3163 851 3215 Ad.
892 3165 965 3221 iii,
988 3170 1035 3214 3.
1057 3169 1122 3214 30
1171 3164 1282 3212 Non
1315 3174 1365 3212 tu
1401 3184 1508 3214 eum

441 3245 528 3276 rus
550 3231 662 3278 hinc
681 3230 824 3276 modo
848 3229 1056 3293 produxe
1079 3229 1238 3278 aiebas
1257 3230 1275 3276 ?
1309 3230 1407 3278 Ad.
1443 3232 1508 3289 iv,

437 3297 498 3342 2.
522 3298 584 3343 21
642 3294 712 3342 Ut
742 3294 850 3342 hinc
884 3295 1004 3342 forte
1027 3309 1092 3342 ea
1119 3296 1183 3341 ad
1203 3294 1507 3344 obstetricem

449 3364 553 3405 erat
570 3358 718 3406 missa
749 3356 845 3406 Ad.
885 3358 952 3414 iv,
972 3362 1020 3406 4.
1045 3363 1076 3406 8
1120 3360 1262 3416 Quod
1288 3360 1398 3408 hinc
1431 3377 1508 3409 ac-

444 3423 661 3484 cesserit,
685 3422 736 3469 id
758 3422 818 3469 de
842 3421 970 3469 lucro
994 3429 1160 3484 putato
1181 3439 1282 3471 esse
1325 3423 1440 3482 Ad„
1461 3441 1508 3488 v,

387 3509 396 3518 ·
444 3491 498 3536 3.
521 3490 588 3535 30
622 3487 742 3536 Cum
767 3485 916 3549 primo
939 3486 1047 3534 lucu
1067 3487 1149 3534 ibo
1173 3487 1284 3534 hinc
1325 3489 1421 3535 Ad.
1459 3506 1509 3550 v,

449 3555 501 3599 3.
523 3556 585 3599 55
636 3550 884 3599 Psaltriam
919 3566 1015 3599 una
1045 3551 1160 3599 illuc
1189 3567 1372 3598 mecum
1399 3553 1509 3601 hinc

449 3613 711 3662 abstraham
756 3615 852 3665 Ad.
890 3631 938 3672 V,
962 3620 1010 3664 3.
1034 3620 1094 3664 57
1145 3615 1218 3662 Tu
1251 3617 1360 3664 hinc
1396 3617 1510 3665 isses

451 3677 574 3724 foras
607 3678 698 3728 He.
721 3678 775 3734 ii,
799 3685 843 3729 1.
867 3683 928 3728 25
965 3680 1112 3728 Cesso
1135 3680 1244 3728 hinc
1265 3681 1329 3728 ire
1349 3681 1509 3729 intro?

449 3740 548 3790 He.
584 3741 658 3798 iii,
679 3748 727 3791 1.
750 3747 815 3791 44
846 3742 1028 3806 Aliquo
1062 3744 1176 3791 mihi
1207 3753 1280 3792 est
1313 3745 1421 3793 hinc
1443 3746 1510 3792 al-

439 3805 681 3868 legandus
713 3804 809 3854 He.
829 3806 904 3863 iii,
924 3813 970 3856 3.
987 3812 1052 3856 54
1084 3809 1237 3865 Quem
1253 3825 1508 3858 sermonem

445 3870 686 3926 habueris.
711 3871 878 3931 procul
909 3871 1022 3919 hinc
1051 3883 1177 3921 stans
1205 3875 1369 3936 accepi
1415 3875 1513 3923 He.

447 3935 518 3990 iv,
541 3939 590 3984 3.
614 3939 639 3983 1
678 3933 776 3981 Dic
796 3933 928 3990 filiae,
959 3950 1034 3982 rus
1055 3952 1375 3985 concessuram
1398 3939 1510 3986 hinc

449 3998 706 4052 Sostratam
743 3997 836 4045 He.
859 3998 925 4053 iv,
946 4003 996 4048 4.
1021 4003 1050 4047 7
1085 4000 1212 4048 Hinc
1251 4017 1326 4050 me
1357 4002 1509 4066 conji-

447 4078 606 4112 cerem
649 4063 864 4126 protinus
903 4062 955 4109 in
997 4064 1140 4124 pedes
1190 4064 1280 4112 Ph.
1315 4067 1348 4122 i,
1369 4070 1419 4116 4.
1447 4072 1506 4116 13

454 4127 558 4190 Ego
591 4127 726 4176 Deos
761 4128 966 4175 Penates
997 4127 1107 4175 hinc
1139 4128 1390 4176 salutatum
1422 4132 1508 4178 do-

451 4207 580 4238 mum
609 4192 822 4240 devertar
865 4190 955 4242 Ph.
991 4191 1043 4248 ii,
1067 4197 1112 4240 1.
1133 4196 1204 4242 81
1235 4193 1330 4240 Ab
1364 4195 1511 4242 oculis

455 4255 582 4302 illam
611 4257 670 4304 ,in
703 4259 915 4320 ignotum
951 4255 1061 4304 hinc
1095 4257 1300 4304 abducet
1319 4258 1508 4306 locum?

457 4320 552 4368 Ph.
574 4319 644 4377 iii,
665 4325 715 4369 3.
736 4327 796 4371 15
843 4321 1052 4383 Quoquo
1072 4321 1184 4370 hinc
1203 4323 1512 4384 asportabitur

455 4390 702 4444 terrarum,
721 4393 896 4435 certum
917 4393 989 4433 est
1009 4387 1227 4450 persequi
1258 4387 1350 4436 Ph.
1366 4387 1440 4445 iii,
1461 4393 1511 4438 3.

2436 433 2643 501 cxlvii

1593 596 1655 645 17
1708 594 1857 643 Aufer
1876 596 2057 644 tehinc
2090 594 2179 643 Ph.
2215 593 2287 653 iii,
2310 598 2359 645 3.
2380 598 2442 645 27
2490 596 2645 650 Modo

1591 666 1641 707 te
1657 659 1769 708 hinc
1784 674 1949 708 amove
1981 660 2071 708 Ph.
2092 661 2161 717 iii,
2176 664 2226 710 3.
2242 664 2305 709 34
2337 659 2503 708 Petam
2520 662 2646 720 hinc,

1592 726 1720 773 unde
1741 738 1771 771 a
1792 724 1941 787 primo
1952 724 2136 773 institui
2169 725 2263 773 Ph.
2284 726 2350 779 iv,
2368 729 2417 773 2.
2432 728 2493 774 14
2526 725 2646 777 Hac

1591 788 1705 837 hinc
1723 789 1924 837 facessat
1953 788 2044 838 Ph.
2064 789 2128 845 iv.
2150 793 2211 839 ⁸..
2220 793 2287 838 30
2329 788 2455 837 Hinc
2476 804 2647 839 conce·

1591 853 1774 901 damin
1795 853 2093 918 angiportum
2148 853 2239 901 Ph.
2279 869 2329 913 ν,
2350 857 2399 902 6.
2419 858 2476 903 51
2528 854 2554 901 Ι
2596 856 2644 903 in

1591 918 1879 966 malam-re-
1901 918 2029 975 hinc,
2050 916 2277 983 fugitive!
2314 917 2405 965 Ph.
2442 934 2490 980 v,
2509 923 2559 969 7.
2582 923 2645 969 37

1595 981 1821 1031 Concede
1840 984 1952 1031 hine
1974 998 2003 1031 a
2028 982 2222 1031 foribus
2236 980 2479 1045 paululum
2512 982 2649 1031 istor-

1592 1062 1696 1093 sum
1750 1047 1840 1095 Ph.
1877 1064 1924 1103 v,
1949 1050 2085 1097 1.-14
2118 1046 2233 1094 Non
2265 1047 2357 1093 hoc
2392 1046 2646 1109 publicitus

1592 1111 1744 1159 scelus
1775 1112 1885 1159 hinc
1917 1111 2202 1175 deportarier
2232 1110 2285 1158 in
2317 1110 2439 1157 solas
2470 1112 2646 1159 terras?

1589 1174 1683 1223 Ph.
1703 1192 1751 1232 V,
1774 1180 1822 1225 7.
1846 1180 1909 1225 85
1944 1176 2120 1225 Eamus
2140 1176 2263 1223 intro
2279 1173 2391 1223 hinc
2423 1174 2515 1225 Ph.
2538 1192 2585 1234 v,
2597 1181 2647 1226 8.

1587 1244 1653 1289 65
1684 1241 1861 1303 passim
1884 1240 1997 1289 alibi

1656 1303 1754 1354 Ho.
1822 1304 1935 1352 Ho!
1960 1313 2074 1363 tune
2092 1303 2137 1351 is
2157 1304 2291 1351 eras?
2324 1300 2415 1351 Ph.
2440 1320 2487 1359 v,
2512 1307 2559 1352 7.
2580 1309 2645 1355 52

1587 1376 1620 1411 .“
1656 1367 1833 1417 Hodie.
1896 1370 1947 1417 Si
1988 1384 2174 1417 sensero
2206 1367 2350 1416 hodie
2392 1369 2645 1432 quicquam

1590 1438 1640 1479 te
1659 1428 1859 1481 fallaciffi
1882 1434 2039 1483 conari
2088 1432 2155 1480 A.
2194 1432 2230 1492 i,
2250 1437 2299 1482 2.
2323 1437 2385 1482 25
2442 1432 2646 1481 Uxorem

1589 1497 1801 1545 decrerat
1820 1500 1930 1546 dare
1952 1514 2053 1547 sese
2071 1497 2181 1545 mihi
2206 1496 2347 1545 hodie
2387 1495 2452 1546 A.
2484 1497 2523 1553 i,
2545 1503 2592 1545 5.
2614 1502 2644 1546 3

1587 1560 1805 1610 Daturue
1838 1564 1923 1611 illa
1948 1561 2199 1625 Pamphilo
2232 1561 2373 1609 hodie
2410 1562 2646 1623 nuptum?

1589 1624 1655 1673 A.
1678 1626 1730 1685 ii,
1755 1631 1800 1676 1.
1832 1632 1857 1676 1
1891 1628 1942 1674 Si
1971 1628 2020 1675 id
2044 1626 2177 1682 facis,
2199 1625 2341 1673 hodie
2364 1632 2645 1689 postremum

1589 1705 1667 1737 me
1686 1692 1820 1739 videa
1850 1690 1915 1739 A.
1935 1692 1987 1751 ii,
2010 1696 2056 1741 1.
2077 1695 2144 1740 22
2192 1689 2355 1737 Dueas
2377 1689 2483 1737 mlo
2506 1690 2647 1739 hodie

1589 1770 1777 1803 uxorem
1831 1757 1894 1805 A.
1935 1756 1985 1813 ii,
2016 1760 2066 1806 3.
2092 1759 2153 1803 14
2209 1754 2363 1802 Herus
2399 1770 2472 1803 me
2506 1753 2649 1816 jussit

1581 1818 1887 1895 -Pamphilum
1909 1820 2051 1868 hodie
2074 1819 2315 1867 observare
2359 1817 2420 1865 A.
2454 1818 2508 1875 ii,
2544 1824 2592 1867 5.
2614 1824 2647 1869 2

1587 1882 1749 1932 Hodie
1774 1900 1959 1932 uxorem
1982 1885 2145 1939 ducas.
2164 1890 2219 1930 ut
2234 1883 2351 1944 dixi,
2366 1882 2473 1930 volo
2506 1882 2571 1929 A.
2592 1883 2647 1938 ii,

1587 1953 1640 1995 5.
1660 1953 1689 1997 7
1724 1948 1774 1996 Si
1795 1949 2014 2011 impetro,
2034 1949 2149 2011 quid
2174 1948 2290 1995 alias
2308 1947 2487 2006 malim,
2505 1961 2646 2009 quam

1587 2012 1733 2060 hodie
1771 2014 1853 2060 has
1896 2014 1999 2061 fieri
2037 2012 2263 2075 nuptias?
2311 2013 2374 2062 A.
2418 2012 2486 2067 iii,
2509 2017 2558 2059 2.
2579 2016 2647 2059 49

1590 2075 1685 2131 Qui
1710 2076 1919 2137 aiebant,
1937 2078 2083 2125 hodie
2106 2076 2249 2123 filiam
2282 2091 2433 2124 meam
2472 2076 2647 2123 nubere

1589 2146 1673 2186 tuo
1720 2149 1863 2203 gnato
1907 2140 1978 2190 A.
2023 2141 2095 2197 iii,
2118 2145 2167 2188 3.
2191 2146 2223 2189 2
2272 2138 2379 2187 Nec
2414 2148 2462 2187 te
2496 2139 2649 2213 quivit

1589 2204 1733 2251 hodie
1754 2220 1939 2268 cogere,
1960 2204 2091 2251 illam
2115 2212 2167 2251 ut
2188 2204 2381 2251 duceres
2414 2202 2479 2250 A.
2508 2219 2574 2257 iv,
2598 2209 2645 2253 1.

1587 2272 1653 2317 30
1687 2268 1791 2331 Ego
1814 2270 1893 2332 pol
1916 2270 2080 2330 hodie,
2102 2269 2141 2315 si
2157 2268 2284 2325 vivo,
2300 2267 2385 2314 tibi
2402 2268 2646 2315 ostendam

1587 2332 1651 2379 A.
1674 2349 1723 2388 v,
1745 2337 1794 2382 2.
1818 2338 1881 2381 25
1924 2333 2063 2381 Itane
2084 2338 2389 2395 attemperate
2411 2334 2541 2379 venit
2560 2334 2645 2379 ho-

1585 2396 1666 2444 die
1687 2396 1737 2443 in
1772 2398 1897 2462 ipsis·
1920 2398 2116 2461 nuptiis,
2151 2404 2207 2443 ut
2236 2397 2415 2443 veniret
2446 2398 2645 2444 antehac

1585 2463 1865 2526 nunquam?
1898 2462 1960 2511 A.
1994 2479 2041 2519 v,
2064 2467 2111 2514 4.
2134 2465 2195 2511 13
2236 2462 2341 2525 Ego
2381 2476 2454 2508 me
2496 2461 2647 2525 turpi-

1585 2534 1657 2574 ter
1678 2528 1821 2575 hodie
1842 2528 1919 2576 hic
1938 2529 2063 2575 dabo
2112 2527 2202 2574 Eu.
2240 2527 2295 2589 ii,
2322 2531 2366 2575 1.
2387 2530 2453 2575 24
2500 2526 2646 2583 Quae-

1585 2591 1697 2638 dam
1718 2591 1859 2638 hodie
1880 2600 1953 2639 eat
1968 2592 2157 2640 eidone
2174 2592 2287 2638 data
2300 2591 2427 2654 virgo
2461 2591 2551 2639 Eu.
2573 2592 2647 2648 iii,

1587 2661 1637 2702 5.
1662 2660 1727 2705 16
1758 2655 1838 2702 Ad
1858 2671 1946 2702 nos
1964 2657 2199 2703 deductus
2220 2654 2361 2701 hodie
2378 2662 2451 2702 est
2462 2655 2646 2704 adoles-

1577 2719 1802 2766 centulus
1856 2719 1949 2768 Eu.
1981 2719 2046 2773 iv,
2070 2724 2118 2768 4.
2142 2723 2206 2767 19
2254 2719 2513 2766 Possumne
2553 2736 2643 2781 ego

1583 2783 1729 2830 hodie
1750 2799 1806 2830 ex
1834 2791 1889 2830 .oe
1920 2782 2189 2845 exaculpere
2221 2783 2410 2830 verum?
2446 2782 2538 2832 Eu.
2580 2783 2645 2838 iv,

1585 2849 1635 2893 4.
1655 2850 1719 2894 45
1771 2847 2017 2894 Inveniam
2049 2847 2130 2910 pol
2164 2847 2323 2902 hodie,
2370 2859 2526 2908 parem
2562 2847 2645 2894 ubi

1586 2909 1780 2957 reseram
1820 2912 2014 2973 gratiam
2048 2910 2137 2957 Eu.
2158 2911 2222 2965 iv,
2242 2915 2292 2959 4.
2317 2915 2381 2959 52
2422 2909 2473 2956 si
2511 2911 2645 2974 quic·

1587 2988 1727 3035 quam
1772 2976 1915 3022 hodie
1962 2975 2041 3022 hic
2090 2975 2237 3023 turbae
2290 2974 2483 3037 coeperis
2548 2975 2643 3025 Eu.

1585 3037 1653 3094 iv,
1693 3042 1741 3086 7.
1785 3043 1849 3088 30
1921 3039 2092 3086 Thaidi
2143 3055 2251 3102 quae
2318 3039 2459 3086 hodie
2491 3040 2643 3088 ‚dono

1587 3102 1700 3148 data
1720 3109 1793 3150 est
1822 3102 1911 3150 Eu.
1940 3120 1987 3157 v,
2010 3109 2060 3151 5.
2084 3108 2117 3152 9
2165 3103 2209 3150 0
2247 3103 2526 3165 populares!
2566 3119 2644 3152 ec·

1585 3167 1691 3230 quis
1712 3183 1789 3214 me
1810 3167 1927 3214 vivit
1944 3168 2088 3215 hodie
2121 3167 2425 3214 fortunatior?
2468 3167 2557 3214 Eu.
2596 3184 2643 3224 v,

1583 3235 1633 3279 9.
1659 3237 1684 3280 1
1741 3232 1975 3294 Integram
2010 3231 2303 3280 Comoediarn
2355 3231 2507 3279 hodie.
2542 3247 2643 3279 sum

1585 3303 1772 3344 acturus
1803 3297 1925 3344 Hea.
1949 3297 2075 3344 Prol.
2103 3302 2134 3346 4
2172 3296 2411 3360 Dionysia
2432 3297 2510 3343 hic
2532 3303 2645 3343 sunt

1581 3360 1724 3407 hodie
1743 3377 1757 3420 ;
1778 3362 1905 3424 apud
1929 3377 2004 3408 me
2025 3362 2087 3408 sis
2116 3361 2224 3409 volo
2257 3361 2379 3410 Hea.
2416 3361 2450 3422 i,
2474 3367 2521 3409 1.
2549 3367 2641 3410 110

1583 3422 1691 3488 Age
1714 3427 1875 3487 modo,
1907 3425 2049 3474 hodie
2082 3441 2203 3486 sero,
2238 3442 2295 3474 ac
2329 3425 2640 3489 nequicquam

1582 3489 1713 3536 voles
1743 3489 1868 3538 Hea.
1904 3491 1959 3552 ii,
1979 3495 2027 3538 3.
2050 3495 2143 3539 103
2180 3491 2384 3554 Operam
2407 3491 2641 3546 daturum,

1583 3569 1659 3600 me
1678 3554 1821 3600 hodie
1844 3570 1940 3601 non
1964 3570 2100 3616 posse
2120 3555 2195 3602 his
2216 3557 2327 3601 dare
2361 3553 2480 3600 Hea.
2500 3553 2572 3613 iii,
2594 3559 2639 3601 1.

1584 3621 1647 3666 95
1698 3617 1853 3665 Nemo
1875 3627 1948 3666 est
1980 3634 2185 3666 meorum
2208 3619 2457 3666 amicorum
2479 3617 2641 3674 hodie,

1583 3683 1713 3744 apud
1733 3697 1872 3745 quem
1900 3699 2167 3746 expromere
2200 3697 2307 3730 mea
2338 3681 2523 3729 occulta
2555 3697 2639 3728 au·

1583 3745 1722 3794 deam
1756 3747 1877 3794 Hea.
1898 3747 1969 3804 iii,
1986 3753 2034 3798 3.
2052 3751 2110 3796 13
2145 3746 2373 3794 Invenisti
2391 3746 2532 3792 hodie
2549 3745 2641 3793 fili-

1585 3825 1659 3856 am
1694 3809 1818 3859 Hea.
1856 3829 1903 3867 v,
1924 3815 1974 3860 8.
1998 3817 2027 3860 5
2075 3811 2235 3873 Magis
2270 3826 2413 3857 unum
2447 3810 2637 3866 instare,

1583 3882 1637 3921 ut
1656 3876 1799 3922 hodie
1820 3875 2159 3923 conficerentur
2170 3876 2351 3938 nuptiae
2384 3873 2506 3920 Hea.
2527 3888 2572 3927 v,
2593 3878 2639 3923 1.

1581 3943 1647 3986 22
1681 3939 1794 3987 Non
1826 3940 2086 3987 committet
2116 3940 2259 3987 hodie
2290 3954 2513 4000 unquam,
2550 3939 2637 3985 ite-

1581 4017 1682 4049 rum
1705 4013 1759 4050 ut
1780 4005 1971 4066 vapulet
2000 4003 2097 4051 Ad.
2134 4004 2189 4058 ii,
2214 4008 2259 4051 l.
2281 4009 2310 4051 5
2354 4003 2508 4058 Quem
2542 4017 2633 4065 ego

1583 4067 1726 4115 hodie
1759 4076 1861 4116 toto
1895 4083 1993 4116 non
2029 4068 2129 4114 vidi
2164 4069 2245 4116 die
2278 4066 2376 4116 Ad.
2411 4068 2475 4123 iv,
2504 4071 2548 4115 1.
2576 4070 2633 4115 11

1583 4130 1843 4195 Nunquam
1872 4133 2027 4181 hercle
2059 4133 2201 4180 hodie
2232 4147 2321 4195 ego
2352 4132 2475 4180 istuc
2506 4145 2635 4178 com—

1583 4197 1765 4244 mittam
1788 4197 1875 4245 tibi
1908 4197 2001 4245 Ad.
2036 4195 2103 4258 iv,
2125 4203 2175 4246 2.
2200 4200 2263 4247 12
2310 4195 2415 4259 Ego
2439 4205 2491 4246 te
2507 4211 2637 4243 exer·

1583 4261 1701 4307 cebo
1722 4262 1887 4322 hodie,
1909 4269 1961 4308 ut
1982 4261 2155 4324 dignus
2174 4277 2247 4309 es.
2277 4259 2375 4310 Ad.
2410 4261 2473 4317 iv,
2496 4265 2545 4310 2.
2569 4264 2635 4309 48

1573 4324 1664 4374 Da
1686 4333 1735 4374 te
1753 4325 2040 4382 hodie-mihi
2082 4325 2183 4375 Ad.
2221 4341 2269 4382 v,
2290 4329 2339 4374 3:
2362 4329 2426 4376 52
2473 4324 2635 4373 Hodie

1584 4390 1726 4438 modo
1748 4390 1944 4439 hilarum
1964 4390 2041 4440 fac
2064 4399 2113 4440 te
2142 4389 2239 4440 Ad.
2262 4407 2308 4449 v,
2329 4393 2377 4440 3.
2398 4393 2463 4439 56
2505 4388 2634 4437 Con-
