3192 4975
1198 462 1274 511 m
1324 458 1801 510 TERENTIUM.

1559 194 1623 253 O

2508 436 2611 507 cei

421 630 522 664 rum
543 615 720 679 qumvis
739 629 878 662 causa
901 629 992 671 me,
1015 620 1070 661 ut
1100 613 1287 671 facim,
1309 618 1470 661 monet
1542 612 1593 659 iu
1618 624 1743 657 mora
1766 610 1905 657 nobis
1925 609 2015 656 siet
2048 605 2143 654 Ad.
2166 607 2232 661 iii,
2258 610 2307 657 2.
2332 612 2395 658 56

423 682 490 729 A.
511 698 561 736 V,
581 686 630 730 4.
655 686 679 729 1
735 678 906 742 Neque
927 694 1040 726 voce
1061 678 1172 735 elin,
1193 693 1248 725 ae
1271 695 1340 727 res
1371 694 1470 725 mo·-

419 746 582 797 nebat.
603 746 705 808 ipse
723 751 910 808 poterat
943 744 1164 806 conqueri
1219 745 1313 791 He.
1335 744 1402 797 iii.
1425 748 1474 791 8.

427 814 486 859 15
523 809 690 858 curavi
711 810 876 857 ambos
893 806 1088 856 sedulo:
1113 808 1274 865 docui,
1297 808 1474 861 monui.

413 874 542 923 -bene
561 874 768 936 pneeepi
789 874 948 921 omnia
991 871 1088 921 Ad.
1111 889 1155 928 v,
1175 878 1222 923 9.
1243 878 1278 922 6
1331 873 1473 929 Quod

421 939 562 985 ruodo
603 938 682 987 hic
721 952 809 985 nos
845 938 1170 1001 Antiphonem
1213 940 1478 985 monuimus

407 1003 514 1051 Ph.
545 1002 579 1057 i,
615 1007 665 1052 4.
701 1007 764 1051 44
821 1002 988 1049 Habeo
1027 1015 1111 1065 pro
1147 1001 1228 1049 ille
1261 1017 1310 1049 re
1345 1000 1476 1049 illum

421 1068 548 1129 quod
571 1082 788 1116 moneam
811 1068 958 1131 probe
990 1066 1052 1117 A.
1072 1083 1124 1124 v,
1144 1071 1193 1115 4.
1217 1068 1276 1115 15
1325 1066 1477 1123 Facit,

419 1138 476 1177 ut
509 1138 560 1179 te
591 1132 814 1179 audacter
849 1144 1080 1186 moneam,
1109 1139 1159 1178 et
1195 1131 1479 1180 familiariter

421 1195 550 1245 Heu.
571 1195 606 1250 i,
634 1200 680 1245 1.
701 1200 736 1244 6
767 1196 989 1251 Memini,
1006 1195 1187 1243 tametsi
1205 1195 1361 1243 nullus
1374 1212 1475 1244 mo-

419 1274 536 1308 neas
583 1259 676 1307 Eu.
697 1260 749 1316 ii,
775 1265 820 1309 1.
844 1265 906 1309 lo
947 1260 1118 1322 Neque
1140 1261 1370 1322 postulem
1395 1262 1478 1309 abs

423 1330 492 1384 te,
533 1323 627 1372 nisi
663 1325 766 1388 ipsa
807 1340 880 1373 res
921 1332 1111 1373 moneat
1162 1324 1226 1371 A.
1248 1325 1317 1380 iii.
1340 1330 1389 1374 8.
1415 1330 1478 1375 19

422 1387 558 1444 Quin
599 1404 689 1444 res,
727 1398 857 1444 artas,
901 1404 1028 1450 usus,
1066 1388 1246 1452 aliquid
1289 1399 1479 1438 moneat

423 1451 524 1501 Ad.
545 1468 593 1507 r,
615 1457 664 1501 4.
685 1458 716 1501 8
751 1454 841 1502 Vel
865 1468 940 1501 me
953 1468 1140 1502 mouere
1157 1457 1264 1510 hoe,
1283 1454 1355 1501 vel
1373 1470 1478 1517 per-

421 1518 602 1566 contari
619 1524 733 1579 puta
765 1518 890 1569 Hea.
911 1518 945 1571 i.
963 1523 1009 1567 1.
1021 1522 1090 1567 26
1121 1518 1322 1566 Monere
1337 1532 1478 1581 opor·

419 1588 492 1629 tet
511 1596 588 1629 me
609 1582 734 1631 hune
755 1583 983 1638 vicinum.
1003 1590 1058 1630 ut
1106 1582 1230 1631 Hen-
1253 1583 1288 1645 i,
1314 1588 1362 1633 1.
1383 1587 1474 1633 117

421 1644 520 1701 Qui
541 1647 702 1695 harum
723 1662 874 1695 mores
901 1647 1122 1695 cantabat
1159 1648 1292 1711 mihi,
1313 1662 1477 1695 monu-

419 1709 514 1758 isse
535 1710 701 1759 frustra
733 1712 856 1761 Hea.
877 1712 932 1766 ii,
955 1717 1004 1762 8.
1029 1716 1093 1761 20

489 1774 718 1825 Monitor.
782 1777 876 1825 Sed
913 1776 988 1825 hic
1022 1775 1212 1839 adjutor
1250 1790 1396 1834 meus,
1431 1784 1481 1825 et

422 1840 644 1899 monitor,
665 1847 716 1890 et
737 1848 1110 1904 praemonstrator
1163 1840 1286 1887 Hes.
1309 1857 1356 1895 v.
1380 1846 1424 1890 1.
1447 1846 1478 1891 2

421 1901 470 1950 0
491 1903 618 1952 Geta
637 1906 870 1954 monitor!
902 1906 994 1953 Ph.
1015 1906 1070 1960 ii.
1088 1909 1133 1953 1.
1150 1910 1182 1955 4
1214 1904 1348 1953 Nihil
1361 1921 1480 1970 opus

418 1966 516 2015 fnit
531 1969 760 2017 monitore
791 1971 918 2020 Heu.
939 1970 977 2027 i,
1004 1975 1050 2019 1.
1074 1974 1168 2019 119

490 2032 654 2081 Mons.
719 2035 874 2082 Modo
895 2050 990 2083 nou
1011 2042 1194 2082 montes
1215 2033 1314 2082 auri
1343 2035 1481 2099 polli-

425 2110 538 2143 cens
571 2096 660 2148 Ph.
681 2098 716 2155 i,
738 2104 787 2148 2.
815 2105 874 2149 18

490 2160 794 2212 Monstratio.
863 2163 946 2222 Ut,
985 2163 1120 2227 Syre,
1161 2170 1209 2211 te
1249 2179 1356 2211 cum
1401 2172 1482 2212 tut

423 2228 762 2336 {gustatione
803 2243 1000 2293 magnus
1043 2228 1207 2291 perdat
1257 2228 1476 2292 Jupiter!

511 2324 526 2339 .
546 2290 611 2345 iv,
633 2296 684 2340 θ.
707 2297 740 2341 2

487 2354 724 2403 Monstro.
788 2356 913 2413 Scio,
934 2358 1019 2405 ubi
1039 2357 1130 2405 sitz
1167 2372 1322 2405 verum
1340 2358 1481 2405 hodie

425 2422 1323 2536 ”afflggxmmrgnnffildgsfflmir'efltiaffnl
1360 2485 1479 2534 ultro

423 2547 624 2598 derisum
667 2551 862 2600 advenit
914 2551 1002 2601 Eu.
1023 2571 1069 2608 v,
1091 2523 1138 2602 2:
1161 2557 1221 2601 21
1280 2550 1478 2616 Aliquid

421 2614 616 2662 monstri
637 2616 770 2664 alunt
820 2616 884 2664 A.
907 2618 942 2674 i,
965 2625 1016 2671 5.
1036 2623 1096 2667 15
1149 2615 1254 2664 Eho
1277 2617 1289 2664 !
1321 2631 1479 2664 nonne

425 2677 518 2726 hoe
561 2681 756 2726 monstri
797 2679 946 2728 simile
989 2689 1060 2729 est
1082 2682 1100 2728 ἓ
1157 2680 1248 2728 Eu.
1269 2680 1324 2738 ii,
1347 2683 1394 2727 8.
1415 2685 1479 2728 42

426 2741 559 2798 Quid
583 2744 704 2791 istuc
726 2759 836 2792 unm
857 2746 1052 2792 monstri
1073 2745 1196 2791 fuit?
1231 2743 1330 2790 Eu.·
1345 2744 1410 2802 iv,
1432 2749 1482 2794 ³.

429 2809 492 2854 14
525 2807 732 2855 Monstri
753 2809 903 2856 simile
935 2808 1025 2856 Ph.
1041 2825 1092 2866 v,
1112 2813 1160 2858 7.
1183 2813 1243 2858 61
1300 2807 1482 2856 Taces?

424 2879 680 2919 monstrum
703 2872 930 2920 hominis!
966 2889 1062 2920 nou
1095 2873 1338 2920 dicturus?
1393 2872 1484 2920 Eu.

421 2935 493 2996 iv,
524 2941 576 2985 4.
607 2941 674 2986 29
727 2937 940 2992 Postilla,
983 2943 1190 2985 monstra
1227 2945 1486 2984 evenerunt

427 2999 546 3047 mihi
565 3000 578 3047 l
613 3001 705 3049 Ph.
725 3001 792 3058 iv,
811 3005 862 3050 4.
881 3006 946 3050 25

492 3063 882 3116 Monumentum.
965 3064 1068 3114 Aut
1123 3066 1253 3113 unde
1301 3065 1351 3112 iu
1398 3080 1484 3129 pa-

425 3127 564 3176 trium
587 3137 939 3178 monumentum
956 3130 1218 3194 pervenerit
1248 3129 1341 3179 Eu.
1358 3130 1484 3178 Prol.

428 3195 490 3240 18
525 3193 769 3242 Cistellam
791 3197 932 3243 domo
953 3195 1069 3244 effer
1087 3211 1196 3244 cum
1211 3209 1484 3243 mouumen-

425 3256 488 3304 ὼ
517 3258 612 3308 Eu.
633 3259 698 3318 ἰν,
721 3265 770 3310 6.
793 3266 856 3311 15

491 3323 652 3373 Mora.
719 3324 890 3388 Neque
912 3325 1035 3381 istic,
1058 3338 1212 3386 neque
1251 3325 1361 3372 alibi
1395 3325 1484 3372 tibi

427 3391 624 3451 usquam
647 3388 1030 3437 eritinmemora
1064 3388 1126 3436 A.
1143 3388 1198 3443 ii,
1216 3395 1264 3438 5.
1287 3395 1319 3438 9
1341 3389 1484 3438 Nunc

489 3468 512 3498 r
547 3453 676 3502 huno
712 3454 844 3501 nulle
880 3460 954 3501 est
990 3469 1118 3501 mora
1170 3453 1234 3503 A.
1256 3454 1323 3506 iii.
1346 3457 1394 3502 4.
1423 3459 1483 3504 14

477 3531 534 3565 ec
573 3533 702 3566 mora
739 3519 838 3567 ulla
871 3525 960 3576 est,
999 3518 1116 3583 quin
1153 3533 1257 3566 eam
1297 3533 1482 3566 uxorem

427 3581 598 3630 ducam
649 3581 719 3635 A.
741 3601 790 3640 V,
810 3589 860 3633 6.
883 3587 914 3630 7
970 3583 1050 3632 Ne
1069 3597 1199 3630 mora
1232 3581 1310 3638 sit,
1335 3583 1372 3630 si
1411 3583 1484 3629 in·

427 3649 779 3759 ”eme
797 3646 1256 3777 &malalai-‘³133
1272 3647 1484 3760 5153}ss

427 3722 494 3818 a.
517 3772 552 3830 i,
576 3777 622 3822 1.
646 3778 742 3824 139
775 3775 852 3823 Ne
875 3793 1012 3825 morae
1033 3778 1148 3826 meis
1168 3777 1350 3839 nuptiis
1371 3793 1485 3840 ego·

427 3842 528 3885 met
546 3837 696 3886 siem?
729 3836 828 3889 Ad.
850 3840 914 3896 iv,
937 3849 985 3890 5.
1005 3847 1070 3891 78
1103 3842 1260 3905 Cupio
1280 3860 1290 3889 :
1327 3857 1484 3888 verum

428 3899 520 3950 hoc
543 3902 659 3950 mihi
679 3917 820 3950 morae
839 3911 918 3950 est
946 3904 1042 3955 Ad.
1062 3922 1108 3964 v,
1132 3911 1183 3955 7.
1205 3912 1238 3956 6
1286 3906 1354 3955 Ut
1376 3907 1486 3954 huic

428 3967 554 4015 melo
575 3968 780 4031 aliquam
815 3969 1070 4032 producam
1105 3986 1276 4018 moram
1332 3969 1396 4018 A.
1417 3969 1486 4027 iii,

427 4035 478 4079 5.
493 4036 526 4081 9
575 4031 682 4088 Ibo,
707 4033 800 4080 illis
821 4032 993 4090 dicam,
1017 4035 1188 4082 nullam
1212 4051 1314 4083 esse
1334 4036 1384 4081 in
1401 4049 1486 4082 no-

427 4095 500 4142 bis
521 4113 696 4145 moram
729 4097 830 4144 Ad.
851 4097 916 4156 iv,
936 4102 985 4145 7.
1009 4101 1033 4145 1
1091 4098 1198 4147 Nec
1219 4115 1392 4146 moram
1415 4100 1484 4146 ul-

433 4158 540 4225 lam,
561 4163 678 4226 quin
699 4163 862 4224 duent,
879 4162 980 4210 dari
1011 4161 1107 4210 He.
1126 4163 1162 4220 i,
1187 4167 1233 4212 2.
1257 4169 1320 4212 52
1367 4164 1392 4211 Ῑ
1415 4164 1487 4210 in·

431 4228 504 4272 tro
523 4242 535 4271 z
569 4243 634 4274 ne
651 4228 704 4276 in
725 4243 870 4284 mora,
893 4242 1000 4275 cum
1023 4241 1142 4291 opus
1177 4228 1258 4288 sit,
1281 4228 1371 4275 sies
1420 4226 1484 4278 A.

432 4286 484 4343 ii,
506 4293 554 4337 5.
576 4296 638 4340 13
688 4293 891 4356 Sequere
913 4307 986 4340 me
1017 4292 1157 4347 intro.
1180 4308 1241 4340 ne
1277 4293 1324 4339 in
1363 4307 1488 4340 mora

429 4351 504 4400 illi
533 4354 596 4401 sis
649 4355 713 4404 A.
733 4357 802 4414 iii,
819 4363 866 4407 1.
885 4362 920 4406 9
951 4358 1038 4421 Ut,
1056 4372 1163 4408 cum
1185 4373 1306 4422 opus
1327 4357 1404 4415 sit,
1427 4373 1486 4404 ne

499 4434 673 4500 Delplc.
693 4441 742 4486 et
768 4437 884 4490 γαν.
909 4438 1040 4488 Clas.

1401 4441 1510 4488 Ind-
1535 4440 1730 4492 Terent.

1610 677 1841 730 Mutatus,
1854 688 2005 735 e,um.
2038 673 2130 719 Sed
2147 674 2261 736 quid
2280 673 2482 721 mulieris
2498 688 2613 721 uxo·

1545 756 1641 788 rem
1660 743 1801 787 habes
1822 740 1837 785 ?
1854 746 1934 785 aut
1952 737 2121 801 quibus
2140 746 2360 784 moratam
2378 740 2579 787 moribus
2598 738 2615 785 ἓ

1550 806 1644 853 He.
1665 806 1737 864 iv,
1758 810 1807 853 4.
1828 809 1892 854 22

1616 870 1851 917 Morbus.-

1549 936 1701 983 factus
1723 934 1826 981 siet.
1862 932 2059 981 Morbus
2081 934 2163 993 qui
2186 939 2351 979 auctus
2375 932 2464 979 siet
2518 930 2609 979 He.

1548 1000 1623 1060 iii,
1644 1003 1694 1048 1.
1716 1005 1797 1047 50.
1819 1004 1883 1048 54
1933 996 2067 1044 Male
2088 1005 2267 1052 metuo,
2288 1012 2349 1044 ne
2372 996 2611 1044 Philume-

1551 1078 1626 1111 nae
1650 1064 1795 1127 magis
1814 1063 2003 1110 morbus
2022 1068 2333 1123 aggravescat
2365 1060 2456 1109 He.
2480 1061 2548 1118 iii,
2566 1064 2615 1110 2.

1551 1132 1586 1179 2
1621 1128 1707 1175 Pol
1733 1141 1805 1177 me
1828 1128 2033 1176 detinuit
2050 1126 2256 1175 morbus.
2309 1124 2507 1188 Rogas?
2542 1140 2615 1173 se·

1553 1201 1718 1241 nectus
1744 1194 1849 1256 ipsa
1886 1199 1958 1239 est
1996 1190 2187 1239 morbus
2245 1192 2333 1239 Ph.
2354 1193 2416 1247 iv,
2442 1194 2488 1239 1.
2512 1194 2560 1239 8.
2582 1194 2616 1239 9

1553 1256 1622 1305 Di
1644 1258 1790 1306 boni!
1826 1258 1941 1319 quid
1965 1258 2055 1303 hoe
2097 1256 2247 1305 morbi
2284 1256 2393 1302 est?
2449 1254 2539 1301 Eu.
2562 1254 2613 1311 ii,

1555 1328 1600 1371 1.
1625 1327 1689 1371 19
1741 1321 1869 1379 Quid
1894 1320 2039 1367 morbi
2084 1323 2199 1369 est?
2254 1320 2349 1371 He.
2370 1319 2439 1375 iii,
2465 1323 2509 1368 1.
2532 1324 2614 1368 4⁸.

1549 1387 1622 1443 iii,
1636 1392 1684 1436 2.
1701 1392 1767 1437 22
1803 1386 2006 1434 Verbum
2022 1400 2167 1435 unum
2193 1402 2309 1433 cave
2326 1387 2389 1432 de
2408 1384 2615 1446 nuptiis;

1551 1466 1615 1499 ne
1654 1453 1713 1499 ad
1754 1452 1960 1499 morbum
1999 1452 2088 1497 hoc
2133 1450 2277 1499 etiam
2333 1449 2394 1497 A.
2416 1448 2452 1503 i,
2475 1455 2524 1497 5.
2546 1452 2613 1499 66

1547 1516 1679 1563 Tuos
1694 1531 1795 1563 esse
1812 1516 1878 1564 illi
1896 1530 2042 1561 mores
2061 1515 2273 1563 morbum
2291 1512 2456 1579 magis,
2472 1528 2611 1577 quam

1551 1580 1696 1627 ullam
1726 1581 1862 1629 aliam
1898 1594 2011 1634 rem,
2034 1579 2232 1627 arbitror
2284 1579 2378 1627 He.
2404 1578 2455 1632 ii,
2484 1583 2525 1626 Ι.
2548 1581 2614 1628 42

1550 1645 1801 1709 Extemplo
1840 1642 1943 1706 ejus
1983 1644 2195 1692 morbum
2241 1643 2443 1707 cognovi
2480 1642 2617 1689 miser

1551 1710 1647 1759 He.
1669 1710 1739 1765 iii.
1763 1714 1810 1758 8.
1850 1714 1909 1759 13
1967 1708 2169 1772 Peregre
2206 1710 2392 1761 rediens
2433 1720 2615 1769 semper

1549 1776 1745 1837 cogitet,
1768 1780 1851 1822 aut
1873 1776 2079 1821 morbum
2117 1774 2231 1823 filiae
2291 1774 2380 1821 Ph.
2402 1772 2455 1834 ii,
2476 1774 2524 1818 1.
2551 1774 2614 1819 14

1546 1840 1663 1888 Alio
1686 1840 1927 1903 suspicans
1946 1840 2109 1887 morbo
2130 1856 2207 1888 me
2230 1840 2433 1887 visurum
2467 1836 2611 1883 affee-

1553 1913 1667 1960 tam,
1690 1920 1745 1953 ac
1779 1906 1871 1953 He.
1892 1905 1959 1961 iii,
1984 1910 2031 1955 8.
2055 1909 2088 1953 6

1619 1968 1841 2019 Mordeo.
1907 1970 2168 2032 Principio,
2190 1970 2230 2016 si
2254 1972 2303 2021 id
2342 1974 2389 2013 te
2430 1964 2615 2011 mordet

1554 2032 1651 2081 Ad·
1673 2050 1724 2095 v,
1745 2039 1794 2083 8.
1816 2039 1877 2083 21
1936 2033 2160 2096 Denique
2184 2049 2271 2097 par
2292 2030 2392 2100 peri
2413 2030 2614 2085 refert03

1553 2099 1682 2160 quod
1706 2114 1807 2147 eam
1831 2100 2042 2146 mordeat
2088 2098 2180 2145 En.
2203 2100 2273 2157 iii,
2300 2108 2343 2151 1.
2366 2099 2428 2143 65
2484 2092 2615 2139 Invi·

1554 2164 1666 2209 dere
1708 2178 1870 2210 omnes
1908 2164 2021 2211 mihi
2040 2180 2052 2211 :
2094 2166 2305 2213 mordere
2349 2157 2614 2207 clanculum

1553 2226 1647 2275 Eu.
1670 2226 1739 2279 iii.
1764 2232 1808 2276 1.
1832 2232 1891 2275 21

1621 2290 1899 2355 Morigeror.
1968 2289 2131 2355 Atque
2162 2285 2452 2343 adolescenti
2490 2298 2615 2333 0⁸⁸0·

1553 2356 1901 2483 mffiffgzsszj,
1923 2355 2099 2475 2⁶43:
2122 2361 2259 2471 ²523
2274 2422 2359 2470 aba
2386 2414 2615 2476 moriger·

1553 2484 1645 2533 fuit
1666 2485 1717 2533 in
1740 2486 1879 2534 rebus
1900 2485 2116 2533 omnibus
2150 2484 2212 2534 A.
2236 2489 2268 2544 i,
2291 2494 2340 2536 5.
2363 2486 2429 2538 59

1620 2551 1815 2598 Morior.
1880 2549 1977 2599 Chr
2012 2550 2075 2597 sis
2097 2551 2252 2600 vicina
2285 2554 2387 2602 haec
2423 2543 2614 2591 Πῐῠῐῖἴῦῖ

1555 2613 1618 2661 A.
1641 2617 1675 2672 i,
1699 2621 1747 2665 1.
1768 2621 1833 2664 78
1889 2615 1945 2661 In
2000 2617 2126 2663 mbro
2163 2619 2352 2666 moritur
2385 2616 2615 2672 c0ss¹¹⁸¹¹1⁸

1555 2693 1697 2724 senex
1755 2679 1847 2726 He.
1869 2679 1901 2734 i,
1926 2683 1973 2728 2.
1995 2681 2059 2726 96
2112 2679 2162 2726 Is
2197 2681 2263 2728 ibi
2301 2687 2507 2730 mortuus
2542 2678 2615 2720 θ’*

1553 2741 1619 2790 Α.
1643 2760 1693 2798 v,
1713 2748 1761 2792 4.
1786 2749 1847 2792 25
1896 2744 2051 2799 Quam
2074 2744 2253 2804 pridem
2278 2755 2410 2808 pater
2428 2736 2543 2784 mihi
2564 2742 2615 2784 et

1552 2816 1702 2855 mater
1715 2807 1883 2854 mortui
1900 2814 2056 2854 esseut
2090 2809 2181 2855 Eu.
2203 2810 2273 2865 iii,
2292 2815 2338 2859 3.
2360 2816 2423 2860 12
2454 2802 2615 2848 Mater

1553 2885 1660 2917 mea
1681 2872 1777 2918 illie
1800 2878 1979 2919 mortua
2002 2881 2073 2920 est
2104 2887 2257 2935 nuper
2306 2874 2401 2921 En.
2422 2875 2457 2929 i,
2478 2871 2527 2914 2·
2547 2869 2611 2913 5⁰

1555 2934 1627 2981 Ea
1649 2943 1829 2983 mortua
1848 2943 1919 2984 est
1954 2936 2077 2984 Hea.
2096 2937 2165 2993 iii,
2180 2941 2302 2987 3.ss
2346 2938 2465 3002 Ejus
2476 2929 2611 2976 ³⁰1¹ss

1555 3013 1716 3060 causa,
1751 3001 1936 3064 opinor,
1972 3017 2080 3064 quae
2116 3009 2216 3049 erat
2254 3010 2437 3052 mortua
2488 2994 2611 3041 He&-

1555 3063 1607 3120 ii,
1630 3070 1679 3114 3.
1700 3070 1765 3115 46
1815 3065 1907 3112 Per
1928 3065 2032 3130 ejus
2064 3081 2221 3122 uuam,
2243 3075 2299 3114 ut
2329 3069 2490 3122 audio,
2530 3065 2613 3105 ΜΕ

1555 3129 1729 3188 vivam,
1751 3135 1833 3177 aut
1852 3131 2036 3187 moriar,
2055 3132 2333 3178 sententiam
2367 3133 2459 3180 Ph.
2482 3125 2549 3183 iii,
2570 3128 2613 3171 1·

1557 3197 1621 3242 19
1675 3194 1722 3241 8ἰ
1748 3202 2012 3251 moreretur,
2033 3211 2093 3243 ne
2116 3211 2279 3258 expers
2308 3197 2452 3260 partis
2490 3195 2615 3244 esset

1557 3259 1678 3305 Hea.
1699 3259 1767 3315 iv,
1794 3264 1837 3308 1.
1862 3263 1927 3306 39
1960 3261 2071 3308 Sine
2094 3263 2253 3317 modo,
2278 3261 2390 3308 mori
2412 3277 2486 3310 me
2514 3267 2611 3308 mt-

1555 3323 1636 3370 lim
1671 3323 1763 3371 Eu.
1780 3323 1815 3377 i.
1841 3327 1886 3372 1.
1909 3328 1969 3373 21
2006 3325 2135 3372 Mori
2158 3341 2232 3373 me
2255 3327 2399 3374 satius
2419 3335 2491 3374 est
2523 3327 2615 3374 Eu,

1553 3386 1620 3444 iv,
1642 3393 1691 3436 7.
1712 3393 1743 3437 2
1776 3387 1883 3436 Jam
1899 3389 2041 3437 ferme
2063 3390 2263 3438 moriens
2284 3406 2358 3439 me
2377 3399 2515 3440 vocat
2545 3389 2611 3442 A.

1553 3451 1590 3510 i,
1614 3458 1659 3502 5.
1685 3455 1751 3502 49
1802 3452 1893 3501 Ille
1916 3450 1999 3502 tibi
2022 3455 2223 3504 moriens
2254 3471 2339 3503 nos
2372 3469 2609 3505 commen-

1555 3517 1706 3571 davit,
1727 3533 1866 3566 senex
1912 3520 2009 3567 Ad.
2033 3519 2100 3572 iii.
2121 3523 2172 3569 4.
2198 3525 2256 3568 11
2312 3520 2470 3567 Verba
2492 3521 2615 3569 fiunt

1554 3588 1737 3629 mortuo
1770 3583 1860 3630 Ph.
1876 3600 1922 3642 v,
1937 3588 1984 3633 8.
2002 3588 2067 3633 26
2095 3583 2285 3632 Summa
2298 3585 2345 3630 vi
2359 3585 2611 3632 defendam

1554 3645 1695 3703 hanc,
1719 3653 1861 3710 atque
1898 3649 2030 3696 illum
2060 3657 2291 3696 mortuum
2344 3649 2442 3696 Ad.
2464 3649 2534 3706 iii,
2559 3655 2611 3700 4.

1553 3714 1616 3759 47
1674 3710 1773 3767 Qui
1794 3714 1853 3759 ab
1875 3712 2000 3761 Orco
2022 3721 2253 3760 mortuum
2280 3729 2355 3760 me
2392 3715 2611 3761 reducem

1553 3774 1609 3821 in
1639 3775 1789 3824 lucem
1821 3777 2010 3826 feceris?
2066 3777 2161 3825 He.
2185 3793 2233 3836 v,
2255 3780 2303 3826 4.
2328 3781 2389 3826 12
2444 3776 2611 3841 Egone

1555 3839 1681 3887 hunc
1702 3842 1762 3888 ab
1800 3842 1927 3890 Orco
1968 3847 2193 3889 mortuum
2216 3843 2233 3888 ?
2288 3841 2381 3888 He.
2401 3857 2447 3898 ν,
2470 3847 2520 3891 4.
2545 3847 2609 3891 35

1554 3903 1673 3951 Vidi
1694 3906 1915 3970 virginem
1938 3907 2016 3954 hic
2036 3906 2218 3953 viciniae
2237 3906 2465 3962 miseram,
2478 3923 2610 3954 suam

1555 3977 1749 4018 matrem
1774 3971 2015 4019 lamentari
2036 3978 2261 4018 mortuam
2307 3970 2396 4017 Pb.
2418 3971 2454 4029 i,
2476 3975 2524 4020 2.
2544 3975 2611 4020 46

1589 4041 1594 4044 “
1626 4033 1802 4085 Moror.
1868 4035 1995 4092 Quid
2022 4035 2180 4082 multis
2204 4036 2388 4082 moror?
2423 4034 2486 4082 A.
2510 4036 2542 4092 i,
2567 4041 2612 4084 1.

1557 4101 1619 4146 87
1654 4097 1788 4147 Nihil
1810 4115 1961 4147 moror
2010 4099 2100 4146 Eu.
2122 4100 2158 4157 i,
2180 4104 2229 4149 2.
2257 4104 2351 4148 104
2406 4099 2500 4148 Ubi
2524 4101 2610 4157 vis,

1556 4177 1653 4208 non
1678 4177 1830 4213 moror
1876 4165 1966 4212 Eu.
1988 4165 2059 4226 iii,
2080 4169 2128 4213 2.
2148 4168 2179 4213 7
2229 4163 2430 4226 Egomet
2447 4165 2608 4212 convi-

1556 4241 1638 4272 vas
1682 4243 1833 4277 moror
1884 4228 2007 4276 Hea.
2030 4230 2065 4290 i,
2085 4233 2132 4277 1.
2155 4233 2251 4278 120
2304 4227 2417 4276 Non
2460 4246 2611 4278 moror

1558 4292 1649 4340 Ph.
1672 4291 1736 4348 iv,
1759 4301 1806 4343 5.
1828 4299 1860 4343 6
1912 4293 2047 4341 Nihil
2070 4300 2159 4349 eat,
2181 4293 2277 4342 illic
2300 4295 2427 4357 quod
2460 4311 2609 4343 more-

1555 4372 1659 4406 mur
1678 4360 1859 4408 diutius
1890 4357 2011 4406 Hea-
2031 4358 2096 4416 iv,
2118 4363 2167 4408 7.
2191 4362 2223 4407 6

1925 868 1973 917 Si
2031 866 2149 913 forte
2178 866 2368 915 morbus
2418 866 2612 929 amplior

2369 4441 2481 4489 20
