3192 4975
1226 407 1309 458 ΙΝ
1354 408 1836 464 'ruam-vuum.

448 574 547 610 sam
590 559 826 608 adferam?
880 557 1003 608 Hes.
1045 559 1113 616 iv,
1160 562 1209 610 3.
1240 562 1305 609 2⁸
1360 558 1505 617 Vide,

450 624 989 736 mmmm?
1017 623 1259 737 assi·
1287 639 1359 738 :r
1392 639 1507 737 ἵεις·

948 724 959 736 ι
1103 724 1115 737 0
1178 721 1193 743 ι
1249 721 1263 736 e
1487 715 1509 727 ·

446 768 691 800 vorsumne
708 753 843 801 illum
864 767 1055 800 causam
1075 752 1299 809 dicerem,
1330 753 1411 800 eui
1432 768 1511 801 vo-

448 830 605 866 neram
642 817 932 864 advocatus?
983 814 1079 863 Ad.
1121 816 1187 870 iv,
1208 822 1257 864 6.
1276 820 1343 865 42
1394 816 1512 864 Mea

449 895 604 938 causa,
636 895 827 928 causam
862 881 987 928 hanc
1024 879 1227 943 accipite
1278 879 1372 928 He.
1406 880 1509 931 Ale.

450 945 575 994 Ptol.
613 949 678 994 47
734 944 911 992 Dixere
948 958 1136 992 cauum
1180 951 1310 1000 tunc,
1353 945 1511 993 nescio

448 1024 587 1072 quam
620 1009 719 1058 He.
754 1009 791 1063 i,
810 1011 861 1056 2.
887 1013 976 1058 111
1034 1006 1079 1054 Ο
1124 1007 1188 1054 mi
1234 1008 1509 1071 Pamphile!

445 1073 531 1121 abs
562 1081 611 1121 te
644 1073 946 1135 quamobrem
978 1073 1079 1119 haec
1112 1071 1289 1128 abierit,
1322 1088 1511 1121 causam

446 1137 581 1185 vides
613 1136 711 1186 He.
732 1137 803 1197 iii,
824 1140 874 1184 3.
894 1141 957 1186 22
991 1135 1145 1192 Quam
1159 1151 1341 1184 causam
1358 1137 1511 1186 dicam

446 1202 590 1264 patri,
629 1201 925 1263 quamobrem
956 1214 1054 1247 non
1085 1200 1318 1257 reducam,
1352 1201 1513 1250 nescio

447 1265 545 1314 He.
565 1265 639 1319 iii.
663 1271 711 1314 5.
732 1270 763 1314 2
809 1264 1033 1321 Quamvis
1053 1278 1237 1312 eausam
1260 1266 1387 1314 hunc
1408 1281 1509 1314 sus-

447 1329 600 1393 picari
620 1329 803 1376 mavolo
849 1327 942 1376 He.
974 1327 1041 1384 iv,
1065 1332 1112 1377 1.
1134 1332 1197 1378 25
1252 1329 1395 1378 Hanc
1434 1330 1515 1378 ubi

447 1394 567 1441 dixti
606 1407 793 1441 causam
842 1391 935 1440 He.
974 1393 1039 1448 iv,
1060 1397 1111 1442 4.
1134 1399 1195 1442 55
1255 1394 1513 1456 Postquam

447 1459 679 1506 ademtam
704 1459 823 1505 hanc
844 1471 1033 1520 quoque
1056 1456 1144 1503 tibi
1162 1472 1351 1505 causam
1382 1459 1517 1506 vides

448 1521 543 1570 He.
565 1522 629 1578 iv,
651 1526 703 1570 4.
726 1527 789 1570 58
820 1522 1005 1570 Justam
1044 1520 1171 1567 illam
1206 1537 1412 1584 causam,
1445 1523 1515 1569 fu-

448 1586 603 1642 tilem,
638 1585 925 1641 vincibilem,
964 1585 1241 1647 optumam?
1278 1585 1371 1635 Ph.
1408 1586 1446 1644 i,
1466 1590 1515 1634 4.

451 1654 519 1700 ⁴9
570 1650 727 1707 Quam
766 1664 953 1698 cansam
998 1650 1267 1711 reperient?
1318 1650 1517 1698 demiror

451 1714 541 1764 Ph.
560 1715 618 1770 ii,
637 1718 685 1762 1.
708 1718 739 1763 4
793 1714 995 1763 Causam
1029 1714 1208 1762 tradere
1246 1714 1518 1762 advorsariis

454 1779 542 1829 Ph.
560 1779 610 1836 ii,
635 1784 680 1829 1.
703 1783 733 1826 7
767 1777 858 1826 Ille
877 1778 939 1825 ad
960 1777 1305 1825 defendendam
1326 1793 1514 1826 causam

451 1843 585 1892 adest
638 1843 729 1892 Ph.
750 1843 805 1898 ii,
833 1847 877 1892 1.
902 1846 969 1890 36
1020 1841 1135 1888 Νοιι
1166 1857 1353 1889 causam
1388 1844 1515 1899 dico,

452 1905 1517 2021 23⁵”1q‘ffuz‘2s5235‘233311“zzdisszn⁵1:232

455 2037 581 2084 hunc
602 2035 733 2099 loqui
767 2035 859 2083 Ph.
883 2035 935 2091 ii,
960 2038 1007 2082 1.
1028 2039 1094 2082 48
1147 2034 1338 2081 Servom
1370 2035 1517 2082 homi-

456 2116 562 2148 nem
584 2115 771 2148 causam
802 2098 1080 2160 orare-leges
1100 2113 1197 2145 non
1232 2098 1395 2145 sinunt
1428 2099 1519 2146 Ph.

453 2165 571 2220 im.
592 2169 659 2213 62
690 2163 893 2212 Causam
928 2170 979 2210 ut
1010 2177 1095 2224 pro
1128 2178 1177 2209 se
1213 2163 1391 2210 diceres
1424 2163 1515 2210 Ph.

456 2244 501 2284 v,
524 2235 571 2277 5.
593 2233 624 2277 8
658 2227 769 2283 Hic,
795 2243 945 2289 parvae
974 2227 1327 2274 consuetudinis
1361 2241 1518 2289 causa,

458 2291 598 2356 hujus
620 2301 815 2340 mortem
837 2297 933 2338 tam
954 2290 1043 2338 fert
1066 2291 1353 2339 familiariter
1383 2291 1443 2341 A.
1480 2293 1517 2348 i,

460 2363 507 2407 1.
530 2361 591 2405 84
627 2357 829 2418 Egomet
847 2371 1037 2420 quoque
1057 2354 1161 2416 ejus
1192 2370 1334 2403 causa
1359 2355 1411 2402 in
1442 2355 1517 2403 fu·

460 2437 547 2468 nus
567 2423 745 2484 prodeo
777 2420 839 2468 A.
860 2423 895 2475 i,
918 2425 963 2468 l.
984 2424 1047 2467 88
1080 2419 1185 2468 Nec
1208 2427 1260 2466 tu
1286 2435 1344 2467 ea
1377 2435 1519 2468 causa

458 2485 680 2534 minueris
716 2488 834 2540 haec,
879 2501 985 2547 quae
1023 2485 1141 2532 facis
1196 2485 1258 2534 A.
1293 2485 1351 2540 ii,
1377 2490 1423 2534 3.
1456 2490 1518 2534 18

461 2550 611 2612 Cujus
633 2566 775 2599 causa
794 2551 895 2597 haec
916 2548 1088 2611 incipit
1119 2548 1183 2596 A.
1199 2548 1266 2604 iv,
1285 2554 1333 2597 4.
1356 2553 1419 2597 33
1455 2550 1521 2595 Et

460 2615 689 2731 ἓῗῖοῗξά
704 2612 1521 2728 123³‘3052332553'52233322215533

536 2711 551 2728 ο
592 2714 607 2736 2
664 2716 677 2730 ο

464 2751 655 2792 caeteros
694 2743 787 2791 Eu.
820 2743 889 2797 iii,
912 2747 961 2790 2.
982 2745 1047 2790 28
1080 2740 1140 2787 Id
1173 2741 1377 2788 faciebat
1410 2742 1521 2787 reti-

462 2808 607 2855 nendi
629 2807 754 2854 illius
777 2821 918 2853 causa
970 2804 1061 2851 Eu.
1102 2804 1169 2861 iv,
1192 2810 1239 2852 1.
1260 2809 1293 2853 6
1344 2805 1525 2851 Contu·

460 2872 615 2919 meliae
638 2886 733 2918 non
757 2885 836 2916 me
853 2869 1018 2916 fecisse
1051 2883 1209 2923 causa,
1240 2870 1323 2914 sed
1358 2868 1525 2915 amoris

460 2936 553 2985 Eu.
578 2952 623 2989 v,
646 2938 695 2983 2.
719 2937 801 2991 39,
824 2932 911 2979 Me
940 2930 1081 2993 hujus
1115 2932 1344 2994 quicquid
1379 2932 1523 2988 facio,

458 3000 514 3048 id
538 3000 693 3046 facere
717 3011 931 3043 maxume
964 3008 1102 3042 causa
1136 3010 1239 3042 mea
1282 2995 1373 3044 Eu.
1408 3012 1456 3052 v,
1472 3000 1526 3043 9.

460 3068 528 3113 40
563 3064 681 3109 Mea
700 3076 858 3116 causa,
880 3074 1066 3108 causam
1086 3060 1207 3106 hanc
1221 3058 1402 3122 justam
1426 3076 1526 3108 esse

464 3128 673 3175 animum
712 3124 923 3173 inducite
979 3123 1095 3173 Hea.
1132 3124 1255 3171 Prol.
1290 3130 1351 3174 41
1402 3126 1528 3173 Scire

465 3193 555 3240 hoc
579 3193 681 3239 vis?
732 3190 824 3237 Ch.
862 3188 965 3237 Hac
1000 3188 1191 3250 quidem
1232 3204 1390 3245 causa,
1435 3205 1531 3251 qua

469 3256 568 3304 dixi
588 3256 670 3303 tibi
706 3255 829 3302 Heu.
862 3254 899 3309 i,
922 3258 971 3302 1.
994 3258 1055 3301 35
1106 3252 1200 3299 Tot
1243 3269 1347 3301 mea
1385 3255 1531 3301 solius

474 3320 642 3367 soliciti
664 3321 759 3367 sint
790 3318 968 3365 causa?
1015 3316 1139 3365 Hea.
1172 3318 1203 3370 i,
1231 3323 1277 3367 l.
1298 3322 1361 3367 77
1413 3318 1531 3380 Ejus

470 3384 603 3431 anuis
640 3399 796 3439 causa,
838 3382 1021 3445 opinor,
1056 3397 1163 3444 quae
1204 3388 1303 3429 erat
1354 3390 1534 3429 mortua

474 3447 595 3495 Hea.
634 3450 687 3511 ii,
712 3453 760 3496 3.
782 3452 849 3497 46
901 3445 973 3493 At
1010 3452 1057 3491 te
1100 3443 1314 3506 adjutare
1351 3454 1537 3510 oportet

474 3512 807 3561 adolescentuli
831 3526 971 3559 causa
1002 3509 1123 3557 Hea.
1154 3508 1225 3565 iii,
1250 3515 1300 3558 2.
1321 3514 1385 3559 36
1428 3511 1537 3566 Qua

440 3626 445 3631 ,
472 3578 565 3625 hoc
600 3585 845 3639 occeptum
880 3583 952 3623 est
981 3589 1141 3631 causa,
1173 3574 1361 3638 loquere
1414 3574 1538 3622 Heu.

425 3664 437 3669 ··
477 3640 541 3697 iv,
568 3646 610 3689 1.
636 3646 699 3690 36
732 3639 845 3687 Non
868 3647 963 3687 tam
990 3646 1178 3701 meapte
1212 3653 1353 3686 causa
1388 3639 1538 3698 laetor,

478 3720 617 3767 quam
636 3706 761 3753 illius
793 3704 916 3753 Hea.
936 3704 1003 3759 iv,
1022 3708 1070 3751 3.
1093 3708 1125 3752 8
1168 3702 1278 3758 Qua
1313 3718 1455 3751 causa
1485 3703 1538 3749 id

477 3770 561 3816 fiat
590 3770 711 3819 Hea.
732 3769 799 3825 iv,
822 3774 874 3817 6..
896 3773 958 3817 22
992 3768 1065 3814 Ea
1098 3781 1239 3814 causa
1269 3769 1419 3831 magis
1454 3782 1539 3829 pa-

478 3833 567 3881 tiar
611 3834 735 3882 Hea.
769 3850 818 3889 v,
838 3836 971 3883 4.13
1004 3832 1122 3895 Syro
1159 3831 1377 3894 ignoscas
1413 3831 1537 3887 volo,

478 3914 585 3961 quae
606 3913 710 3945 mea
732 3912 873 3945 causa
892 3896 1007 3943 fecit
1038 3895 1161 3942 Hea.
1180 3914 1227 3951 v,
1252 3902 1300 3943 5.
1314 3901 1379 3945 23
1413 3895 1539 3943 Nam

470 3977 570 4026 ego
593 3962 773 4011 liberali
794 3962 924 4008 illam
946 3960 1109 4007 adsero
1126 3974 1269 4007 causa
1283 3976 1423 4006 manu
1445 3960 1540 4007 Ad.

477 4027 531 4088 ii,
557 4022 687 4075 1.‘4o
720 4027 825 4089 Ego
848 4024 969 4073 illud
1003 4039 1079 4070 rus
1113 4024 1245 4071 nulla
1272 4024 1367 4070 alia
1402 4038 1543 4073 causa

480 4098 579 4137 tam
598 4092 720 4139 male
742 4091 841 4152 odi,
854 4089 947 4137 nisi
966 4088 1079 4152 quia
1097 4103 1243 4151 prope
1258 4095 1331 4136 est
1360 4088 1458 4135 Ad.
1474 4088 1542 4146 iv,

480 4160 527 4204 1.
549 4161 581 4205 7
616 4157 737 4205 Mea
764 4170 922 4210 causa,
956 4168 1091 4215 aequo
1122 4152 1277 4199 animo
1313 4151 1543 4200 attendite

484 4218 578 4269 He.
603 4220 703 4268 Alt.
726 4220 854 4269 Prol.
888 4222 953 4268 20
1008 4216 1125 4265 Mea
1160 4232 1317 4273 causa,
1354 4232 1541 4266 causam

484 4284 607 4334 hanc
623 4284 825 4349 accipite
856 4283 953 4334 He.
973 4280 1071 4332 Ait.
1096 4280 1222 4331 Ptol.
1241 4285 1305 4331 47
1340 4280 1471 4329 Alias
1490 4289 1545 4329 ut

2465 397 2635 464 xlvii

1580 559 1652 606 uti
1673 559 1846 623 possim
1870 573 2012 608 causa
2031 559 2120 608 hac
2149 557 2328 622 integra
2361 559 2457 613 He.
2477 563 2512 620 i,
2521 567 2586 614 ³2.
2609 571 2640 616 5

1580 623 1770 688 Nempe
1791 637 1848 672 ea
1869 638 2028 681 causa,
2049 631 2178 673 utne
2193 623 2244 672 id
2258 621 2342 673 fiat
2359 627 2514 689 palam
2547 628 2644 678 He.

1584 688 1619 744 i,
1640 693 1689 737 2.
1714 693 1780 738 30
1811 688 1928 736 Heri
1951 703 2008 736 eu
2027 703 2167 737 causa
2197 703 2300 737 rure
2329 690 2424 738 huc
2455 692 2648 742 advenit

1582 752 1676 800 He.
1697 752 1731 809 i,
1754 757 1804 804 2.
1828 757 1921 802 115
1957 751 2178 814 Gaudeo,
2199 753 2265 800 ita
2285 767 2360 802 me
2375 753 2446 803 Di
2461 757 2644 806 ament!

1583 817 1714 880 gnati
1735 831 1876 866 causa
1907 815 2004 865 He.
2027 817 2082 874 ii,
2105 822 2150 867 1.
2172 821 2238 866 36
2269 818 2366 874 Qui
2383 819 2492 874 scis.
2512 834 2572 868 an
2589 837 2649 871 ea

1582 895 1742 937 causa,
1776 881 1842 928 mi
1873 881 1959 938 vir,
1987 896 2063 928 me
2095 881 2248 930 odisse
2269 883 2646 934 assimulaverit?

1584 942 1681 994 He.
1719 945 1772 1001 ii,
1793 950 1838 994 1.
1859 949 1926 994 38
1969 944 2028 992 Id
2055 945 2178 993 adeo
2212 946 2346 1008 gnati
2383 961 2524 996 causa
2555 948 2650 1000 He.

1583 1008 1642 1065 ii,
1661 1013 1712 1060 2.
1739 1013 1797 1059 17
1833 1007 2046 1058 Haecine
2066 1023 2206 1058 causa
2229 1025 2320 1074 ego
2340 1025 2466 1058 eram
2496 1019 2650 1060 tanto-

1586 1087 1696 1136 pere
1715 1073 1919 1136 cupidus
1939 1073 2168 1122 redeundi
2192 1075 2420 1122 domum?
2453 1075 2547 1123 He.
2579 1075 2649 1135 iii,

1588 1141 1634 1186 1.
1657 1141 1687 1186 3
1722 1136 1882 1195 Quum
1903 1139 1966 1185 de
1990 1138 2155 1186 eadem
2185 1151 2327 1186 causa
2361 1145 2434 1186 est
2467 1140 2650 1189 hacun·

1584 1203 1676 1248 dus
1707 1201 1860 1250 factus
1891 1201 2234 1250 inimicissimus
2266 1202 2358 1251 He.
2395 1202 2468 1260 iii,
2507 1210 2550 1255 1.
2584 1209 2652 1256 29

1587 1264 1732 1322 Quod
1769 1280 1882 1314 sane
1925 1265 2088 1323 nolim,
2133 1281 2345 1315 maxume
2376 1267 2478 1316 heri
2509 1283 2652 1318 causa

1587 1330 1681 1378 mei
1713 1329 1806 1378 He.
1825 1329 1894 1386 iii,
1919 1335 1964 1378 1.
1985 1336 2046 1379 51
2091 1329 2170 1378 Ne
2193 1331 2350 1380 mittas
2369 1333 2560 1394 quidem
2581 1333 2651 1382 vi-

1588 1394 1725 1442 sendi
1745 1409 1887 1442 causa
1909 1407 2190 1459 quemquam
2223 1395 2318 1444 He.
2341 1395 2412 1450 iii,
2433 1401 2483 1447 2.
2505 1401 2534 1446 7
2581 1397 2654 1445 Ea

1588 1459 1651 1506 de
1659 1473 1800 1507 causa
1816 1458 2110 1506 hucintroire
2124 1459 2236 1506 nolo
2247 1458 2344 1508 Hc.
2357 1458 2489 1522 ἱίἱ,2.
2503 1465 2565 1509 13
2591 1461 2652 1509 Id

1587 1537 1683 1586 qua
1704 1537 1845 1569 causa
1865 1521 1984 1570 clam
2003 1537 2076 1569 me
2091 1523 2310 1571 babuisse
2331 1524 2524 1572 dicam?
2557 1525 2654 1574 He.

1588 1586 1654 1641 iv,
1680 1591 1726 1636 1.
1747 1590 1779 1634 4
1793 1609 1798 1614 -
1811 1586 1934 1633 Tum
1955 1593 2058 1632 tuas
2079 1587 2254 1634 amicas
2274 1595 2339 1643 te,
2362 1596 2412 1635 et
2429 1596 2656 1651 cognatas

1590 1651 1818 1706 deserere,
1843 1657 1892 1698 et
1918 1651 2062 1698 festos
2083 1651 2200 1707 dies,
2223 1665 2326 1698 mea
2353 1667 2524 1708 causa..
2541 1653 2654 1702 uolo
2705 1665 2726 1674 ·

1590 1713 1682 1761 He.
1717 1713 1782 1769 iv,
1803 1719 1852 1765 2.
1873 1719 1933 1763 17
1988 1713 2059 1762 Ut
2098 1715 2161 1762 de
2199 1715 2284 1762 tali
2317 1731 2457 1764 causa
2489 1725 2652 1780 nupta

1590 1776 1774 1825 mulieri
1795 1794 1845 1826 se
1867 1778 2138 1826 ostenderet
2169 1777 2263 1826 He.
2287 1795 2330 1835 ν,
2354 1785 2396 1828 1.
2415 1785 2482 1830 30
2513 1781 2654 1830 sudi·

1590 1842 1716 1890 cium
1739 1843 1802 1890 de
1823 1843 1988 1891 eadem
2019 1857 2159 1890 causa
2179 1844 2345 1891 iterum
2369 1851 2422 1891 ut
2453 1847 2656 1894 reddant

1589 1907 1678 1954 tibi
1711 1906 1804 1955 Ph.
1837 1906 1892 1962 ii,
1915 1911 1964 1955 3.
1989 1911 2052 1955 57
2106 1907 2203 1954 80Ιί
2243 1908 2356 1956 licet
2388 1909 2450 1956 de
2488 1911 2656 1958 eadem

1590 1985 1735 2019 causa
1753 1972 1826 2018 bis
1842 1970 2074 2033 judicium
2097 1971 2348 2034 adipiscier
2395 1973 2485 2020 Ph.
2519 1974 2574 2035 ii,
2605 1979 2654 2025 3.

1591 2039 1657 2082 59
1688 2035 1782 2082 Sed
1811 2050 1869 2081 ea
1889 2050 2032 2082 causa
2051 2035 2200 2082 nihilo
2223 2035 2369 2097 magis
2401 2036 2658 2085 defecimus

1594 2098 1686 2144 Ph.
1707 2099 1779 2155 iii,
1802 2102 1902 2146 1.8
1948 2097 2018 2172 Ni
2059 2099 2200 2145 etiam
2237 2113 2362 2171 nunc
2405 2115 2480 2146 me
2516 2100 2658 2164 hujus

1593 2177 1960 2281 333&ssssss
1988 2176 2130 2282 3²11?
2127 2161 2658 2288 ssltfgsst’sfzsztfffissss

1594 2305 1645 2338 es
1667 2291 1913 2350 Lemnum,
1931 2290 2186 2338 Chremes?
2217 2290 2308 2338 Ph.
2329 2291 2393 2348 iv,
2413 2297 2457 2340 1.
2479 2298 2504 2341 1
2541 2294 2659 2342 Mea

1592 2371 1735 2402 eausa
1755 2352 1943 2417 ejicitur
1973 2355 2066 2404 Ph.
2097 2355 2160 2409 iv,
2185 2358 2232 2403 3.
2255 2360 2321 2404 68
2375 2355 2452 2402 De
2491 2360 2656 2406 eadem

1594 2420 1682 2467 hac
1706 2419 1898 2466 fortasse
1919 2434 2062 2466 causa
2093 2419 2184 2466 Ph.
2203 2436 2252 2476 v,
2274 2425 2322 2478 ⁷,-
2343 2424 2374 2467 7
2419 2420 2541 2469 Cum
2567 2438 2657 2486 ego

1595 2484 1736 2531 vestri
1757 2484 1947 2532 honoris
1967 2500 2110 2532 causa
2129 2484 2378 2546 repudium
2397 2485 2554 2534 alterae
2585 2504 2656 2536 re-

1596 2549 1800 2596 miserim
1832 2548 1921 2595 Ph.
1943 2565 1990 2603 v,
2011 2553 2061 2597 7.
2082 2553 2144 2597 35
2178 2548 2350 2595 Multae
2363 2558 2471 2598 sunt
2485 2566 2659 2610 causae,

1596 2614 2134 2737 ἓὲυὸῗὶῗιθῗυξέεξιιιηῖε
2151 2614 2662 2740 ἒξῖἶὲεῐξωξὲιιοΙεὲέἱ

1600 2738 1724 2787 leves
1756 2739 1851 2785 He.
1870 2740 1942 2793 iii,
1963 2743 2014 2786 4.
2040 2744 2100 2787 12
2141 2740 2398 2802 Postquam
2419 2743 2564 2789 sensit
2585 2760 2661 2791 me

1600 2810 1754 2850 tecum
1777 2817 1965 2865 quoque
1986 2817 2083 2849 rem
2103 2802 2292 2859 habere,
2315 2804 2450 2865 fingit
2482 2820 2661 2865 causus,

1599 2882 1660 2913 ne
1683 2868 1783 2925 det,
1803 2866 1966 2912 sedulo
2000 2865 2089 2912 Eu.
2122 2866 2156 2920 i,
2181 2872 2227 2914 2.
2250 2872 2315 2915 58
2352 2866 2528 2917 Omnes
2551 2886 2664 2918 cau·

1601 2946 1674 2979 sas
1711 2930 1962 2993 praecidam
2003 2930 2220 2977 omnibus
2271 2931 2366 2978 He.
2405 2931 2472 2993 iv,
2507 2938 2558 2982 2.
2597 2939 2662 2983 22

1602 2994 1762 3055 Fingis
1783 2995 1922 3041 falsas
1953 3008 2116 3041 causas
2147 2996 2208 3041 ad
2241 2996 2521 3043 discordiam
2570 2998 2664 3047 He.

1594 3058 1665 3115 iv,
1680 3064 1730 3107 4.
1753 3063 1817 3106 71

1669 3122 1840 3171 Caute.
1885 3121 1996 3177 Quo
2020 3122 2168 3183 magis
2189 3138 2352 3170 omnes
2374 3138 2446 3170 res
2461 3125 2662 3184 cautius,

1605 3204 1666 3235 ne
1690 3195 1860 3234 temere
1881 3185 2066 3241 faciam,
2089 3202 2258 3234 securo
2289 3188 2384 3234 He.
2406 3205 2452 3245 v,
2478 3194 2525 3238 1.
2552 3194 2608 3238 11

1672 3251 1878 3300 Cautim.
1941 3250 2035 3297 Sed
2074 3250 2174 3299 haec
2208 3252 2277 3299 ita
2313 3259 2370 3300 ut
2405 3261 2532 3309 sunt,
2553 3269 2663 3301 cau·

1608 3317 1711 3371 tim,
1734 3323 1784 3363 et
1803 3315 2029 3377 paulatim
2051 3316 2186 3363 dabis
2220 3318 2344 3366 Hes.
2367 3316 2432 3372 iv,
2454 3324 2502 3367 8.
2520 3322 2586 3367 30

1676 3380 1868 3428 Cautio.
1936 3379 2138 3427 Puerum
2168 3389 2324 3429 antem
2363 3398 2424 3429 ne
2443 3383 2666 3432 resciscat

1611 3445 1726 3491 mihi
1745 3460 1847 3492 esse
1869 3460 1926 3491 ex
1963 3443 2060 3500 illa,
2083 3446 2240 3493 cautio
2262 3454 2334 3493 est
2369 3446 2427 3493 A.
2449 3446 2503 3503 ii,
2524 3452 2573 3495 3.
2597 3451 2662 3495 26

1612 3508 1774 3556 Pisces
1794 3508 1845 3554 hi
1868 3508 1981 3554 mihi
2001 3524 2062 3555 ne
2097 3517 2466 3572 corrumpantur,
2504 3511 2662 3557 cautio

1614 3579 1687 3621 est
1717 3572 1813 3618 Ad.
1832 3572 1908 3629 iii,
1929 3576 1978 3621 3.
2001 3577 2064 3621 67
2596 3605 2616 3613 -

1679 3638 1876 3685 Cautus.
1923 3636 1992 3685 Ut
2012 3645 2176 3685 cautus
2195 3646 2284 3695 est,
2307 3638 2386 3684 nbi
2407 3635 2524 3683 nihil
2541 3650 2662 3697 opus

1614 3702 1714 3749 est!
1749 3702 1839 3747 Ph.
1859 3701 1924 3753 iv,
1945 3707 1996 3749 5.
2021 3705 2050 3749 3

1682 3765 1830 3813 Cedo.
1879 3764 1991 3820 Qui,
2012 3766 2130 3811 cedo
2151 3766 2168 3811 ?
2191 3763 2254 3813 A.
2275 3764 2310 3819 i,
2331 3768 2376 3811 1.
2402 3766 2493 3811 123
2529 3763 2663 3811 Cedo

1615 3830 1774 3891 igitur,
1811 3829 1928 3891 quid
1965 3828 2151 3884 faciam,
2194 3828 2362 3874 Dave?
2396 3826 2461 3873 A.
2489 3826 2528 3883 i,
2550 3831 2598 3875 3.
2631 3832 2665 3875 9

1618 3893 1769 3953 Cedo,
1785 3892 1900 3956 quid
1916 3892 2124 3955 jurgabit
2143 3892 2333 3940 tecum?
2368 3889 2432 3938 A.
2453 3891 2504 3947 ii,
2527 3895 2575 3940 3.
2601 3896 2661 3940 15

1619 3958 1752 4014 Quid
1767 3958 1943 4005 facies?
1976 3958 2096 4004 cedo
2129 3957 2190 4005 A.
2228 3956 2295 4011 iv,
2333 3959 2384 4003 2.
2407 3959 2471 4003 22
2525 3954 2666 4003 Nova

1615 4038 1744 4070 nunc
1781 4022 1944 4084 religio
1981 4022 2034 4068 in
2054 4028 2100 4068 te
2121 4022 2250 4067 istaec
2271 4019 2476 4075 incessit,
2511 4021 2663 4068 cedo?

1617 4086 1683 4134 A.
1704 4088 1770 4149 iv,
1791 4091 1839 4160 3.
1864 4091 1924 4161 15
1975 4085 2126 4160 Ced0,
2165 4083 2336 4146 cujum·
2361 4100 2556 4159 puerum
2587 4086 2664 4133 hie

1620 4148 2014 4263 :fimi-¹212&
2037 4152 2176 4263 εις·
2302 4147 2664 4270 3312320025:

1621 4280 1767 4329 alios:
1803 4280 1886 4329 ubi
1925 4276 2136 4327 centurio
2171 4280 2275 4327 est?
2309 4278 2398 4327 Eu.
2434 4279 2502 4341 iv,
2537 4283 2588 4333 7.
2631 4281 2663 4325 6
