3192 4975
1179 460 1260 507 m
1310 458 1787 511 ‘runem-mm,
1822 518 1839 537 ⁸

411 605 608 655 tandum
628 603 796 653 dedisti
825 604 924 659 Ad.
939 605 1009 663 iii,
1031 611 1081 657 4.
1104 610 1168 661 17

455 667 690 717 ²Adorior.
751 670 868 717 Tum
903 672 1030 719 hunc
1083 670 1266 719 adoriar
1299 672 1462 735 hospi·

409 738 507 779 tem
555 733 643 780 Ph.
667 734 729 788 iv,
745 738 795 783 2.
822 740 882 783 15
934 732 1147 783 Adortus
1171 733 1331 797 jurgio
1367 737 1460 783 fra-

408 802 526 843 trem
553 798 675 859 apud
699 798 851 859 forum
883 796 980 845 Ad.
1002 798 1076 859 iii,
1097 803 1146 847 8.
1163 804 1227 847 50
1260 800 1464 848 Hiccine

407 875 482 907 me
505 859 913 975 stiknpar23u112rlin
933 862 1051 975 vgris
1071 863 1462 974 ῃιέριίἱεαῖὶοιζῐξιῗ

407 938 510 971 esse
614 958 627 971 .
645 938 716 981 m,
775 958 789 975 .
981 941 1086 973 esso
1143 942 1233 975 unc
1317 942 1425 974 orm

405 986 531 1037 Hea.
551 987 618 1043 iv,
638 992 687 1039 5.
709 992 742 1037 9

471 1048 687 1101 Adorno.
745 1049 986 1101 Continuo
1007 1052 1108 1101 haec
1129 1054 1373 1110 adornant,
1407 1061 1464 1101 ut

406 1113 532 1161 lavet
577 1114 672 1169 Eu.
691 1114 763 1172 iii,
786 1121 833 1165 5.
855 1120 918 1165 34
983 1116 1060 1165 Ita
1087 1117 1185 1181 jam
1205 1118 1463 1166 adornabat

406 1177 569 1239 fugam
603 1178 695 1228 En.
720 1178 784 1234 iv,
805 1185 852 1229 4.
875 1185 908 1230 6

473 1240 680 1289 Adsum.
741 1242 900 1300 Thais,
939 1260 1028 1307 ego
1045 1241 1146 1307 jam
1180 1244 1358 1292 dudum
1379 1244 1462 1293 hic

403 1303 575 1351 adsum
605 1304 695 1355 Eu.
717 1306 782 1362 iv,
805 1311 853 1355 6.
873 1313 902 1355 5
973 1306 1174 1365 Adsum,
1211 1310 1310 1370 dic,
1342 1309 1460 1373 quid

402 1368 514 1414 est?
565 1368 689 1419 Hea.
720 1369 768 1425 ii,
791 1374 838 1418 3.
873 1374 968 1419 108
1015 1371 1238 1436 Dumque
1275 1373 1461 1429 adsum,

403 1429 654 1495 loquimini
669 1448 849 1481 mecum
871 1434 962 1483 Ph.
981 1433 1053 1493 iii,
1071 1441 1118 1487 3.
1140 1441 1203 1485 16
1250 1435 1326 1485 Ac
1343 1451 1460 1494 non,

403 1496 520 1557 quia
537 1495 650 1542 ades
669 1498 889 1559 pmsens,
912 1498 1022 1546 dico
1059 1501 1152 1547 hoc
1196 1497 1296 1546 Ad.
1319 1499 1389 1556 iii,
1411 1504 1461 1561 8.

403 1562 471 1607 89
515 1559 670 1621 Prope
708 1562 856 1617 adest,
929 1577 1038 1609 uum
1061 1564 1218 1611 alieno
1240 1577 1368 1611 more
1387 1564 1458 1610 vi-

403 1622 608 1669 vendum
631 1631 705 1671 est
734 1625 852 1672 mihi
947 1658 961 1673 .
983 1626 1019 1682 i,
1045 1631 1092 1676 1.
1117 1630 1210 1676 125
1257 1626 1351 1674 Sed
1375 1642 1457 1689 ps-

403 1694 477 1733 ter
507 1688 670 1734 adestz
723 1704 856 1747 cave,
892 1698 939 1737 te
960 1704 1062 1737 esse
1085 1691 1260 1738 tristem
1291 1690 1462 1738 sentiat

405 1748 470 1799 A.
492 1749 547 1806 ii,
569 1755 617 1799 8.
639 1756 704 1807 29
757 1751 816 1799 In
844 1754 1123 1817 denegando
1163 1754 1268 1816 quis
1311 1754 1466 1817 pudor

405 1814 647 1875 paululum
679 1816 814 1864 adest
862 1816 926 1864 A.
949 1818 1017 1873 iv,
1043 1823 1090 1866 l.
1112 1822 1145 1865 6
1198 1816 1354 1863 Adest
1373 1833 1462 1880 op·

405 1878 516 1925 time
553 1878 652 1941 ipse
688 1879 828 1927 frater
872 1880 965 1930 Eu.
987 1898 1034 1936 v,
1057 1885 1105 1929 2.
1126 1882 1192 1929 66
1253 1880 1352 1928 Ubi
1388 1890 1490 1929 est·

402 1940 576 1988 frater?
623 1941 714 1991 ch.
736 1942 914 1991 Praesto
956 1945 1090 1991 adest
1138 1943 1231 1991 Eu.
1255 1960 1302 2001 v,
1325 1948 1374 1993 9.
1394 1948 1460 1995 20

404 2004 548 2055 Pater
579 2006 730 2063 adest,
770 2022 909 2069 quem
949 2008 1080 2055 volui
1133 2006 1253 2055 Hea.
1296 2007 1333 2063 i,
1353 2012 1404 2057 2.
1429 2015 1458 2058 5

403 2066 582 2115 Mulier
601 2069 686 2116 tibi
706 2070 855 2128 adest,
869 2071 1028 2118 audin’
1039 2070 1228 2119 Clinia?
1261 2070 1385 2118 Hes.
1406 2072 1462 2130 ii,

406 2135 457 2180 8.
479 2136 510 2180 2
574 2132 686 2195 Ipse
720 2135 840 2181 adeo
863 2136 1012 2182 adest.
1050 2132 1128 2181 abi
1177 2133 1301 2181 ΗΜ.
1322 2134 1390 2191 iv,
1415 2142 1462 2183 5.

404 2199 470 2244 56
492 2254 498 2258 ¹
523 2194 650 2243 Geta
669 2204 826 2250 autem
846 2198 926 2245 hic
947 2213 1044 2245 non
1077 2198 1212 2245 adest
1253 2197 1350 2245 Ad.
1386 2197 1462 2255 iii,

409 2262 456 2307 1.
477 2264 507 2308 4
577 2258 704 2308 Ecce
733 2262 810 2310 hic
832 2263 967 2309 adest
987 2276 1129 2309 senex
1151 2268 1310 2309 noster
1362 2261 1460 2312 Ad.

405 2337 453 2378 v,
475 2327 522 2370 1.
543 2326 574 2370 5
609 2323 786 2372 Eccum
808 2325 944 2373 adest
963 2325 1228 2389 corruptela
1248 2331 1456 2373 nostrum

405 2385 603 2433 liberum
650 2386 749 2437 Ad.
786 2404 834 2444 v,
870 2394 973 2439 8.6
1038 2388 1194 2437 Adest
1227 2389 1461 2437 Parmeno

403 2466 510 2498 eum
571 2451 727 2514 pueris
781 2452 872 2503 He.
909 2454 978 2510 iii,
1010 2457 1060 2503 8.
1094 2455 1162 2503 49
1221 2452 1458 2516 Exquire:

403 2515 539 2562 adest
584 2515 677 2567 He.
699 2533 744 2573 ν,
767 2521 816 2567 2.
841 2521 901 2566 17
953 2517 1106 2566 Herus
1129 2518 1262 2566 adest
1307 2518 1400 2566 Ph.
1423 2518 1458 2574 i,

404 2581 453 2626 4.
475 2583 504 2624 7
561 2578 652 2627 Ille
672 2581 732 2627 ad
749 2581 1098 2630 defendendam
1118 2596 1306 2629 causam
1327 2582 1462 2628 adest

404 2641 498 2692 Ph.
519 2640 574 2697 ii,
593 2648 640 2691 1.
661 2648 727 2692 86
773 2645 926 2692 Senex
959 2646 1130 2693 adest:
1174 2645 1299 2698 vide,
1337 2644 1455 2706 quid

403 2705 638 2818 32?ss
671 2708 744 2820 ξε»
760 2713 938 2820 Ἓξ,
953 2707 1184 2820 iffi
1205 2707 1292 2818 ’ἐξ
1319 2709 1460 2819 Ξέῑῗ*

403 2836 436 2880 8
484 2832 578 2880 Ubi
602 2833 686 2890 vis,
725 2836 852 2881 dona
893 2837 1068 2882 adsunt
1087 2834 1174 2881 tibi
1193 2849 1222 2880 a
1244 2833 1461 2880 Phaedria

405 2895 496 2946 Eu.
522 2896 594 2951 iii,
607 2901 654 2944 2.
678 2901 736 2945 11
787 2897 934 2958 Signa
953 2899 1167 2946 ostende.
1222 2896 1316 2958 Py.
1354 2895 1458 2942 Ad-

403 2966 514 3005 sunt
562 2958 654 3005 Eu.
675 2958 742 3015 iv,
763 2963 812 3006 6.
835 2964 902 3008 29
954 2959 1134 3006 Eccum
1171 2958 1460 3005 Dromonem

403 3037 511 3070 cum
555 3023 694 3084 Syro,
718 3037 812 3068 una
844 3023 1016 3069 adsunt
1051 3022 1139 3069 tibi
1185 3021 1308 3069 Hen.
1338 3019 1390 3076 ii,
1412 3027 1462 3070 2.

405 3089 468 3134 12
502 3085 729 3140 Aderam,
755 3083 890 3147 cujus
912 3085 1109 3135 consilio
1131 3099 1188 3132 ea
1207 3100 1293 3148 par
1311 3085 1464 3135 fuerat

405 3147 612 3259 33:3²3?
642 3149 882 3261 12¹3?ss
912 3147 1345 3276 ¹52⁴⁶Tu²³3322ss52
1371 3149 1460 3260 ‘13³1‘ss

406 3277 586 3337 aderas,
621 3275 875 3324 Phormio?
926 3277 1018 3324 Ph.
1051 3293 1098 3334 v,
1133 3281 1183 3325 6.
1225 3279 1288 3326 18
1337 3275 1458 3325 Cum

405 3339 504 3386 inis
541 3355 636 3387 una
671 3341 836 3388 aderat
869 3339 1087 3402 frequens
1139 3339 1204 3388 A.
1240 3339 1276 3403 i,
1314 3345 1360 3388 1.
1393 3344 1458 3396 80

406 3401 579 3464 Neque
618 3411 844 3466 cognatus
879 3405 1126 3466 quisquam
1159 3403 1320 3450 aderat
1363 3404 1459 3452 Ph.

406 3465 445 3520 i,
467 3469 515 3513 2.
537 3469 601 3515 49
652 3467 787 3514 Nihil
809 3469 971 3514 aderat
989 3467 1251 3529 adjumenti
1271 3467 1331 3515 ad
1350 3467 1457 3530 pul-

407 3529 716 3578 chritudinem
739 3531 830 3580 Ph.
849 3531 884 3588 i,
904 3535 1031 3580 2.ὄό
1081 3529 1212 3577 Inter
1227 3530 1459 3586 mulieres,

410 3607 515 3655 quae
551 3593 622 3640 ibi
645 3595 854 3652 aderant,
878 3609 1020 3642 unam
1041 3592 1219 3656 aspicio
1268 3593 1332 3643 A.
1353 3595 1390 3647 i,
1415 3600 1460 3641 1.

407 3661 470 3704 91
525 3656 646 3704 Risu
682 3673 860 3714 omnes,
903 3657 988 3721 qui
1030 3657 1241 3715 aderant,
1277 3657 1462 3704 emoriri

408 3718 502 3769 Eu.
521 3721 594 3786 iii,
617 3727 663 3780 1,.
684 3725 750 3772 42
797 3720 965 3770 Abiit:
1023 3721 1214 3768 andivi:
1251 3735 1340 3782 ego
1361 3735 1460 3766 non

409 3782 526 3830 affui
576 3781 668 3834 Eu‘.
704 3801 752 3842 v,
776 3786 822 3834 1.
843 3791 876 3834 2
929 3785 1069 3833 Forte
1102 3785 1292 3832 fortuna
1325 3783 1463 3831 affuit

407 3847 486 3894 hic
524 3863 656 3896 meus
676 3848 856 3896 amicus
897 3848 990 3900 Eu.
1027 3849 1061 3904 i,
1084 3853 1134 3898 2.
1155 3853 1220 3898 54
1265 3848 1388 3897 Cum
1407 3848 1462 3894 in

411 3910 644 3972 pariundo
687 3911 870 3976 aliquot
912 3913 1148 3960 affuerunt
1200 3911 1358 3960 liberm
1398 3910 1462 3960 A.

409 3973 475 4031 iv,
495 3979 547 4024 4.
571 3979 635 4024 32
683 3975 808 4032 Jam,
850 3977 1059 4048 inquam,
1089 3975 1168 4022 hic
1201 3976 1342 4022 adero
1396 3972 1460 4021 A.

403 4035 476 4094 iv,
493 4043 544 4088 2.
565 4041 630 4087 82
664 4037 874 4088 Omitte:
905 4054 1006 4100 Jam
1031 4040 1172 4087 adero
1206 4038 1296 4087 Eu.
1312 4039 1382 4093 iv,
1413 4042 1464 4086 6.

407 4103 472 4148 27
521 4100 766 4150 Continuo
800 4103 878 4152 hic
901 4103 1040 4150 adero
1087 4102 1210 4152 Hea.
1231 4101 1304 4156 iii,
1328 4105 1377 4148 1.
1395 4105 1463 4150 96

408 4161 688 4226 Nunquam,
707 4167 820 4213 dnm
843 4181 932 4229 ego
954 4166 1112 4222 adero,
1131 4167 1210 4213 hic
1232 4174 1280 4212 te
1301 4170 1464 4226 tanget

409 4223 507 4274 Ad.
528 4227 580 4282 ii,
603 4232 650 4276 1.
675 4233 704 4277 3
737 4230 797 4277 111
821 4230 1148 4293 cognoscendo
1169 4229 1270 4291 ipse
1291 4228 1462 4288 aderis,

412 4289 610 4341 chaerea
663 4291 756 4343 Eu.
798 4309 844 4354 v,
875 4299 922 4344 2.
947 4297 1012 4343 54
1081 4291 1260 4342 Aderit¹
1281 4306 1376 4340 una
1411 4291 1462 4338 in

2512 450 2591 516 xi

1527 610 1634 657 nnis
1667 608 1849 657 aedibus
1898 608 1991 660 Eu.
2020 608 2082 667 11,
2116 614 2167 663 8.
2198 614 2263 661 75
2334 611 2443 662 Jam
2482 612 2587 662 hec

1527 672 1615 720 tibi
1654 674 1809 723 aderit
1860 673 2133 737 supplicans
2202 674 2291 723 Eu.
2328 674 2393 731 iv,
2422 680 2471 726 7.
2516 681 2581 729 41

1524 736 1667 784 Thais
1681 738 1783 800 jam
1806 737 1955 786 aderit
1988 738 2080 787 Eu.
2101 738 2242 814 iv‚·4.
2266 742 2329 788 58
2361 738 2466 788 Jsm
2488 740 2583 789 fra-

1525 802 2425 929 ‘1551‘3’2333333312312921525351
2446 807 2585 926 {iffi

1524 932 1558 977 6
1606 926 1679 975 At
1713 929 1793 991 pol
1818 929 1921 993 jam
1944 929 2113 985 aderit,
2134 944 2185 976 se
2215 944 2403 992 quoque
2441 930 2585 979 etiam

1525 1006 1671 1055 quum
1695 992 1846 1040 oderit
1880 992 1974 1041 He.
1994 992 2060 1049 iv,
2082 996 2132 1042 1.
2151 996 2217 1041 28
2279 992 2452 1041 Aderit
2470 1008 2587 1042 con·

1525 1056 1676 1111 tinuo,
1698 1057 1790 1105 hoc
1813 1056 1895 1105 ubi
1911 1072 1969 1105 ex
2000 1054 2263 1103 teaudierit
2316 1056 2409 1103 He.
2448 1073 2495 1113 v,
2529 1061 2581 1109 8.

1526 1123 1588 1167 15
1647 1119 1791 1169 Pater
1809 1120 1977 1169 aderit.
2008 1120 2126 1167 mihi
2149 1126 2323 1183 parato
2344 1119 2451 1167 lites
2486 1120 2585 1171 Ph.

1523 1181 1564 1238 i,
1581 1186 1631 1231 2.
1655 1187 1718 1233 88
1762 1184 1870 1234 Jarn
1910 1184 2019 1231 faxo
2040 1184 2118 1232 hic
2138 1184 2289 1231 aderit
2344 1182 2435 1232 Ph.
2458 1184 2511 1242 ii,
2538 1189 2588 1234 1.

1525 1248 1609 1295 78.
1642 1261 1692 1304 v,
1716 1252 1763 1296 8.
1784 1252 1851 1297 66
1897 1246 2005 1296 Jam
2027 1249 2230 1295 aderunt
2259 1246 2383 1296 Hes.
2407 1247 2458 1303 ii,
2479 1252 2530 1297 2.
2552 1253 2587 1299 9

1525 1308 1699 1358 Dave:
1734 1312 1864 1361 ades.
1889 1311 2049 1359 resiste
2082 1309 2143 1358 A.
2159 1311 2215 1365 ii,
2232 1314 2327 1360 2.7
2381 1310 2585 1376 Phidip-

1523 1388 1608 1483 ἕξ,
1652 1375 1796 1423 ades!
1848 1375 1959 1422 sudi
1997 1376 2161 1438 paucis
2211 1373 2305 1423 He.
2344 1374 2414 1431 iii,
2437 1380 2487 1423 5.
2518 1380 2587 1425 60

1589 1437 1675 1495 sia,
1710 1438 1965 1487 adesdum:
2000 1439 2163 1500 paucis
2219 1446 2265 1486 te
2299 1438 2407 1485 volo
2460 1437 2525 1489 A.
2548 1440 2584 1497 i,

1527 1503 1574 1548 1.
1600 1504 1633 1549 2
1705 1502 1895 1558 Favete,
1935 1504 2099 1550 adeste
2132 1516 2269 1565 aequo
2308 1502 2465 1549 animo
2518 1502 2587 1554 A.

1523 1562 1653 1615 Ptol.
1694 1569 1759 1615 24
1813 1566 1996 1615 Adeste
2040 1580 2177 1629 requo
2231 1566 2390 1613 animo
2460 1564 2587 1617 Hes.

1525 1627 1657 1676 Prol.
1680 1634 1761 1678 85.
1795 1630 1885 1678 Ph.
1925 1629 2053 1677 Ptol.
2076 1634 2137 1679 81
2189 1628 2388 1685 Adeste,
2421 1644 2583 1693 queso

1526 1689 1619 1739 Ph.
1646 1692 1702 1749 ii,
1738 1697 1786 1742 3.
1812 1698 1842 1743 8
1894 1692 2067 1743 Cibum
2104 1708 2198 1740 una
2230 1693 2406 1757 capias,
2439 1693 2586 1751 adsis,

1526 1760 1693 1819 tangas
1726 1756 1821 1807 Eu.
1842 1756 1898 1813 ii,
1923 1761 1971 1805 3.
1995 1760 2055 1805 81
2114 1755 2312 1819 Rogito,
2336 1756 2581 1818 Pamphila

1527 1818 1644 1881 quid
1664 1835 1691 1867 a
1726 1821 1807 1867 at?
1857 1820 1957 1882 jam
1984 1828 2139 1883 partus
2160 1820 2344 1867 adsiet?
2398 1820 2496 1868 Ad.
2518 1820 2583 1877 iv,

1525 1886 1573 1930 4.
1589 1888 1625 1932 9
1728 1884 1825 1931 omi
1847 1882 2027 1939 adsitis,
2051 1884 2191 1931 facite
2241 1883 2332 1931 Eu.
2352 1884 2426 1941 iii,
2447 1888 2496 1933 2.
2517 1888 2582 1933 58

1525 1943 1719 1994 Amicos
1752 1948 2011 2002 advocabo,
2047 1948 2108 1993 ad
2138 1949 2259 1995 hanc
2281 1962 2374 1995 rem
2392 1946 2477 2011 qui
2496 1949 2583 1994 ad-

1525 2008 1647 2057 sient
1678 2010 1767 2058 Ph.
1788 2010 1844 2068 ii,
1870 2018 1917 2060 l.
1935 2016 1998 2059 83
2048 2012 2354 2073 Magistratus
2376 2026 2485 2059 cum
2504 2010 2577 2059 ibi

1525 2074 1727 2130 adesset,
1750 2080 1950 2135 occepta
1996 2081 2068 2121 est
2101 2075 2179 2136 agi
2228 2074 2321 2123 Eu.
2353 2073 2479 2122 Prol.
2518 2078 2585 2123 22

1527 2134 1723 2182 Utinam
1758 2137 1835 2183 hic
1858 2151 2003 2199 prope
2046 2138 2232 2183 adesset
2268 2137 2444 2184 alicubi
2478 2134 2580 2189 Ad.

1525 2197 1594 2254 iii,
1619 2205 1667 2249 4.
1690 2203 1723 2247 7
1769 2199 1819 2246 si
1842 2201 2043 2255 adesset,
2064 2200 2223 2257 credo,
2242 2199 2311 2245 ibi
2332 2199 2435 2261 ejus
2457 2214 2587 2247 com-

1525 2262 1841 2311 miseresceret
1874 2264 1969 2312 He.
1992 2264 2027 2319 i,
2049 2266 2098 2312 2.
2120 2267 2184 2313 54
2255 2261 2307 2310 Si
2334 2262 2449 2310 nihil
2474 2262 2585 2313 mali

1525 2334 1664 2382 esset,
1694 2326 1796 2389 jam
1836 2327 1915 2377 hic
1966 2326 2186 2374 adessent
2234 2326 2359 2375 Hea-
2392 2327 2447 2383 ii,
2470 2330 2519 2374 2.
2551 2332 2586 2378 9

1523 2389 1749 2446 Quidni?
1800 2392 1885 2453 qui
1906 2406 2053 2453 usque
2085 2405 2181 2438 una
2200 2391 2411 2439 affuerim
2458 2390 2585 2441 Hes.

1522 2455 1589 2511 iv,
1614 2459 1662 2504 8.
1685 2460 1717 2504 6
1738 2454 1769 2505 J
1773 2470 1847 2502 *un
1864 2470 1991 2506 nunc
2015 2453 2162 2510 times,
2186 2454 2321 2519 quasi
2343 2468 2583 2517 nunquam

1523 2517 1713 2566 affueris
1745 2519 1846 2569 Ad.
1865 2520 1936 2576 iii,
1961 2525 2008 2568 1.
2031 2523 2061 2567 3
2112 2519 2374 2582 Utrumque
2418 2521 2585 2568 adesse

1523 2583 1664 2629 video
1703 2583 1767 2628 A.
1790 2582 1843 2638 ii,
1876 2583 1975 2638 545
2029 2582 2101 2629 [bi
2120 2598 2197 2631 me
2216 2585 2396 2638 adesse,
2420 2591 2585 2632 neuter

1531 2652 1631 2692 tum
1654 2654 1953 2708 praesenserat
1997 2646 2059 2693 A.
2083 2661 2129 2702 V,
2155 2651 2200 2693 1.
2234 2651 2299 2696 20
2344 2645 2473 2694 Volo
2492 2661 2583 2710 ego

1530 2711 1697 2756 adesse
1728 2710 1809 2756 hic
1844 2711 2098 2756 advocatos
2146 2711 2283 2757 nobis
2330 2709 2421 2760 Eu.
2441 2709 2508 2768 iv,
2530 2713 2583 2758 6.

1530 2775 1596 2820 26
1642 2771 1785 2818 Hunc
1821 2772 2015 2818 minime
2054 2781 2126 2816 est
2160 2787 2281 2843 opus
2316 2773 2370 2819 in
2403 2774 2491 2818 hac
2532 2787 2585 2820 re

1532 2835 1696 2880 adesse
1740 2833 1835 2880 He.
1854 2834 1927 2888 iii,
1950 2838 2000 2881 8.
2022 2837 2088 2880 50
2152 2833 2183 2880 X
2202 2835 2303 2880 isne
2324 2836 2488 2893 adesse
2508 2849 2587 2882 me

1531 2911 1644 2951 una,
1667 2896 1779 2943 dum
1796 2897 1931 2944 istam
1948 2895 2201 2943 convenis?
2234 2895 2329 2944 He.
2345 2897 2409 2952 iv,
2423 2901 2471 2944 4.
2491 2901 2585 2946 108

1531 2959 1672 3022 Ipsus
1692 2967 1800 3006 est:
1850 2975 1947 3006 non
1988 2974 2176 3021 possum
2217 2959 2381 3006 adesse
2442 2960 2530 3007 Ph.
2552 2961 2589 3023 i,

1532 3025 1585 3070 4.
1630 3027 1695 3071 39
1745 3023 1901 3071 Credo
1922 3020 2054 3068 illum
2072 3020 2173 3082 jam
2213 3023 2464 3070 affuturum
2482 3039 2587 3072 esse

1533 3084 1627 3133 Eu.
1650 3085 1715 3141 iv,
1738 3091 1786 3134 6.
1807 3089 1834 3133 1
1869 3084 2010 3132 Illum
2032 3085 2119 3132 tibi
2138 3085 2315 3132 salvom
2336 3087 2585 3134 affuturum

1533 3164 1637 3203 esse
1678 3148 1775 3204 hic,
1798 3149 1987 3196 confido
2036 3147 2159 3195 Hea-
2182 3149 2218 3205 i,
2241 3154 2287 3196 1.
2310 3153 2403 3197 108
2447 3148 2586 3196 Illam

1533 3211 1670 3260 simul
1712 3211 1800 3260 tibi
1818 3212 1899 3261 hic
1920 3227 2009 3276 ego
2030 3211 2277 3260 affuturam
2310 3212 2452 3260 hodie
2486 3212 2589 3261 scio

1531 3276 1657 3325 Hes.
1677 3277 1715 3331 i,
1736 3280 1785 3325 2.
1804 3281 1837 3326 2

1596 3339 1817 3388 Adveho.
1882 3338 1980 3395 Qui
2018 3354 2199 3388 mecum
2231 3356 2327 3388 nna
2361 3341 2586 3388 advectus

1531 3411 1603 3452 est
1666 3403 1760 3452 He.
1792 3403 1864 3460 iii,
1898 3409 1948 3452 4.
1971 3408 2033 3453 19
2081 3403 2226 3450 Istam
2268 3420 2393 3452 nunc
2433 3405 2588 3461 times,

1533 3468 1861 3580 quxdggrffiu
1880 3473 1973 3576 1111
1982 3465 2289 3578 ξυόἑέἰξὶὴΐ
2304 3530 2382 3577 hic
2401 3505 2595 3579 advena⁸

1533 3609 1653 3641 anus
1678 3594 1965 3656 paupercula
1996 3593 2118 3642 Hea.
2138 3594 2176 3654 i,
2194 3598 2242 3642 1.
2261 3597 2325 3642 44

1601 3656 1835 3704 Advenio.
1902 3656 1948 3705 0
1988 3657 2132 3713 salve,
2166 3655 2428 3719 Pamphile.
2452 3657 2511 3703 ad
2537 3662 2585 3703 te

1534 3720 1735 3768 advenio
1768 3721 1833 3767 A.
1852 3721 1903 3776 ii,
1931 3725 1975 3769 1.
1999 3725 2061 3769 19
2096 3719 2278 3776 -Quum
2312 3720 2422 3766 illoc
2442 3719 2587 3766 adve-

1534 3783 1647 3831 nio:
1696 3784 1900 3831 solitudo
1934 3790 2043 3830 ante
2082 3783 2251 3830 ostium
2282 3781 2345 3829 A.
2365 3782 2419 3838 ii,
2442 3787 2491 3831 2.
2518 3786 2583 3830 25

1533 3846 1645 3894 Huc
1664 3861 1770 3894 cum
1795 3847 2014 3902 adveni0,
2034 3846 2163 3892 uuna
2184 3851 2283 3892 erat
2334 3845 2427 3893 Eu.
2449 3845 2501 3900 ii,
2529 3847 2581 3893 3.

1535 3915 1599 3958 58
1632 3909 1811 3972 Optato
1832 3911 2025 3958 advenis
2057 3907 2121 3957 A.
2144 3908 2218 3965 iii,
2234 3913 2285 3959 3.
2306 3914 2348 3984 1.
2370 3908 2417 3955 Ο
2437 3908 2585 3957 Chre-

1533 3971 2587 4100 fgzepssssffssffihidliffifiss'Rufii}

1535 4099 1580 4147 Ο
1604 4100 1824 4158 Charine,
1844 4102 1895 4148 in
1916 4109 2124 4162 ternpore
2140 4100 2243 4162 ipso
2254 4099 2367 4146 mihi
2388 4099 2584 4146 advenis

1535 4163 1601 4213 A.
1624 4181 1670 4219 v,
1696 4168 1744 4213 6.
1769 4170 1830 4212 10
1882 4164 2041 4220 Pater,
2084 4170 2347 4225 opportune
2388 4163 2583 4212 advenis

1535 4227 1659 4276 Rea.
1688 4227 1720 4282 i,
1760 4232 1807 4275 2.
1846 4233 1876 4276 5
1927 4225 2108 4274 Ehem!
2158 4226 2455 4290 Menedeme,
2496 4227 2583 4273 ad·

1535 4290 1701 4339 venis?
1750 4290 1873 4343 Hea.
1906 4307 1953 4350 v,
1976 4293 2024 4342 1.
2048 4295 2111 4340 10
2157 4289 2369 4342 Advenis
2406 4289 2588 4341 modo?
