3192 4975
544 440 778 509 clxxiv
1035 424 1040 435 ’
1513 455 1590 503 m
1606 455 1757 505 unx

543 604 636 655 Eu.
657 620 705 661 v,
726 606 778 653 9.
799 608 864 653 59
911 602 1095 657 Potius,
1117 617 1258 666 quam
1292 602 1483 651 istorum
1515 604 1603 651 ob·

543 684 727 717 scuram
749 667 1038 731 diligentiam
1077 666 1136 718 A.
1158 666 1284 715 Ptol.
1305 671 1365 717 21
1404 667 1490 715 Pol
1509 684 1601 730 ego

543 734 660 783 istos
681 733 982 781 commovebo
1015 730 1138 780 Hea.
1163 732 1226 788 iv,
1245 736 1293 781 4.
1317 736 1350 781 8
1383 732 1491 781 sive
1514 733 1606 779 ista

545 814 678 854 uxor,
700 797 799 845 sive
833 797 982 845 amica
1015 803 1090 843 est
1142 796 1203 844 A.
1240 796 1274 852 i,
1299 800 1346 844 3.
1371 800 1429 845 11
1482 798 1605 853 Quae

541 862 636 911 ista
654 868 726 909 est
746 861 985 924 pravitas?
1018 860 1142 909 Heu.
1179 877 1226 917 v,
1247 866 1295 910 2.
1318 865 1384 910 20
1426 860 1496 909 Te
1524 862 1607 911 isti

541 924 826 1037 §.Glyceriv
848 927 996 973 virum
1017 926 1083 973 do
1115 924 1178 975 A.
1199 925 1238 982 i,
1259 930 1306 973 5.
1324 929 1389 975 60
1423 925 1607 988 Opinoi·

586 990 788 1038 haidem.
821 989 914 1039 Ch.
934 988 1081 1037 Istam
1095 990 1244 1052 ipsam
1278 988 1370 1039 Eu.
1394 988 1464 1045 iii,
1477 997 1525 1040 5.
1543 994 1606 1040 10

545 1052 794 1119 Virginem
813 1054 972 1116 istum,
990 1054 1178 1115 Thaidi,
1197 1070 1304 1117 quae
1321 1054 1462 1102 hodie
1477 1056 1606 1105 dono

545 1118 660 1167 data
681 1124 772 1179 est,
791 1120 881 1167 scis
903 1134 1006 1167 eam
1029 1119 1138 1165 hinc
1159 1120 1308 1167 civem
1343 1120 1479 1167 esse?
1515 1118 1607 1169 Eu.

544 1199 594 1242 v,
613 1189 664 1233 5.
682 1187 716 1232 9
747 1182 937 1232 Faciam
956 1184 1069 1247 boni
1091 1183 1179 1230 tibi
1197 1183 1378 1245 aliquid
1405 1198 1491 1245 pro
1514 1184 1608 1231 ista

543 1263 596 1297 re
627 1246 752 1295 Heu.
771 1247 839 1305 ir,
863 1254 912 1297 5.
938 1253 998 1297 15
1033 1246 1110 1295 Ne
1132 1248 1270 1295 bonae
1286 1255 1380 1294 tuae
1397 1246 1500 1295 istoe
1520 1264 1607 1296 nos

543 1312 750 1359 rationes
769 1313 1042 1361 subvertant
1079 1311 1178 1361 Ad.
1217 1328 1266 1373 v,
1288 1314 1337 1360 3.
1361 1316 1426 1359 50
1473 1312 1608 1361 Nihil

545 1377 628 1488 pp!
647 1375 750 1440 jam
770 1392 842 1425 res
864 1377 993 1425 istaec
1015 1373 1133 1424 mihi
1165 1375 1420 1438 voluptatis
1454 1377 1610 1427 ferunt

597 1456 642 1491 e.
664 1442 730 1499 iv,
751 1445 800 1491 2.
823 1446 884 1491 17
919 1442 1028 1489 Tibi
1047 1442 1162 1489 istas
1186 1442 1379 1503 posthac
1401 1442 1605 1505 compri-

547 1505 666 1553 mito
689 1520 852 1553 manus
882 1506 1008 1554 Heu.
1043 1506 1113 1563 iii,
1137 1509 1185 1553 3.
1204 1508 1270 1554 28
1325 1504 1452 1552 Mihi
1489 1506 1609 1555 fides

550 1584 579 1617 n
615 1570 681 1617 nd
703 1572 829 1618 hunc
850 1578 938 1627 est,
961 1569 1076 1617 nihil
1107 1586 1182 1617 me
1212 1569 1344 1615 istius
1381 1572 1609 1618 facturum

601 1650 673 1683 ea.
690 1633 760 1692 iii,
777 1640 824 1685 3.
845 1639 906 1685 10
940 1633 1068 1683 Olim
1084 1634 1165 1681 isti
1180 1634 1271 1680 fuit
1283 1632 1440 1697 generi
1457 1650 1609 1698 quon-

549 1698 660 1749 dam
681 1706 887 1762 quaestus
934 1700 1026 1747 Eu.
1063 1699 1116 1758 ii,
1134 1702 1184 1747 2.
1211 1703 1268 1746 15
1317 1698 1454 1761 Syre,
1489 1716 1609 1762 prae·

549 1770 792 1827 ceptorum
816 1762 986 1827 plenus
1004 1764 1198 1813 istorum
1221 1761 1302 1809 ille
1338 1762 1433 1811 Ad.
1473 1764 1544 1825 iii,
1563 1770 1610 1812 3.

549 1831 616 1876 58
664 1826 818 1890 Egon'
839 1826 1090 1891 quicquam
1111 1842 1220 1876 cum
1240 1825 1344 1873 istis
1363 1826 1499 1875 factis
1524 1828 1613 1875 tibi

549 1892 896 2004 regbpondeam?
949 1892 1041 1941 Eu.
1082 1892 1121 1949 i,
1155 1896 1204 1941 2.
1240 1896 1303 1941 73
1358 1892 1613 1955 saepissime

551 1970 616 2003 ni
649 1972 670 2003 ι

617 2018 750 2069 Istic.
803 2020 1014 2070 Adverb.
1081 2018 1253 2083 Neque
1291 2016 1415 2076 istic,
1457 2035 1613 2083 neque

550 2082 669 2133 alibi
709 2085 796 2132 tibi
828 2086 920 2134 erit
955 2086 1003 2132 in
1040 2099 1114 2133 me
1169 2098 1298 2130 mora
1346 2082 1408 2134 A.
1441 2084 1492 2141 ii,
1509 2090 1558 2133 5.
1580 2090 1615 2135 9

553 2148 686 2207 Quid
705 2148 815 2198 istic
829 2150 914 2197 tibi
927 2150 1106 2213 negotii
1119 2149 1222 2197 est?
1246 2146 1310 2197 A.
1334 2162 1382 2207 V,
1399 2154 1446 2199 2.
1463 2154 1494 2199 8
1538 2150 1612 2198 Tu

555 2213 661 2261 istic
681 2230 838 2277 mane,
861 2222 916 2261 ut
945 2214 1038 2265 Eu.
1077 2230 1128 2271 v,
1147 2218 1194 2262 2.
1213 2217 1278 2262 70
1319 2210 1470 2267 Quasi
1508 2214 1613 2263 istic

553 2277 708 2325 minor
729 2294 830 2326 mea
849 2294 922 2326 res
943 2285 1123 2341 agatur,
1139 2292 1280 2342 quam
1297 2281 1380 2325 tua
1411 2277 1534 2327 Heu.
1557 2278 1613 2335 ii,

553 2345 604 2389 3.
628 2345 722 2391 113
755 2342 864 2389 Tibi
882 2357 994 2391 vero
1015 2343 1130 2405 quid
1151 2342 1257 2391 istic
1279 2346 1352 2386 est
1371 2342 1474 2389 rei?
1512 2340 1611 2391 Ad.

553 2404 621 2461 iv,
639 2410 687 2452 5.
704 2408 768 2455 10
798 2405 1046 2455 Ausculta.
1080 2406 1172 2453 Ph.
1196 2404 1310 2453 Istic
1324 2418 1426 2452 sum
1458 2404 1554 2454 He.
1575 2406 1611 2462 i,

621 2533 758 2596 Istic,
775 2532 923 2590 istac,
943 2531 1064 2581 istoc
1083 2533 1160 2581 vel
1181 2533 1321 2582 istuc.
1387 2533 1518 2590 Quid
1545 2533 1612 2581 is-

556 2597 662 2646 tic?
697 2599 784 2662 Sy.
813 2597 1036 2646 Manebit
1065 2598 1188 2646 Heu.
1225 2599 1276 2656 ii,
1299 2603 1346 2648 3.
1367 2602 1466 2647 139
1514 2597 1615 2654 Qui

555 2661 674 2710 istic.
685 2677 786 2710 mos
807 2663 914 2710 est?
947 2662 1072 2711 Heu.
1101 2663 1174 2724 iii,
1196 2667 1242 2712 3.
1269 2668 1294 2713 1
1348 2662 1478 2719 Quid
1507 2663 1615 2712 istic

557 2727 744 2774 narrat?
794 2726 919 2775 Heu.
963 2727 1034 2784 iii,
1068 2731 1119 2777 3.
1155 2733 1235 2778 18.
1289 2727 1378 2778 Ph.
1424 2743 1468 2782 v,
1497 2733 1545 2776 8.
1583 2732 1617 2777 6

559 2791 752 2848 Quem?
785 2791 876 2840 ch.
910 2790 1074 2840 Istunc
1095 2791 1325 2840 servolum
1358 2791 1468 2840 dico
1498 2793 1619 2840 ado-

559 2853 782 2904 lescentis
825 2855 950 2904 Heu.
986 2855 1055 2914 iii,
1075 2861 1124 2906 2.
1148 2861 1212 2909 19
1265 2855 1513 2905 Conservis
1554 2856 1617 2904 ad

558 2921 762 2969 eundem
784 2919 938 2969 istunc
959 2920 1182 2984 praecipio
1201 2922 1394 2970 modum
1429 2919 1529 2970 Ad.
1548 2920 1619 2983 iii,

558 2989 608 3034 3.
630 2989 697 3034 70
745 2985 876 3034 Cave
908 3001 1146 3049 quoquam
1177 3002 1238 3034 ex
1267 2986 1386 3034 istoc
1417 2985 1621 3033 excessis

562 3048 668 3097 loco
703 3047 765 3098 A.
801 3049 870 3110 iv,
889 3054 938 3099 4.
959 3054 1020 3098 21
1073 3049 1226 3106 Quem
1249 3065 1356 3100 curn
1375 3051 1500 3101 istoc
1522 3066 1618 3098 ser-

567 3129 756 3162 monem
788 3113 1020 3169 habueris,
1053 3115 1218 3176 accepi
1260 3115 1354 3163 He.
1397 3116 1462 3171 iv,
1498 3119 1546 3164 3.
1587 3119 1613 3164 1

563 3177 702 3226 [staec
723 3177 916 3242 quidem
945 3178 1230 3230 contumelia
1263 3186 1339 3228 est
1384 3179 1508 3226 Hea.
1546 3179 1619 3236 iii,

563 3246 613 3290 3.
634 3249 663 3292 5
699 3241 838 3288 Istaec
857 3249 1016 3289 rescat
1046 3240 1144 3288 Ad.
1165 3243 1234 3299 iii,
1251 3247 1303 3294 3.
1319 3248 1386 3294 64
1419 3243 1619 3299 Omitte,

565 3305 767 3366 Demea,
787 3313 912 3352 tuam
933 3305 1086 3354 istanc
1107 3307 1394 3356 iracundiam
1427 3308 1522 3356 Ad.
1550 3307 1621 3364 iv,

561 3374 615 3418 7.
639 3374 702 3419 37
735 3369 874 3418 Nihil
895 3370 1010 3418 istac
1029 3385 1147 3433 opus
1161 3380 1234 3420 est
1251 3379 1348 3422 arte
1379 3371 1442 3420 A.
1465 3373 1500 3429 i,
1520 3376 1566 3421 1.
1587 3377 1618 3420 5

563 3433 774 3482 Adortus
788 3432 948 3497 jurgio
969 3435 1172 3492 fratrem,
1207 3437 1270 3484 de
1292 3436 1490 3484 Psaltrin
1503 3436 1622 3484 istac

562 3496 662 3545 Ad.
701 3498 774 3562 iii,
795 3502 844 3547 3.
864 3503 926 3548 51
962 3498 1092 3550 Istuc
1111 3501 1280 3562 ipsum.
1324 3500 1422 3550 Da.
1459 3500 1623 3564 Atque

563 3561 685 3611 istuc
708 3563 862 3626 ipsum
881 3563 998 3612 nihil
1019 3564 1181 3626 pericli
1203 3573 1276 3614 est
1307 3565 1370 3617 A.
1408 3566 1462 3623 ii,
1482 3570 1534 3616 2.
1562 3571 1634 3614 13-

565 3626 700 3684 Quid
721 3627 876 3676 istuc?
911 3626 977 3679 A.
1001 3629 1069 3692 iii,
1087 3633 1138 3678 3.
1156 3634 1238 3679 40.
1281 3630 1374 3678 Ειι.
1410 3631 1464 3686 ii.
1487 3635 1536 3680 3.
1558 3634 1626 3680 96

564 3691 700 3748 Quid
719 3692 858 3750 istuc,
879 3691 1088 3756 inquam,
1111 3695 1262 3742 ornati
1300 3695 1406 3744 est?
1442 3693 1533 3742 Eu.
1570 3695 1627 3748 ii,

567 3761 618 3806 2.
638 3762 673 3806 6
721 3754 807 3804 Est
838 3756 960 3806 istuc
987 3759 1150 3805 datum
1183 3760 1412 3822 profecto,
1436 3767 1488 3806 ut
1535 3758 1627 3806 Eu.

566 3819 638 3878 iii,
659 3826 754 3873 1..5
789 3820 896 3886 Ego
913 3822 1034 3872 istuc
1051 3824 1222 3886 aetatis,
1233 3839 1331 3871 non
1353 3822 1496 3870 amori
1513 3838 1628 3885 ope-

567 3900 665 3934 ram
703 3887 874 3936 dabam
922 3887 1045 3936 Heu.
1081 3888 1116 3949 i,
1152 3892 1200 3938 1.
1223 3893 1288 3937 58
1341 3887 1470 3934 [dem
1509 3886 1631 3934 istuc

569 3950 688 3999 mihi
728 3951 862 4000 venit
903 3951 954 3998 in
990 3959 1192 4000 mentem
1246 3950 1371 4000 Heu.
1409 3967 1456 4008 v,
1491 3955 1535 4000 1.
1568 3955 1629 4000 15

575 4014 706 4072 Quid
729 4016 870 4078 istuc,
889 4016 1084 4071 Sannio,
1107 4022 1195 4073 est,
1225 4017 1353 4078 quod
1387 4022 1434 4063 te
1469 4015 1632 4071 audio,

574 4080 735 4153 nescio
758 4080 875 4144 quid
897 4088 1190 4155 concertasse
1223 4096 1330 4128 cum
1353 4080 1500 4128 hero?
1536 4078 1633 4126 Ad.

574 4147 707 4264 '1¹:34
721 4143 1636 4276 {.32¹ss.‡:“132??53¹3.'2‘³2¹5.35{3322

575 4269 761 4318 consilii
797 4274 905 4320 est?
937 4273 1030 4320 He.
1069 4275 1132 4328 iv.
1155 4279 1205 4324 2.
1237 4277 1298 4322 12
1347 4273 1479 4330 Quid
1513 4273 1637 4320 istuc

581 4333 694 4384 mali
713 4336 822 4386 eet?
857 4337 946 4386 Ph.
975 4337 1008 4393 i,
1032 4342 1080 4388 4.
1100 4343 1132 4387 7
1183 4338 1312 4394 Quid
1349 4339 1469 4386 istuc
1509 4336 1637 4386 verbi

1680 605 1788 653 eat?
1822 602 1914 653 Ph.
1952 602 2008 661 ii,
2030 608 2079 653 2.
2102 606 2167 653 20
2215 602 2375 666 Ipsum
2407 603 2529 651 istuc
2553 602 2661 651 milui
2684 604 2732 652 in

1680 670 1769 716 hoc
1792 676 1866 715 eat
1898 667 1989 717 Ph.
2028 668 2099 724 iii,
2116 672 2165 717 2.
2187 672 2249 716 23
2283 667 2417 724 Quid
2434 668 2555 716 istuc
2576 670 2737 733 negoti

1680 733 1789 781 est?
1824 732 1913 780 Ph.
1939 749 1985 789 v,
2005 737 2055 780 3.
2079 736 2142 781 33
2178 731 2306 788 Quid
2329 732 2451 780 istuc
2470 734 2615 779 turbae
2632 734 2737 780 est?

1680 796 1771 845 Ph.
1811 814 1861 852 v,
1882 802 1929 846 8.
1954 801 1979 846 1
2016 794 2231 845 Haecine
2254 796 2370 860 agis,
2388 812 2447 844 nn
2470 812 2565 843 non
2585 799 2602 844 ?
2638 797 2733 847 De.

1682 862 1786 923 Ego
1808 878 1918 909 vero
1938 861 2062 909 istuc
2094 860 2155 908 A.
2192 860 2229 918 i,
2250 866 2298 909 2.
2323 866 2383 909 15
2434 861 2561 908 Istuc
2584 863 2666 910 abs
2688 868 2737 909 te

1680 926 1857 975 factum
1878 926 2014 973 nihili
2038 926 2287 987 penderem
2322 924 2411 973 Eu.
2434 926 2468 981 i,
2488 930 2535 974 2.
2558 931 2620 976 14
2665 925 2738 973 Is—

1682 990 1871 1039 tuccine
1904 991 2201 1039 interminata
2235 1006 2336 1037 sum
2389 990 2482 1040 Eu.
2518 1006 2565 1045 v.
2590 994 2635 1037 1.
2672 994 2739 1037 14

1682 1055 1817 1105 Cedo
1837 1056 1957 1103 istuc
1980 1063 2109 1102 tuum
2129 1055 2375 1101 consilium
2396 1070 2407 1101 ε
2432 1054 2545 1117 quid
2564 1054 2613 1101 id
2630 1055 2737 1101 est?

1683 1120 1806 1169 Hea-
1830 1119 1879 1175 ii,
1904 1124 1951 1169 3.
1976 1125 2038 1169 91
2074 1119 2240 1177 Quid?
2277 1119 2399 1167 istuc
2428 1119 2581 1176 times,
2609 1119 2737 1182 quod

1683 1184 1982 1246 ille opernm
2007 1184 2159 1231 amico
2180 1185 2265 1230 dat
2284 1183 2405 1231 suo?
2450 1183 2575 1231 Hen.
2610 1200 2657 1239 v,
2688 1187 2737 1232 1.

1683 1252 1747 1298 37
1796 1248 2025 1305 Obsecro,
2048 1249 2111 1295 mi
2134 1256 2293 1311 gnate,
2313 1263 2375 1296 ne
2396 1249 2519 1295 istuc
2554 1247 2605 1294 in
2642 1247 2741 1294 ani·

1684 1329 1808 1360 mum
1852 1312 2049 1361 inducas
2087 1319 2220 1359 tuum
2266 1311 2389 1359 Hea.
2429 1329 2476 1369 v,
2497 1316 2547 1361 4.
2570 1317 2600 1361 5
2651 1312 2737 1357 ΡοΙ

1684 1378 1807 1425 haud
1829 1384 2071 1439 paternum
2095 1376 2214 1423 istuc
2238 1375 2410 1423 dedisti
2463 1375 2560 1422 Ad.
2598 1375 2668 1431 iii.
2687 1380 2738 1424 4.

1683 1446 1715 1490 4
1750 1441 1875 1496 Quid
1900 1442 1967 1489 ita
1987 1442 2107 1489 istuc
2130 1440 2233 1487 via?
2266 1439 2363 1487 He.
2386 1440 2451 1498 iv,
2468 1444 2517 1487 3.
2538 1444 2571 1487 7
2604 1438 2741 1487 Idem

1684 1522 1773 1568 ego
1804 1507 1927 1554 istuc
1962 1507 2117 1553 facere
2154 1520 2340 1567 possum
2386 1503 2477 1550 Ph.
2514 1503 2577 1558 iv,
2601 1509 2649 1551 5.
2678 1508 2743 1553 14

1685 1570 1755 1618 Ut
1776 1578 1823 1617 te
1844 1570 1947 1626 Dii,
1969 1570 2179 1632 Deaeque
2199 1584 2307 1616 cum
2330 1576 2413 1615 tuo
2434 1568 2553 1615 istoc
2570 1566 2737 1615 inven-

1685 1644 1735 1681 to
1758 1635 2006 1697 perduint!
2043 1633 2166 1682 Hea.
2201 1633 2267 1687 iv,
2290 1638 2340 1683 6.
2366 1637 2397 1681 7
2442 1630 2486 1680 Ο
2521 1631 2741 1695 Jupiter!

1683 1699 1909 1747 istoccine
1944 1706 2083 1761 pacto
2116 1697 2335 1761 oportet?
2386 1695 2483 1745 Ad.
2520 1697 2586 1756 iv,
2607 1700 2657 1745 7.
2680 1700 2743 1745 14

1687 1763 1882 1811 Reddet
1904 1764 1988 1810 tibi
2012 1764 2125 1811 cito.
2176 1761 2269 1809 Mi.
2309 1761 2437 1808 Istoc
2474 1760 2615 1809 vuius
2647 1760 2741 1808 Ad.

1688 1844 1733 1883 v,
1756 1833 1806 1877 9.
1830 1832 1894 1877 24
1929 1827 2068 1875 Istinc
2089 1842 2195 1875 cum
2217 1827 2288 1874 itn
2308 1826 2404 1873 sint
2436 1825 2526 1876 Pb.
2546 1826 2581 1881 i,
2604 1829 2654 1873 4.
2676 1828 2738 1875 25

1686 1892 1845 1939 Verba
1883 1891 2015 1939 istaec
2058 1898 2170 1939 sunt
2223 1890 2313 1937 Ph.
2357 1889 2427 1946 iii,
2456 1896 2503 1939 2.
2526 1894 2589 1939 32
2640 1888 2741 1936 Vos

1686 1956 1817 2004 istaec
1836 1956 1959 2003 intro
1980 1955 2159 2003 auferte
2189 1954 2254 2001 A.
2272 1954 2311 2015 i,
2331 1958 2376 2002 1.
2392 1959 2419 2003 1
2457 1954 2533 2001 Ita
2544 1961 2594 2000 tu
2612 1953 2741 2001 istaec

1688 2029 1769 2067 tua
1792 2020 1983 2069 misceto
2002 2038 2017 2080 ;
2035 2036 2096 2067 ne
2130 2020 2253 2067 Hea.
2276 2019 2341 2075 iv,
2358 2025 2406 2067 5.
2424 2024 2485 2067 35
2512 2017 2575 2065 Di
2592 2018 2741 2067 istaec.

1689 2086 1781 2135 ch.
1815 2085 1949 2132 Deos
1982 2085 2145 2133 nescio
2191 2082 2313 2131 Heu.
2347 2100 2395 2139 v,
2418 2088 2466 2132 4.
2486 2088 2547 2132 15
2603 2082 2743 2131 Istaec

1691 2151 1853 2197 cadem
1876 2156 1979 2197 tute
1999 2148 2129 2196 dicas
2148 2147 2329 2195 muiieri
2361 2149 2459 2197 Ad.
2484 2147 2548 2208 iv,
2569 2152 2617 2196 3.
2636 2152 2667 2197 8

1752 2213 1916 2263 Istinc.
1980 2212 2157 2261 Iterum
2179 2214 2319 2261 istinc
2347 2212 2595 2260 excludere
2644 2210 2739 2259 He.

1690 2279 1738 2327 iii
1780 2283 1827 2327 2.
1847 2282 1880 2326 4

1688 2414 1739 2455 et
1758 2422 1845 2453 nos
1866 2422 1963 2454 non
1984 2420 2105 2469 esse,
2126 2406 2251 2453 haud
2272 2404 2480 2452 mirabile
2500 2411 2572 2452 est
2620 2404 2744 2452 Hea.

1686 2470 1741 2527 ii,
1756 2475 1806 2520 4.
1826 2475 1857 2521 7

1755 2535 1900 2586 Istoc.
1975 2533 2168 2582 Accede
2214 2534 2347 2592 illuc,
2392 2533 2589 2581 nimium
2626 2533 2745 2580 istoc

1690 2599 1831 2648 abisti
1862 2598 1961 2649 Ad.
1981 2599 2036 2663 ii,
2059 2604 2106 2649 1.
2131 2605 2190 2648 15

1756 2664 1997 2712 Istorsum.
2062 2662 2161 2711 Abi
2198 2677 2309 2711 sane
2348 2663 2485 2718 istac,
2514 2663 2744 2718 istomum,

1690 2744 1785 2792 quo
1803 2730 1873 2778 vis
1917 2728 2039 2776 Hea-
2060 2728 2135 2790 iii,
2156 2732 2205 2778 3.
2228 2731 2293 2777 27
2341 2727 2567 2776 Concede
2586 2727 2697 2774 hinc
2718 2741 2746 2772 a

1690 2793 1865 2842 foribus
1886 2793 2129 2857 paululum
2150 2792 2367 2840 istor-sum
2400 2792 2491 2840 Ph.
2512 2807 2558 2848 v,
2581 2791 2613 2840 i.
2636 2795 2723 2839 14,

1755 2857 1903 2906 Istuc.
1965 2855 2174 2906 Adverb.
2239 2855 2467 2905 Concede
2486 2854 2607 2903 istuc
2629 2869 2745 2918 peu-

1692 2921 1839 2970 lulum
1872 2922 1963 2972 Eu.
1990 2922 2121 2985 imi.
2145 2926 2225 2971 39.
2259 2937 2308 2983 v,
2327 2927 2377 2971 9.
2400 2925 2464 2970 38
2500 2921 2615 2968 Post
2625 2920 2747 2967 istuc

1690 2985 1871 3034 veniam
1920 2986 2043 3036 Heu.
2066 2985 2121 3048 ii,
2138 2989 2185 3034 3.
2208 2989 2272 3035 33
2321 2985 2453 3034 Istuc
2475 2985 2598 3033 ibam
2652 2983 2747 3032 Ad.

1689 3068 1735 3109 v,
1759 3056 1807 3100 3.
1830 3056 1891 3100 35

1757 3116 1848 3164 Ita.
1914 3113 2038 3160 Adv.
2062 3112 2338 3162 affirmandi.
2405 3113 2535 3170 Quid
2560 3112 2663 3159 istic
2688 3111 2745 3160 ti-

1692 3181 1739 3227 bi
1762 3179 1920 3242 negoti
1944 3179 2049 3226 est?
2083 3179 2181 3226 Da.
2204 3177 2380 3224 Mihin’
2400 3177 2419 3224 ?
2464 3177 2531 3226 si.
2555 3175 2631 3222 Ita
2688 3174 2748 3222 A.

1691 3261 1737 3302 v,
1760 3249 1809 3292 2.
1834 3249 1867 3292 9
2468 3285 2472 3290 .

1756 3307 1849 3355 Ita.
1912 3306 2069 3355 Itane.
2134 3305 2248 3352 Non
2284 3303 2353 3354 ita
2386 3304 2605 3354 dissimili
2640 3310 2752 3350 nunt

1694 3377 1965 3434 argumento
1996 3370 2059 3418 A.
2081 3369 2207 3418 Prol.
2233 3376 2293 3420 11
2328 3372 2406 3420 lta
2428 3378 2481 3418 ut
2511 3369 2749 3433 ingenium

1693 3445 1766 3484 est
1784 3437 2045 3484 hominum.
2105 3434 2182 3483 Ita
2206 3444 2257 3482 ut
2279 3437 2333 3483 fit
2364 3435 2428 3483 A.
2451 3436 2486 3490 i,
2514 3439 2559 3482 1.
2583 3438 2661 3482 50.
2686 3436 2749 3479 53

1694 3502 1919 3566 Denique
1941 3501 2007 3548 ita
2029 3509 2129 3548 tum
2150 3499 2343 3548 discedo
2364 3500 2424 3547 ab
2452 3499 2554 3554 ilio,
2578 3505 2631 3542 ut
2683 3495 2750 3544 A.

1694 3567 1733 3624 i,
1757 3571 1803 3616 1.
1828 3571 1918 3616 121
1977 3564 2261 3614 ItnDavum
2282 3565 2423 3610 modo
2444 3563 2605 3609 timere
2628 3559 2752 3607 sensi

1697 3631 1763 3680 A.
1786 3632 1823 3688 i,
1843 3635 1893 3680 2.
1916 3635 1949 3679 2
2002 3629 2079 3676 Ita
2112 3629 2244 3674 aiunt
2291 3628 2353 3677 A.
2376 3628 2411 3684 i,
2434 3633 2483 3676 2.
2508 3631 2569 3675 21
2628 3625 2753 3672 Hea.

1698 3696 1765 3758 iv,
1788 3700 1835 3744 8.
1860 3699 1939 3743 13.
1972 3693 2063 3740 He.
2087 3693 2156 3752 iii,
2177 3697 2225 3740 2.
2258 3697 2323 3741 22
2364 3692 2439 3740 Ita
2461 3692 2541 3755 pol
2563 3691 2753 3754 quidem

1700 3776 1772 3807 res
1793 3767 1881 3814 est,
1906 3767 1957 3805 ut
1978 3757 2093 3804 dixti
2140 3755 2203 3804 A.
2223 3756 2300 3817 iii,
2324 3763 2371 3806 1.
2392 3763 2416 3806 1
2477 3757 2555 3804 Ita
2575 3769 2755 3817 magnae

1700 3823 1853 3888 (irae,)
1876 3831 1929 3869 ut
1946 3837 2125 3883 sperem
2164 3837 2301 3884 posse
2334 3821 2475 3870 avelii
2530 3819 2593 3868 A.
2615 3820 2688 3878 iii,
2710 3821 2757 3865 3.

1702 3893 1762 3938 21
1786 3888 1862 3934 Ita
1872 3885 2144 3950 praedicant.
2164 3887 2228 3935 Si.
2245 3886 2321 3933 Ita
2334 3885 2621 3948 praedicnnt?
2636 3884 2701 3930 A.
2713 3898 2760 3936 v,

1705 3958 1753 4002 3.
1776 3956 1822 4000 4.
1842 3957 1871 3999 5
1906 3951 1983 3998 Ita
2006 3966 2079 3998 me
2100 3950 2167 3997 Di
2190 3959 2365 4007 ament,
2386 3952 2527 4000 credo
2560 3951 2621 3996 A.
2640 3964 2691 4008 y,
2712 3951 2757 3994 4.

1704 4021 1769 4066 44
1804 4015 1883 4064 De
1904 4031 2063 4072 uxore,
2084 4015 2151 4062 ita
2174 4024 2228 4062 ut
2251 4017 2456 4079 possedi,
2474 4014 2589 4061 nihil
2612 4017 2762 4057 mutat

1708 4081 1930 4129 Chremes
1982 4079 2045 4127 A.
2068 4095 2115 4134 v,
2136 4084 2187 4128 4.
2206 4085 2271 4128 46
2324 4080 2375 4127 8ἰ
2398 4085 2557 4142 perget
2594 4074 2763 4121 laedere

1708 4146 1791 4200 ita,
1814 4153 1869 4192 ut
1888 4145 2041 4192 facere
2061 4144 2269 4192 instituit
2316 4143 2406 4190 Eu.
2430 4141 2641 4190 Promo
2687 4138 2764 4185 Itn

1708 4218 1808 4257 erat
1828 4225 1899 4257 res
1933 4208 2025 4256 Eu.
2046 4209 2081 4264 i,
2102 4213 2153 4256 2.
2182 4212 2237 4256 17
2280 4208 2435 4269 Coepit
2454 4207 2674 4263 educare,
2696 4203 2766 4249 itn
2791 4211 2797 4219 ’

1710 4275 1779 4320 uti
1796 4275 1836 4323 ni
1856 4281 1979 4320 esset
1999 4273 2099 4319 filia
2132 4272 2221 4319 Eu.
2243 4272 2275 4325 i,
2300 4277 2347 4322 2.
2368 4276 2431 4320 37
2466 4269 2542 4316 Ita
2560 4279 2765 4331 prorsum

1712 4338 1887 4386 obiitus
1910 4353 2010 4384 sum
2033 4337 2123 4384 mei
2159 4337 2248 4384 Eu.
2270 4337 2391 4401 iifl.
2417 4341 2479 4386 14
2522 4334 2623 4407 Ego
2648 4331 2761 4380 iliud
