3192 4975
1197 448 1277 497 m
1326 447 1799 506 TERENTIUM·

407 603 652 664 preterea,
670 613 774 663 quo
794 598 1001 648 secunde
1033 597 1080 646 ei
1115 598 1202 647 (los
1235 606 1350 660 eret,
1375 613 1457 662 pe.-

409 666 490 713 riit
520 665 615 713 Ad.
634 664 702 720 iii,
721 667 772 714 2.
794 668 878 714 42.
896 667 959 712 47
993 663 1162 710 Filium
1181 671 1280 711 'turn
1301 664 1460 727 etiem,

407 727 454 776 ei
487 729 622 784 nolit,
659 742 820 790 coges.
843 735 896 775 ιιι
945 727 1050 775 Ad.¹
1067 742 1115 789 v,
1129 731 1178 777 8.
1201 732 1264 776 66
1321 727 1460 778 Hanc

409 792 694 842 Bacchidem
716 792 920 851 amabat,
941 798 994 838 ut
1008 807 1114 840 cum
1131 793 1346 848 maxime,
1362 799 1461 839 tum

409 855 686 918 Pamphilus
716 855 811 904 He.
832 855 867 912 i,
884 860 932 906 2.
953 859 1018 905 40
1063 855 1182 904 Τιιιιι
1205 863 1380 918 autem,
1399 871 1460 904 ex

407 921 571 968 amicis
593 918 772 968 inimici
794 927 846 967 ut
859 919 954 968 sint
973 919 1108 968 nobis
1129 920 1305 979 affines,
1328 921 1460 969 facis.

408 983 550 1032 Enim
590 983 755 1031 lassam
787 983 966 1047 oppido
999 991 1098 1031 tum
1137 1000 1236 1032 esse
1274 985 1463 1033 aiebant

409 1047 506 1096 He.
529 1047 582 1103 ii,
606 1052 652 1096 1.
675 1051 754 1098 14.
776 1051 839 1097 41
893 1047 1012 1096 Turn
1034 1055 1186 1096 autem
1226 1047 1350 1096 filius
1387 1050 1461 1097 in·

409 1112 540 1159 troiit
560 1111 734 1168 videre,
758 1119 810 1158 ut
830 1112 975 1169 venit,
995 1113 1241 1175 quid'eget
1271 1113 1366 1162 He.
1385 1113 1460 1170 iii,

409 1181 460 1226 2.
483 1181 548 1226 10
592 1174 730 1236 Tum,
750 1179 996 1239 postquam
1018 1177 1077 1224 ud
1099 1183 1148 1224 te
1165 1178 1312 1233 venit,
1329 1192 1460 1226 uren·

405 1240 474 1288 sis
495 1238 647 1302 agitur
663 1239 740 1287 hic
765 1239 866 1303 jem
901 1241 1142 1304 septimus.
1194 1241 1348 1298 Quem
1371 1259 1461 1306 ego

409 1311 514 1350 tum
555 1304 752 1352 consilio
793 1305 980 1355 missum
1023 1304 1134 1360 feci,
1171 1305 1298 1354 idem
1336 1321 1461 1354 nunc

409 1368 522 1416 huic
565 1383 753 1430 operum
792 1369 918 1416 dabo
971 1369 1068 1418 He.
1105 1369 1176 1424 iii,
1214 1373 1264 1419 8.
1297 1374 1377 1419 84.
1395 1375 1464 1420 48

409 1431 532 1480 Τιιιιι
555 1438 606 1479 ιιι
625 1431 767 1494 igitur
783 1433 900 1480 nihil
922 1434 1120 1486 attulisti
1137 1434 1229 1481 huc
1249 1435 1356 1497 plus
1367 1451 1464 1483 una

373 1547 386 1558 ⁴
411 1496 682 1544 sententia?
737 1497 832 1546 He.
851 1497 920 1550 iii.
943 1503 992 1548 6.
1013 1501 1076 1548 12
1127 1497 1242 1545 Non
1285 1497 1466 1561 potitus

409 1575 581 1615 asem,
595 1560 762 1610 fuisset
776 1568 874 1609 tum
891 1561 998 1609 illos
1014 1560 1130 1610 mihi
1146 1577 1268 1624 egre
1283 1563 1464 1626 aliquot

411 1623 531 1672 dies.
585 1624 638 1674 Si
659 1623 748 1673 tibi
767 1640 840 1674 res
856 1625 918 1674 sit
935 1641 1042 1674 cum
1063 1641 1122 1674 eo
1143 1625 1330 1684 lenone,
1363 1634 1464 1676 tum

411 1689 586 1736 centias
619 1689 710 1736 Ph.
722 1689 757 1745 i,
779 1694 830 1739 8.
852 1693 902 1738 7.
924 1694 987 1739 19
1020 1691 1142 1740 Cum
1164 1690 1276 1738 mihi
1297 1706 1464 1755 paveo,

415 1758 514 1800 ιιιιιι
534 1751 750 1816 Antipho
770 1769 846 1802 me
865 1755 1102 1804 excruciet
1120 1754 1264 1802 animi
1315 1756 1406 1804 Ph.
1427 1755 1464 1814 i,

409 1819 464 1865 4.
491 1820 552 1866 10
607 1816 738 1873 Quot
757 1832 835 1866 me
852 1833 1016 1867 censes
1033 1819 1246 1868 homines
1258 1817 1360 1882 jem
1380 1821 1466 1868 de-

414 1881 677 1930 verberasse
717 1897 746 1930 u
807 1898 866 1931 ue
907 1883 972 1930 ed
1017 1898 1201 1946 necem,
1240 1884 1464 1948 hospites,

413 1949 514 1992 tum
535 1945 697 1994 cives?
745 1943 786 1994 P
819 1979 836 1994 .
855 1945 906 2003 ii,
927 1952 976 1997 2.
998 1952 1062 1999 14
1111 1947 1302 2012 Neque,
1323 1948 1468 1997 Anti·

413 2009 514 2070 pho
533 2009 624 2061 ulia
641 2024 752 2058 cum
771 2018 1029 2074 occupatus
1061 2019 1186 2059 esset
1205 2011 1466 2062 solicitudi-

411 2087 497 2133 ne,
517 2080 618 2122 tum
639 2075 729 2122 hoe
747 2089 849 2123 esse
869 2075 982 2123 mihi
1001 2074 1238 2139 objectum
1260 2076 1462 2124 malum!

413 2135 536 2186 Tum
557 2148 780 2214 praeterea
809 2138 1002 2215 horunc'
1038 2155 1240 2189 umorem
1275 2141 1466 2189 distrahi

412 2265 548 2340 25³⁶st
567 2203 787 2317 hic-page?
808 2203 1194 2331 sgkdzuiegqffid
1212 2208 1316 2316 lgm
1330 2205 1472 2318 ξῖξῗιῐ

411 2343 484 2384 ιιι,
507 2333 556 2378 8.
579 2335 610 2380 8
662 2329 782 2378 Tum
805 2331 1017 2392 pluscule
1037 2332 1326 2394 supellectile
1348 2337 1468 2396 opus

413 2399 488 2440 est
517 2393 608 2442 ΡΙι.
630 2395 693 2451 iv,
715 2398 762 2446 3.
786 2399 852 2444 60
883 2395 1028 2452 Olim,
1045 2411 1152 2444 cum
1171 2396 1368 2445 honeste
1447 2425 1468 2435 -

414 2456 524 2518 tuit,
545 2465 646 2507 tum
665 2473 762 2507 non
783 2465 854 2507 est
875 2460 1002 2508 data.
1033 2460 1151 2509 Tum
1171 2467 1348 2522 eutem,
1410 2479 1466 2510 n-

413 2521 658 2584 tiphonem
678 2524 816 2570 video
839 2524 899 2571 ab
920 2538 1020 2572 sese
1040 2525 1248 2571 emittere
1263 2524 1466 2572 invitum

411 2601 520 2633 eum
565 2586 656 2635 Ph.
677 2602 729 2640 v,
747 2590 796 2635 7.
817 2591 897 2636 19.
917 2592 980 2635 26
1029 2587 1127 2643 Qui
1149 2586 1281 2643 mihi,
1302 2588 1386 2633 ubi
1405 2590 1468 2634 nd

413 2664 582 2697 uxores
601 2658 790 2697 ventum
811 2656 900 2705 est,
923 2655 1022 2695 tum
1041 2648 1161 2695 fiunt
1179 2664 1331 2697 senes.
1361 2649 1469 2696 Jam

417 2718 518 2759 tum
539 2719 638 2759 eret
675 2726 834 2767 senex,
856 2720 1070 2759 senectus
1107 2711 1148 2757 si
1183 2712 1471 2760 verecundos

415 2774 532 2823 facit
562 2775 653 2827 Ph.
676 2789 723 2837 v,
744 2779 794 2824 8.
817 2774 900 2825 21.”
918 2778 982 2823 84
1015 2774 1190 2837 passim
1211 2774 1322 2821 alibi

480 2838 773 2887 Tumultuor.
839 2837 1052 2902 Populus
1091 2838 1312 2886 convolat
1332 2855 1347 2889 t
1391 2846 1471 2887 tu-

417 2902 724 2959 multuentur,
759 2902 979 2958 clament,
1021 2909 1236 2965 pugnant
1269 2904 1332 2951 de
1365 2902 1470 2951 loco

418 2966 516 3019 He.
533 2966 634 3016 Alt.
657 2966 784 3015 Prol.
807 2970 872 3017 88
918 2965 1096 3014 Nescio
1131 2965 1248 3029 quid
1280 2966 1470 3029 jamdu-

419 3032 534 3079 dum
564 3031 708 3080 audio
741 3031 820 3080 liic
854 3030 1126 3079 tumultuari
1157 3030 1326 3078 misera
1373 3031 1469 3079 He.

417 3094 496 3149 iii.
515 3100 566 3146 ὀ
591 3100 618 3145 ¹
1233 3138 1240 3143 -

483 3158 747 3209 Tumultus.
765 3158 826 3207 In
837 3158 1018 3207 aedibus
1032 3157 1152 3207 nihil
1169 3157 1336 3214 ornati,
1351 3158 1472 3206 nihil

420 3225 612 3271 tumulti
643 3223 704 3272 A.
727 3224 778 3280 ii,
797 3228 848 3273 2.
867 3227 934 3274 28
981 3221 1112 3280 Quid
1133 3222 1225 3271 fuit
1243 3222 1467 3270 tumulti?

421 3288 503 3337 dic
523 3288 638 3336 mihi
668 3288 764 3338 He.
785 3288 860 3344 iii,
879 3291 928 3337 2.
950 3291 1012 3336 21
1048 3287 1168 3337 Cum
1190 3302 1276 3351 per
1295 3287 1468 3335 tumul-

421 3359 533 3465 ξι
559 3360 720 3402 noster
753 3366 862 3416 grex
909 3358 1064 3399 motus
1100 3352 1206 3400 loeo
1241 3359 1313 3399 est
1375 3352 1467 3400 Ph.

483 3480 636 3529 Tunc.
710 3478 885 3529 Dixere
921 3494 1106 3529 esuum
1143 3485 1275 3535 tune,
1307 3480 1469 3529 nescio

419 3559 564 3609 quam
595 3545 690 3593 He.
709 3545 746 3602 i,
766 3550 815 3595 2.
839 3548 931 3596 111

487 3608 676 3660 Tundo.
741 3609 936 3658 Ceteros
957 3622 1154 3665 ruerem,
1173 3622 1374 3669 egerem,
1397 3623 1468 3655 ra·

424 3686 600 3747 penem,
619 3674 880 3730 tunderem,
915 3679 964 3721 et
989 3679 1318 3734 prosternerem
1371 3671 1468 3720 Ad.

419 3736 498 3793 lii,
513 3740 563 3785 2.
585 3742 646 3787 21
677 3737 960 3795 Tundendo,
975 3745 1118 3799 etque
1133 3735 1244 3784 odio
1264 3735 1470 3800 denique

423 3800 586 3849 effecit
605 3815 745 3851 senex
775 3802 870 3851 He.
891 3800 927 3865 i,
945 3805 995 3850 2.
1019 3803 1084 3849 48

489 3863 660 3915 Turba.
678 3865 922 3929 Opperiar,
940 3872 996 3913 ut
1015 3864 1157 3913 seiam
1173 3879 1317 3921 nunc,
1332 3863 1472 3926 quid-

426 3942 538 3975 nam
557 3929 660 3979 hac
694 3931 826 3977 turbs
860 3928 1058 3977 tristitie
1079 3928 1242 3977 afferat
1286 3928 1349 3976 A.
1368 3929 1404 3988 i,
1423 3931 1472 3977 4.

422 3996 458 4043 8
513 3991 642 4050 Quis
661 4009 766 4041 cum
798 3993 912 4043 inde
943 3994 1079 4047 abeo,
1095 3991 1194 4055 jam
1213 3999 1314 4041 tum
1345 3992 1472 4041 ince-

423 4064 561 4169 Rem
597 4058 732 4107 turbe
767 4058 888 4106 iuter
916 4071 997 4105 eos
1046 4056 1138 4105 Eu.
1159 4055 1223 4113 iv,
1241 4060 1290 4105 4.
1313 4060 1377 4105 60
1424 4056 1470 4104 Ο

427 4118 1472 4252 .“Ριί»“ἕ.ῗ,ξ..“ἒ“ἒῗὲ“ἷὶ.*“ῗὲῖἷξ“ἱί.ῗὲ·.ἶίἕᾰ

427 4252 588 4301 evenit
635 4252 762 4304 Heu.
783 4250 817 4311 i,
839 4254 889 4302 2.
913 4253 977 4301 16
1022 4248 1165 4301 Nunc
1186 4249 1320 4298 turbe
1341 4249 1471 4299 nulla

413 2202 615 2262 poterin'

2384 437 2573 505 ccclv

1535 606 1637 648 est:
1676 601 1843 660 otium,
1876 607 1929 648 et
1956 597 2191 650 silentium
2228 607 2302 650 est
2346 599 2441 651 He.
2469 602 2577 654 Ant.

1533 663 1663 712 Ptol.
1682 669 1747 714 86
1780 663 1854 712 Di
1874 672 2071 713 vostram
2092 665 2262 712 fidem!
2293 665 2409 730 quid
2429 669 2578 716 turbo

1533 735 1610 775 est
1628 729 1756 792 apud
1769 727 1946 776 forum!
1968 727 2030 776 A.
2044 730 2107 789 iv,
2124 732 2175 779 4.
2194 732 2228 777 6
2259 729 2307 778 Si
2328 729 2580 796 quicquam

1533 791 1677 841 hodie
1697 793 1775 841 hic
1796 793 1943 839 turbo
1964 791 2175 856 coeperis,
2196 792 2381 849 fecium,
2402 802 2456 842 ut
2486 793 2582 844 Eu.

1533 855 1600 914 iv,
1623 861 1672 906 7.
1691 861 1755 906 80
1777 855 1846 904 Di
1864 856 1995 916 boni,
2014 857 2129 920 qnid
2151 857 2299 904 turbo
2318 858 2419 906 est!
2454 857 2579 908 Heu·

1533 919 1592 975 ii,
1612 924 1661 969 8.
1684 925 1747 971 18
1801 920 1931 977 Quid
1952 921 2073 970 istuc
2095 921 2241 970 turbas
2262 928 2350 982 est,
2370 921 2581 980 obsecro,

1534 985 1596 1030 mi
1620 983 1725 1032 vir?
1758 985 1849 1035 Ph.
1871 1001 1920 1046 v,
1940 989 1989 1034 8.
2014 989 2041 1033 1
2076 981 2310 1032 Nonnihil
2332 985 2473 1034 timeo
2494 987 2581 1034 mi-

1533 1063 1652 1105 sera,
1686 1065 1749 1096 ne
1768 1063 1907 1112 quam
1928 1048 2010 1097 ille
2030 1049 2171 1096 hodie
2188 1048 2381 1100 insanus
2402 1050 2583 1098 turbam

1532 1113 1693 1172 faciat,
1710 1121 1791 1160 aut
1806 1113 1899 1160 vim
1911 1111 2085 1162 Thaidi
2116 1113 2207 1162 Eu.
2228 1112 2296 1174 iv,
2318 1118 2367 1162 1.
2390 1117 2423 1162 2
2454 1113 2583 1161 Scin'

1535 1184 1586 1223 ιιι
1610 1177 1789 1234 turbem
1810 1179 1933 1226 hanc
1965 1179 2225 1240 propterte
2244 1191 2346 1226 esse
2364 1177 2535 1225 saetam
2560 1179 2579 1226 ?

1535 1240 1629 1295 Eu.
1652 1241 1716 1296 iv,
1737 1246 1785 1291 6.
1806 1247 1839 1291 6
1888 1241 2091 1288 Turbam
2134 1242 2323 1289 domum
2344 1241 2586 1302 adducet3

1533 1311 1737 1353 sumtum
1758 1305 1975 1354 admittet
2017 1305 2113 1354 Ad.
2134 1321 2182 1363 v,
2201 1310 2252 1355 7.
2274 1309 2335 1354 14
2390 1304 2496 1353 Hac
2518 1319 2585 1366 re,

1534 1377 1586 1416 et
1608 1376 1655 1417 te
1674 1370 1805 1418 omni
1826 1370 1959 1418 turba
1993 1371 2198 1425 evolves,
2234 1375 2284 1418 et
2301 1367 2374 1416 illi
2394 1377 2576 1432 gratum

1535 1432 1701 1482 feceris
1750 1433 1845 1482 Eu.
1860 1434 1925 1490 iv,
1945 1437 1997 1483 4.
2021 1437 2088 1483 66
2136 1432 2263 1482 Volo
2295 1448 2385 1496 ego
2420 1434 2587 1482 edesse

1536 1497 1615 1546 hic
1632 1498 1884 1546 advocatos
1898 1498 2033 1546 nobis
2051 1497 2105 1546 in
2126 1497 2260 1546 turb·
2277 1497 2371 1546 hec
2402 1496 2494 1545 Eu.
2516 1497 2585 1555 iv,

1535 1565 1584 1610 6.
1606 1565 1673 1610 26
1722 1562 1862 1611 Vah!
1901 1562 2138 1625 quomodo
2158 1577 2235 1610 me
2256 1576 2313 1608 ex
2328 1562 2418 1609 hec
2438 1577 2581 1626 expe-

1534 1625 1662 1672 diam
1685 1626 1848 1676 turbe?
1880 1624 1979 1672 Ad.
1999 1626 2066 1682 iv,
2085 1629 2136 1678 4.
2156 1631 2185 1674 6
2220 1623 2414 1687 Reges?
2435 1625 2487 1672 in
2508 1625 2584 1688 ip·

1535 1703 1590 1736 se
1608 1689 1760 1746 turbe,
1780 1696 1923 1754 atque
1941 1689 1993 1738 in
2012 1697 2207 1752 ροσαιιο
2222 1689 2439 1745 maximo,
2487 1690 2585 1738 uod

1536 1752 1615 1801 vix
1648 1755 1863 1804 sedatum
1900 1754 2013 1802 satis
2047 1761 2137 1816 est,
2171 1753 2365 1818 pot-su,
2397 1768 2475 1802 sce
2496 1752 2585 1802 usl

1538 1815 1637 1865 Ad.
1655 1834 1704 1875 v,
1726 1823 1775 1868 1.
1800 1823 1859 1868 11
1910 1816 2031 1865 Tum
2060 1817 2159 1866 iun
2190 1817 2337 1866 turbo
2358 1817 2475 1866 fient
2518 1815 2584 1865 A.

1536 1879 1593 1943 ii,
1614 1885 1662 1932 8.
1682 1887 1717 1931 6
1768 1881 1879 1930 Nisi
1911 1881 2025 1930 dum
2064 1882 2139 1929 lue
2175 1881 2397 1932 silescunt
2416 1881 2586 1938 turbo,

1537 1945 1716 1994 interea
1736 1947 1791 1994 in
1826 1945 2049 2008 angulum
2087 1945 2247 2008 aliquo
2267 1945 2431 1994 abeam
2485 1943 2587 1995 Ad.

1537 2026 1587 2069 v,
1604 2013 1651 2058 2.
1674 2014 1737 2059 10
1784 2009 1947 2073 Rogas
1986 2009 2094 2057 rue?
2134 2009 2399 2056 eunuchum
2442 2023 2583 2072 quem

1538 2074 1713 2122 dedisti
1747 2075 1900 2129 nobis,
1936 2088 2053 2136 ques
2090 2073 2247 2120 turbu
2282 2071 2445 2120 dedit!
2494 2070 2591 2119 Eu.

1537 2138 1609 2194 iv,
1645 2141 1695 2187 8.
1734 2143 1795 2190 11
1851 2137 2059 2199 Disperii
2079 2135 2091 2182 l
2126 2136 2349 2184 scelestus
2388 2142 2587 2199 quantas

1541 2201 1699 2248 turbes
1732 2201 1918 2250 concivi
1948 2199 2186 2248 insciens!
2240 2199 2363 2247 Heu.
2384 2215 2433 2254 v,
2453 2203 2503 2248 2.
2527 2202 2589 2248 17

1540 2264 1695 2313 Missa
1728 2267 1831 2314 haec
1862 2265 2002 2324 face,
2035 2264 2371 2328 Hymenaeum,
2412 2263 2589 2317 turbes,

1540 2327 1799 2394 lampadas,
1835 2329 2053 2378 tibicinas
2105 2327 2205 2376 Ad.
2238 2342 2285 2384 v,
2314 2331 2364 2376 7.
2398 2330 2432 2376 9
2484 2325 2589 2388 Ego

1540 2393 1672 2441 nullo
1709 2407 1895 2456 possum
1930 2391 2134 2440 remedio
2173 2406 2248 2440 me
2282 2389 2495 2438 evolvere
2530 2405 2589 2437 ex

1539 2455 1615 2503 his
1634 2457 1795 2513 turbis,
1849 2457 1933 2503 uin
1966 2455 2058 2503 Ph.
2080 2470 2127 2512 v,
2146 2457 2199 2505 4.
2222 2459 2251 2503 6

1604 2520 1779 2568 Turbo.
1899 2535 1975 2567 um
2010 2534 2071 2567 ue
2112 2519 2351 2574 reducem,
2402 2518 2593 2567 turbent

1537 2597 1695 2645 porro,
1715 2596 1857 2645 quam
1876 2581 2024 2628 velint
2043 2580 2221 2639 Heqiv,
2236 2584 2287 2628 4.
2305 2585 2369 2631 12
2389 2580 2590 2639 Nescio,

1539 2645 1658 2707 quid
1693 2645 1907 2707 profecto
1947 2644 2141 2692 absente
2181 2644 2318 2691 nobis
2356 2646 2592 2695 turbatum

1539 2716 1615 2755 est
1633 2708 1765 2755 domi
1794 2706 1887 2755 Eu.
1907 2706 1974 2767 iv,
1992 2711 2044 2755 8·
2062 2711 2093 2757 7
2376 2710 2386 2723 “

1604 2771 1791 2847 Turpis,
1830 2786 1876 2820 e.
1942 2768 2155 2833 Capillus
2197 2784 2379 2833 passus,
2433 2770 2592 2819 nudus

1541 2846 1657 2897 pes,“
1698 2848 1804 2897 ipse
1854 2834 2070 2883 horrida:
2105 2833 2343 2895 lacrumas,
2396 2832 2593 2882 vestitus

1539 2899 1689 2961 turpis
1721 2899 1813 2947 Ph.
1834 2898 1873 2955 i,
1894 2901 1945 2946 2.
1964 2901 2027 2947 67
2066 2897 2225 2959 Turpe
2246 2896 2379 2945 dictu
2421 2896 2517 2944 Ad.
2537 2896 2593 2954 ii,

1539 2968 1590 3012 4.
1617 2968 1676 3014 11
1742 2962 1898 3024 Turpe
1933 2961 2129 3024 inceptu
2149 2968 2222 3009 est
2273 2960 2365 3009 Ph.
2384 2960 2438 3018 ii,
2456 2966 2509 3011 4.
2528 2966 2594 3011 16

1539 3027 1591 3075 N
1594 3042 1687 3075 unc
1707 3027 1895 3074 viduum
1916 3026 2117 3081 extrudi,
2150 3032 2289 3091 turpe
2309 3032 2382 3073 est
2429 3024 2521 3073 Ph.
2543 3041 2593 3081 v,

1541 3096 1590 3141 7.
1611 3096 1677 3141 20
1723 3090 1883 3139 Pudet
1912 3090 2087 3152 dicere,
2113 3089 2202 3137 hec
2220 3090 2469 3151 prasente,
2490 3103 2595 3137 ver-

1540 3155 1653 3203 bum
1688 3162 1824 3218 turpe
1872 3152 1994 3203 Hee.
2031 3170 2079 3211 v,
2111 3157 2163 3203 4.
2201 3157 2265 3203 19
2310 3152 2409 3209 Au,
2445 3160 2503 3199 ut
2530 3167 2593 3201 ne

1540 3219 1657 3282 quid
1674 3228 1808 3283 turpe
1830 3217 1947 3267 civis
1967 3218 2018 3265 in
2036 3216 2393 3266 seedmitteret?
2426 3216 2517 3264 Ph.
2538 3216 2594 3274 ii,

1511 3284 1718 3334 ’8.68·

1602 3345 1838 3411 Turpiter.
1890 3344 2090 3403 Mirum,
2113 3344 2167 3393 ni
2184 3360 2275 3409 ego
2293 3360 2373 3393 me
2392 3342 2590 3406 turpiter

1539 3411 1685 3459 hodie
1705 3411 1782 3459 hic
1802 3410 1927 3457 dabo
1950 3426 2057 3459 eum
2094 3424 2199 3458 meo
2238 3408 2479 3472 decrepito
2500 3408 2595 3456 hoc

1541 3476 1775 3525 Eunucho
1830 3473 1923 3521 Eu.
1943 3474 1998 3530 ii,
2020 3477 2069 3522 1.
2090 3478 2155 3523 24
2217 3472 2391 3522 Hercle
2424 3473 2509 3521 abs
2544 3478 2595 3519 te

1539 3539 1715 3589 factum
1739 3546 1813 3588 est
1832 3538 2029 3601 turpiter
2059 3536 2155 3587 He·
2174 3537 2241 3597 ἰν,
2260 3541 2310 3586 4.
2333 3541 2366 3586 2

1604 3604 1783 3653 Tussis.
1847 3601 2081 3660 Gemitus,
2114 3607 2337 3657 screatus,
2358 3598 2515 3663 tussis,
2532 3597 2595 3645 ri-

1541 3683 1637 3725 sus,
1658 3667 1837 3716 abstine
1869 3664 1993 3715 Hea.
2013 3665 2069 3724 ii,
2086 3669 2137 3715 8.
2160 3667 2256 3714 182

1604 3731 1791 3781 Tutela.
1857 3729 2007 3778 Sinite
2044 3730 2293 3793 impetrare
2313 3740 2407 3783 me,
2438 3724 2597 3790 quiin

1543 3797 1739 3845 tutelam
1771 3808 1923 3843 meam
1960 3792 2167 3843 studium
2206 3807 2361 3847 suum,
2402 3796 2453 3839 et
2474 3790 2597 3839 sein

1541 3870 1743 3909 vostram
1775 3856 2007 3907 commisit
2033 3856 2175 3905 fidem
2226 3855 2321 3905 He.
2345 3852 2445 3904 Ait.
2466 3854 2596 3905 Ptol.

1607 3989 1751 4043 Tuto.
1794 3984 2105 4035 Commendet
2120 3982 2363 4046 virginem.
2395 3981 2491 4033 An.
2510 3982 2595 4033 Se-

1544 4054 1608 4101 tis
1629 4058 1910 4107 tutosnmen
1940 4048 2031 4098 Eu.
2047 4048 2116 4105 iii,
2132 4053 2181 4099 6.
2203 4052 2269 4097 29
2300 4046 2445 4104 Here,
2464 4047 2598 4097 licet-

1545 4119 1642 4167 ne?
1678 4114 1769 4167 Ch.
1791 4115 2021 4178 Loquere.
2073 4112 2159 4177 Sy.
2193 4111 2267 4159 At
2285 4110 2425 4159 tuto?
2474 4111 2597 4161 Hea-

1544 4198 1575 4229 ν
1612 4186 1663 4231 2.
1680 4186 1745 4230 20

1576 4217 1592 4242 '
1608 4246 1755 4294 Tutor
1823 4241 2019 4309 (verb).
2098 4239 2259 4291 Mores
2297 4238 2435 4293 facil·
2474 4246 2599 4289 tutor
