3192 4975
1119 426 1196 473 IN
1249 424 1727 478 TERENTIUM.

495 576 669 628 Locus.
736 574 856 633 Quis
867 573 1012 639 igitur
1025 574 1215 633 relictus
1233 582 1305 624 est
1319 576 1480 639 objur-

427 642 574 706 gandi
613 642 776 689 locus?
828 639 891 688 A.
914 640 952 701 i,
975 644 1020 688 1.
1045 644 1140 689 127
1195 642 1336 697 Quae,
1357 656 1484 691 nune

428 712 610 753 nonest
625 705 839 753 narrandi
858 705 988 751 locus
1009 702 1074 753 A.
1087 705 1142 760 ii,
1162 710 1212 755 2.
1233 710 1291 755 17
1314 706 1486 767 Locus,

339 814 346 819 .
429 778 614 832 ternpus
633 768 940 818 constitutum
961 775 1033 815 est
1063 768 1153 816 Eu.
1174 769 1248 826 iii,
1269 774 1318 818 4.
1337 774 1366 819 3
1403 769 1484 817 Ιη-

425 842 592 881 vocato
603 842 655 880 ut
667 833 726 881 sit
739 833 870 881 locus
882 847 1066 896 semper
1080 832 1176 882 Eu.
1194 850 1241 894 v,
1255 839 1304 883 9.
1317 838 1382 883 29
1403 833 1430 880 Ι
1431 848 1484 897 g-

426 898 653 946 noscendi
675 896 861 944 dabitur
883 897 1068 960 peccati
1105 896 1234 946 locus
1289 898 1414 947 Hea-
1434 898 1488 961 ii,

429 967 475 1011 1.
495 966 555 1010 61
591 962 766 1022 Locus,
785 962 990 1019 occasio,
1011 968 1140 1019 aetas,
1163 970 1310 1011 mater
1357 961 1484 1011 Hea.

420 1020 472 1081 ii,
495 1030 542 1073 2.
563 1031 595 1076 4
653 1025 794 1074 Vah!
841 1026 976 1088 qussi
1014 1026 1136 1073 desit
1172 1028 1303 1075 loeus
1357 1026 1482 1074 Heu.

421 1089 575 1201 {30⁹1}
597 1088 1058 1217 33122223‘323233
1072 1090 1240 1201 5²³3?
1255 1098 1309 1201 {3}
1329 1090 1485 1205 ”2⁰⁰3

415 1212 540 1265 ‘Non
571 1218 682 1265 satis
727 1225 855 1265 tutus
887 1226 961 1267 est
995 1220 1056 1265 nd
1092 1220 1370 1267 narrandum
1407 1218 1486 1270 hic

422 1276 558 1330 locus
607 1282 696 1329 Ph.
715 1299 762 1337 v,
785 1286 834 1331 3.
857 1286 917 1331 35
967 1281 1100 1329 Nihil
1120 1282 1215 1331 loci
1236 1290 1308 1331 est
1327 1282 1484 1347 segni·

422 1345 521 1404 tiae,
539 1361 695 1408 neque
716 1346 940 1393 socordiae
972 1346 1037 1394 A.
1059 1346 1096 1409 i,
1118 1351 1167 1395 3.
1192 1352 1215 1395 1
1255 1347 1393 1396 Nihil
1413 1358 1486 1395 est

420 1410 549 1473 preci
571 1410 664 1469 loci
687 1408 898 1457 relictum
952 1409 1015 1459 A.
1041 1410 1110 1471 iii,
1132 1415 1180 1461 4.
1204 1417 1270 1461 22
1321 1411 1391 1459 Te
1411 1411 1486 1459 in-

423 1481 550 1522 terea
573 1470 666 1521 loci
687 1473 890 1537 cognovi
921 1472 1013 1522 Eu.
1036 1475 1070 1531 i,
1092 1480 1140 1525 2.
1161 1480 1228 1527 46
1271 1475 1485 1527 Conveni

421 1538 566 1586 hodie
587 1538 844 1588 adveniens
865 1539 1104 1601 quendam
1125 1540 1220 1587 mei
1241 1539 1334 1588 loci
1353 1540 1484 1595 hinc.

421 1610 563 1666 etque
585 1603 766 1651 ordinis
820 1602 914 1651 Eu.
936 1602 988 1659 ii,
1011 1608 1061 1653 2.
1084 1608 1114 1653 3
1168 1604 1352 1653 Interea
1390 1604 1485 1655 loci

421 1666 485 1713 ed
509 1666 754 1715 macellum
793 1666 877 1714 ubi
913 1668 1190 1715 advenimus
1240 1666 1334 1721 Eu.
1354 1668 1414 1729 ii,
1435 1674 1484 1719 2.

422 1732 486 1779 24
539 1728 746 1791 Faciam,
767 1738 823 1778 ut
843 1730 986 1793 hujus
1004 1732 1116 1789 loci,
1138 1732 1345 1796 dieique,
1371 1732 1485 1781 mei-

422 1809 723 1907 {223¹}ssssss
737 1795 1222 1923 3532‘3125'33&
1236 1796 1487 1924 {hihi}

419 1920 544 1973 Hea-
563 1924 621 1985 ii,
643 1928 694 1973 3.
721 1929 782 1972 16
835 1924 893 1971 In
918 1924 966 1971 id
992 1926 1208 1976 redactus
1229 1941 1332 1975 snm
1369 1926 1484 1982 loci,

422 1994 477 2033 ut
511 1987 598 2035 Ph.
621 2004 668 2043 v,
689 1992 738 2037 7.
756 1992 821 2035 86
855 1988 1174 2035 Exadvorsum
1191 1990 1237 2037 ei
1255 1990 1359 2039 loeo
1377 1997 1485 2038 ton-

421 2049 568 2097 strina
589 2058 689 2098 erat
736 2052 825 2101 Ph.
849 2051 884 2113 i,
905 2056 954 2100 2.
974 2056 1040 2101 ⁸8
1089 2052 1176 2114 Di,
1197 2054 1328 2107 date.
1351 2054 1486 2103 obse·

421 2129 518 2167 cro,
541 2113 609 2161 illi
635 2114 685 2161 in
706 2115 812 2161 aliis
833 2116 1067 2176 peccandi
1086 2116 1244 2165 locum
1296 2116 1361 2168 A.
1384 2118 1419 2173 i,
1437 2121 1487 2166 4.

421 2182 456 2227 6
490 2177 660 2241 Neque
683 2179 764 2241 pol
788 2180 974 2227 consilii
995 2181 1150 2230 locum
1173 2182 1324 2232 habeo
1357 2180 1420 2228 A.
1435 2182 1488 2240 ii,

423 2246 471 2293 1.
491 2246 558 2291 20
591 2242 669 2290 lbi
689 2245 896 2290 ascendo
919 2244 968 2291 in
991 2246 1230 2307 quendam
1252 2246 1486 2296 excelsum

420 2306 578 2357 locum
630 2305 694 2353 A.
717 2306 771 2364 ii,
795 2311 843 2355 2.
871 2312 934 2355 19
988 2308 1226 2365 Restitue.
1259 2310 1309 2357 in
1347 2325 1488 2373 quem

421 2386 496 2418 me
528 2370 773 2433 accepisti,
811 2371 966 2419 locum
1003 2371 1086 2421 -A.
1111 2374 1178 2431 iv,
1201 2379 1246 2422 1.
1267 2379 1332 2422 57
1395 2373 1489 2421 Ubi

421 2434 566 2481 satias
587 2451 658 2483 coe
695 2434 732 2481 it
762 2436 882 2492 fieri,
903 2445 1142 2485 commuto
1182 2439 1340 2488 locum
1394 2436 1488 2485 Eu.

421 2515 470 2556 v,
491 2505 542 2550 6.
565 2505 597 2550 3
735 2515 844 2548 eum
860 2501 963 2564 jam
987 2515 1056 2548 res
1078 2503 1218 2552 rediit
1238 2504 1411 2559 locum,
1435 2509 1490 2549 ut

421 2559 546 2612 Hea.
569 2564 620 2619 ii,
643 2569 694 2612 3.
713 2569 811 2614 118
854 2565 934 2614 Da
954 2565 1047 2614 illis
1069 2566 1224 2614 locum
1274 2567 1397 2616 Hea.
1418 2567 1488 2620 iii,

422 2631 474 2678 3.
495 2633 558 2678 25
615 2627 740 2675 Eum
756 2629 955 2676 Plautus
981 2628 1134 2678 locum
1157 2629 1346 2692 reliquit
1367 2631 1490 2676 inte-

419 2707 554 2802 {rum
581 2709 594 2738 ε
642 2707 750 2748 entn
789 2691 866 2740 hic
905 2691 1060 2740 locum
1103 2694 1269 2742 sumsit
1309 2693 1396 2742 sibi
1431 2693 1483 2742 in

468 2755 683 2818 delphos.
736 2756 1031 2812 Pernoscite,
1052 2757 1288 2805 furtumne
1309 2759 1484 2805 factum

421 2819 731 2876 existumetis,
753 2835 814 2866 an
833 2819 988 2868 locum
1007 2823 1337 2883 reprehensum
1386 2820 1486 2870 Ad.

422 2883 552 2933 Ptol.
575 2887 628 2932 9.
651 2889 732 2932 10.
757 2889 819 2932 13
873 2882 982 2932 Hoc
1002 2884 1120 2931 mihi
1161 2885 1308 2941 dolet,
1349 2899 1488 2946 paene

423 2947 474 2994 in
511 2963 621 2995 eum
656 2947 814 2995 locum
852 2948 1043 3002 redisse,
1083 2955 1137 2994 ut
1187 2947 1284 2996 Ad.
1309 2948 1362 3005 ii,
1385 2953 1433 2997 4.
1455 2952 1488 2996 8

423 3009 517 3058 Sed
543 3011 698 3059 locum
719 3012 852 3073 novi,
873 3012 957 3058 ubi
981 3011 1060 3060 sit.
1118 3011 1215 3063 De.
1240 3011 1335 3060 Dic
1376 3028 1488 3076 ergo

422 3075 580 3126 locum
614 3075 712 3124 Ad.
735 3076 798 3138 iv,
819 3081 869 3124 2.
888 3081 954 3126 33
1011 3075 1213 3125 Paetum
1233 3077 1420 3124 restitui
1437 3077 1490 3123 in

423 3137 596 3198 locutu,
641 3156 790 3204 prope
826 3140 928 3203 jam
971 3149 1200 3188 remotum
1255 3141 1350 3190 He.
1385 3140 1491 3196 Alt.

422 3204 552 3254 Ptol.
576 3209 634 3255 18
685 3205 872 3253 Interea
895 3221 1048 3252 meum
1072 3219 1168 3253 non
1193 3207 1330 3270 potui
1352 3205 1492 3254 tutari

423 3261 580 3316 locum
628 3267 723 3316 He.
746 3269 848 3317 Alt.
870 3269 1002 3316 Prol.
1023 3273 1089 3318 34
1141 3271 1297 3326 Quem
1321 3270 1490 3321 actoris

422 3332 567 3380 virtus
587 3333 724 3380 nobis
747 3333 951 3381 restituit
973 3332 1128 3382 locum
1162 3336 1254 3382 Ph.
1278 3334 1406 3386 Ptol.
1425 3339 1490 3387 ³4

422 3395 528 3460 Ego
547 3397 602 3444 in
623 3412 731 3458 euin
754 3397 900 3447 incidi
923 3396 1088 3445 infelix
1110 3399 1290 3456 locum,
1311 3406 1367 3446 ut
1397 3399 1491 3447 Ph.

421 3461 462 3522 i,
484 3465 534 3511 3.
558 3465 622 3517 23
678 3461 760 3509 Da
781 3463 936 3512 locum
972 3462 1243 3510 melioribus
1300 3463 1392 3518 Ph.
1417 3462 1492 3519 iii.

423 3531 474 3576 2.
497 3530 559 3576 37
616 3526 754 3574 Illam
791 3527 842 3574 in
882 3527 1096 3590 ignotum
1137 3527 1248 3584 hinc
1285 3527 1493 3577 abducet

425 3588 614 3637 locum?
670 3591 758 3638 Ph.
777 3591 852 3648 iii,
875 3596 924 3642 3.
964 3597 1026 3641 15
1081 3590 1152 3640 Te
1191 3591 1246 3638 in
1285 3591 1493 3653 germani

426 3652 581 3703 fratris
601 3653 748 3703 dilexi
769 3655 874 3704 loco
906 3655 970 3703 A.
991 3656 1026 3713 i,
1050 3661 1098 3706 δ.
1121 3660 1185 3704 57
1221 3655 1373 3704 Venit
1394 3672 1491 3705 me-

423 3717 604 3764 ditatus
624 3717 846 3768 alicunde
865 3736 921 3768 ex
943 3721 1046 3768 solo
1069 3721 1175 3772 loco
1224 3720 1290 3769 A.
1313 3719 1366 3782 ii,
1385 3724 1438 3770 4.
1459 3725 1490 3770 3

425 3781 596 3830 Virum
618 3782 666 3828 in
690 3783 856 3845 quovis
878 3785 984 3832 loco
1006 3794 1218 3848 paratum
1265 3784 1333 3834 A.
1356 3785 1418 3842 iv,
1441 3789 1494 3834 3.

377 3895 383 3900 ,
423 3850 456 3898 3
512 3846 644 3906 Cave
666 3861 903 3910 quoquam
926 3863 983 3896 ex
1003 3850 1127 3898 istoc
1147 3849 1347 3900 excessis
1384 3850 1490 3901 loco

426 3909 490 3958 A.
515 3911 586 3972 iv,
606 3914 657 3959 4.
679 3915 740 3960 21
779 3911 956 3959 Viden'
977 3928 1052 3960 me
1074 3930 1132 3965 ex
1155 3917 1322 3963 eodem
1338 3922 1491 3967 ortum

426 3975 567 4024 loeo?
600 3975 694 4026 Eu.
717 3974 772 4031 ii,
796 3980 846 4024 2.
867 3979 931 4023 10
975 3976 1086 4033 Quo
1111 3978 1158 4025 in
1184 3979 1288 4027 loco
1311 3977 1492 4032 dictum

425 4047 516 4098 est,
529 4041 680 4104 parati
699 4039 818 4088 nihil
835 4046 910 4088 est
940 4038 1032 4089 Eu.
1047 4042 1118 4097 iii,
1129 4046 1178 4092 4.
1201 4047 1232 4092 4
1267 4042 1338 4090 Ut
1351 4044 1492 4090 hosce

429 4103 662 4162 instruxit,
685 4105 819 4170 ipsus
843 4104 930 4152 sibi
951 4106 1078 4153 cavit
1099 4106 1205 4156 loco
1239 4107 1331 4156 Eu.
1355 4107 1420 4162 iv,
1444 4112 1493 4157 7.

431 4172 494 4218 12
545 4169 760 4218 Amicum
782 4177 837 4218 ut
857 4170 1031 4218 habens
1053 4185 1200 4234 prope
1213 4170 1318 4235 jam
1333 4171 1387 4220 in
1409 4186 1492 4218 ux-

431 4231 524 4294 oris
554 4235 693 4282 loco?
750 4233 873 4284 Heu.
893 4235 931 4291 i.
957 4239 1002 4284 1.
1043 4240 1108 4292 52
1161 4235 1222 4283 In
1259 4237 1365 4292 loco
1403 4244 1500 4298 ego

431 4311 540 4344 vero
563 4298 704 4347 laudo
736 4300 858 4350 Heu‘.
880 4300 953 4358 iii,
975 4305 1022 4353 2.
1045 4305 1110 4351 26
1156 4300 1492 4354 obsecundato

2328 408 2623 477 clxxxiii

1559 574 1610 621 in
1632 574 1739 623 loeo
1772 572 1895 623 Heu.
1918 571 1983 628 ir,
2003 576 2053 623 6.
2074 576 2139 621 22
2172 572 2427 623 Pecuniam
2446 575 2501 623 iu
2515 574 2622 625 loeo

1556 639 1797 702 negligere
1850 636 1951 687 Ad.
1973 637 2029 693 ii.
2050 642 2098 687 2.
2125 641 2156 685 8
2209 634 2379 701 Pejore
2396 654 2473 687 tes
2513 639 2622 689 loco

1557 718 1657 818 332
1678 708 1975 830 ¹:333:ssss
1996 717 2139 814 ‘3323‘
2156 701 2521 814 vssssifi'ihffi.
2535 704 2627 819 ‘2³‘

1864 798 1877 823 t
2442 800 2456 814 ⁸
2524 803 2539 825 ο
2608 804 2623 819 ο

1562 835 1625 881 41
1682 830 2016 879 obsecundare
2044 830 2095 878 in
2132 830 2240 878 loco
2293 829 2395 879 Ad.
2419 848 2469 892 v,
2489 836 2538 881 9.
2558 838 2625 883 37

1559 896 1786 959 Pugnant
1806 896 1866 943 de
1888 894 1996 942 loco
2028 894 2123 943 He’.
2144 893 2245 943 Alt.
2260 894 2387 943 Prol.
2404 900 2467 944 33
2502 896 2625 953 Quoe

1559 974 1803 1023 nunquam
1820 960 1875 1008 in
1898 960 1997 1007 ullo
2021 959 2250 1023 patefecit
2270 959 2377 1008 loco
2432 960 2531 1008 He.
2554 962 2624 1017 iii,

1559 1028 1611 1074 1.
1634 1029 1697 1075 23
1754 1023 1877 1074 Cum
1900 1028 2057 1072 noster
2077 1039 2187 1087 grex
2224 1030 2377 1072 motus
2413 1024 2519 1073 loco
2556 1034 2631 1073 est

1557 1089 1652 1145 Ph.
1672 1088 1801 1136 Prol.
1822 1093 1885 1137 88
1943 1088 2154 1145 Videtis,
2179 1102 2279 1149 quo
2316 1087 2369 1135 in
2410 1089 2517 1137 loco
2558 1104 2629 1138 res

1560 1154 1665 1201 haec
1686 1153 1777 1201 siet
1828 1150 1923 1203 Ph.
1946 1152 1999 1209 ii,
2019 1157 2070 1202 4.
2094 1158 2128 1201 6
2185 1152 2406 1209 Quonam
2428 1154 2480 1201 in
2520 1152 2630 1202 loeo

1559 1224 1673 1267 sunt
1692 1232 1765 1265 res
1785 1225 1836 1265 et
1854 1217 2054 1265 fortunae
2078 1232 2193 1265 meze
2214 1217 2231 1265 ?
2266 1216 2359 1266 Ph.
2382 1218 2453 1273 iii,
2479 1222 2523 1266 1.
2545 1222 2579 1267 9

1627 1281 1767 1345 Logi.
1835 1280 2131 1331 Foeneratum
2171 1280 2295 1329 istuc
2348 1281 2629 1329 beneficium

1560 1346 1858 1459 tibssulchre
1871 1347 2039 1459 ⁶5⁶⁵&
2050 1345 2147 1395 Do.
2162 1345 2308 1409 Logi!
2334 1344 2426 1456 izi).
2445 1342 2512 1457 ἓί,
2530 1350 2579 1395 2.
2596 1351 2631 1397 8

1560 1426 1867 1537 quamnlgoenge
1888 1425 2377 1538 qffiegusEffissn-{u
2400 1424 2466 1523 ⁴³⁸
2522 1426 2629 1524 ff}

1561 1538 1701 1587 Sunii
1722 1539 1907 1602 ecquod
1930 1539 2164 1595 haberem,
2187 1546 2239 1587 et
2260 1554 2401 1611 quum
2424 1538 2565 1601 longe
2602 1555 2632 1588 a

1559 1604 1678 1651 muri
1710 1602 1807 1651 Eu.
1828 1602 1901 1659 iii,
1922 1607 1973 1652 8.
2000 1607 2059 1653 13
2095 1602 2165 1651 Lo
2276 1618 2377 1665 Jum
2400 1604 2629 1661 abieram,

1560 1682 1670 1715 cum
1694 1667 1816 1715 sensi
1849 1666 1941 1717 Eu.
1960 1667 2030 1728 iv,
2050 1671 2103 1716 2.
2129 1674 2159 1716 5
2240 1674 2331 1714 ιτιιῐ
2348 1666 2507 1731 longe,
2524 1684 2630 1715 mea

1559 1732 1755 1795 quidem
1778 1731 2030 1789 sententia,
2053 1731 2148 1795 qui·
2173 1732 2271 1779 Ad.
2291 1730 2331 1792 i,
2356 1736 2403 1779 1.
2423 1736 2488 1781 40
2527 1732 2631 1781 Ne·

1559 1812 1686 1860 queo
1708 1795 1861 1843 mirari
1882 1796 2011 1852 sati«,
2034 1812 2129 1860 quo
2149 1796 2233 1843 ille
2269 1795 2397 1843 ubire
2436 1796 2631 1859 ignavut

1561 1862 1711 1924 possit
1732 1860 1917 1923 longius
1950 1860 2044 1907 Eu.
2067 1861 2130 1916 iv,
2152 1865 2202 1909 3.
2225 1864 2290 1909 20
2323 1858 2453 1908 Vide
2473 1861 2555 1921 sis,
2572 1876 2634 1907 ne

1561 1940 1659 1987 quo
1703 1924 1811 1973 hinc
1857 1925 1998 1971 abeas
2044 1924 2229 1988 longius
2286 1923 2410 1972 Heu.
2433 1923 2470 1981 i,
2492 1930 2543 1973 2.
2566 1928 2633 1972 38

1561 1988 1675 2037 Νοιι
1699 1988 1848 2036 aberit
1868 1987 2055 2051 longius
2087 1988 2209 2037 Heu.
2236 2004 2287 2050 V,
2309 1993 2359 2038 2.
2384 1992 2445 2039 31
2506 1988 2635 2035 Illud

1560 2068 1641 2101 rus
1658 2060 1752 2099 tam
1766 2052 1887 2099 male
1906 2054 2008 2115 odi,
2027 2052 2139 2116 quin
2154 2067 2303 2116 prope
2316 2060 2389 2100 est
2408 2067 2422 2100 ι
2447 2053 2575 2115 quod
2596 2052 2637 2099 si

1563 2117 1753 2165 abesset
1770 2116 1958 2179 longius
1990 2114 2089 2163 Ad.
2109 2118 2181 2172 iv,
2206 2122 2253 2166 1.
2276 2121 2307 2164 8
2361 2115 2524 2179 Rogat
2543 2116 2633 2163 fra·

1565 2188 1653 2235 ter,
1678 2193 1739 2227 ne
1760 2180 1903 2227 abeas
1926 2180 2113 2243 longius
2145 2181 2245 2228 Ad.
2267 2194 2314 2235 v,
2338 2186 2387 2229 5.
2415 2185 2442 2229 1
2524 2198 2529 2203 ·

1629 2243 1994 2307 Longinquitas.
2060 2242 2181 2293 Haec
2204 2244 2319 2291 mihi
2358 2260 2485 2293 nunc
2526 2260 2637 2293 cura

1565 2317 1639 2357 est
1660 2322 1897 2367 maxume,
1922 2315 1976 2354 ut
1996 2323 2057 2355 ne
2080 2310 2157 2356 c'ui
2182 2324 2297 2355 meae
2314 2308 2635 2374 longinquitas

1566 2373 1721 2421 aetatis
1746 2373 1901 2421 obstet
1932 2371 2027 2421 He.
2041 2371 2109 2429 iv,
2130 2377 2179 2421 2.
2200 2377 2267 2421 20

1632 2437 1925 2500 Longitudo.
1992 2436 2253 2486 consulere
2287 2438 2341 2485 in
2376 2436 2637 2502 longitudi-

1566 2517 1680 2550 nem
1715 2501 1837 2550 Hea.
1858 2517 1907 2559 v,
1930 2505 1978 2550 2.
2004 2505 2066 2550 10

1631 2566 1867 2628 Longane.
1934 2564 2048 2614 Non
2070 2565 2251 2628 cogitas
2291 2566 2402 2616 hine
2442 2566 2633 2630 longule

1567 2645 1671 2678 esse
1691 2630 1708 2675 ?
1744 2629 1867 2676 Hea.
1891 2628 1945 2686 ii,
1968 2633 2015 2678 2.
2042 2633 2103 2679 10

1630 2693 1841 2756 Longus,
1856 2707 1904 2752 a,
1920 2709 2019 2740 nm.
2073 2693 2290 2756 Longum
2310 2701 2381 2740 est
2396 2709 2485 2741 nos
2502 2693 2635 2741 illum

1562 2765 1830 2818 expectare,
1840 2757 1953 2806 dum
1972 2764 2108 2804 exeat
2119 2756 2184 2804 A.
2200 2772 2251 2814 v,
2267 2763 2315 2807 6.
2340 2762 2400 2807 13
2418 2759 2636 2820 Longum

1563 2828 1653 2876 est,
1680 2821 1911 2882 Clitipho,
1932 2820 1975 2866 si
2004 2821 2091 2868 tibi
2130 2836 2311 2869 narrem
2364 2821 2487 2869 Hea.
2508 2823 2566 2882 ii,
2588 2824 2634 2871 3.

1563 2887 1627 2933 94
1663 2884 1908 2947 Experire,
1930 2899 2026 2932 non
2050 2893 2123 2932 est
2144 2885 2333 2948 longum
2382 2885 2475 2933 Ph.
2492 2886 2563 2946 iii,
2588 2891 2637 2936 2.

1566 2951 1630 2996 10
1663 2948 1809 2996 Haud
1832 2948 2024 3011 longum
2046 2955 2118 2996 est
2138 2949 2205 3003 id,
2229 2949 2359 3014 quod
2396 2953 2497 2998 orat
2544 2950 2636 2998 Ph.

1565 3011 1637 3068 iii,
1660 3017 1711 3062 2.
1738 3016 1803 3062 30
1836 3013 1995 3068 Quam
2014 3013 2207 3074 longum
2224 3014 2429 3076 spatium
2445 3015 2637 3063 amandi

1566 3077 1767 3126 amicam
1791 3077 1878 3124 tibi
1902 3078 2052 3124 dedi?
2087 3077 2186 3127 He.
2207 3077 2277 3135 iv,
2294 3083 2351 3136 4.
2368 3083 2433 3128 62

1633 3140 1839 3204 Loquor.
1902 3140 2026 3190 Tute
2048 3142 2281 3204 loqueris:
2304 3159 2380 3191 me
2394 3150 2525 3190 vetas
2542 3141 2637 3192 He.

1563 3203 1635 3261 iii,
1660 3209 1708 3254 1.
1730 3210 1793 3272 37
1866 3206 2126 3265 Carnufex‚
2149 3210 2255 3269 quae
2276 3207 2487 3270 loquitur
2506 3206 2518 3253 ἒ
2571 3205 2635 3255 A.

1566 3269 1601 3324 i,
1626 3273 1674 3319 2.
1697 3273 1761 3320 12
1818 3269 1941 3326 Quis
1963 3270 2043 3318 hic
2066 3271 2306 3334 loquitur?
2356 3271 2419 3322 A.
2439 3272 2473 3326 i,
2498 3277 2546 3320 5.
2571 3271 2636 3320 8¹2

1560 3332 1629 3390 iv,
1650 3337 1701 3386 4.
1718 3337 1801 3384 44.
1834 3335 1929 3383 Eu.
1952 3333 1991 3390 i.
2014 3339 2063 3384 2.
2086 3341 2135 3384 6.
2170 3335 2289 3384 Heu.
2310 3335 2382 3392 iii,
2398 3341 2447 3386 2.
2464 3341 2517 3386 6.
2540 3337 2634 3384 Ph.

1563 3412 1613 3452 v,
1634 3397 1673 3454 i,
1698 3402 1759 3447 12
1813 3397 1992 3449 Nescio
2014 3399 2130 3463 quid
2152 3401 2215 3448 de
2236 3415 2394 3449 amore
2430 3401 2637 3464 loquitur

1557 3461 1661 3510 ¹Eu.
1681 3461 1735 3520 ii,
1754 3467 1802 3510 3.
1818 3469 1851 3518 7
1887 3463 2093 3520 Quicum
2110 3464 2319 3528 loquitur
2333 3465 2487 3514 filius?
2510 3465 2639 3516 Heu.

1565 3526 1601 3584 i,
1622 3530 1673 3576 2.
1696 3532 1729 3578 4
1762 3527 1927 3592 Usque
1946 3528 2001 3576 id
2022 3529 2100 3590 egi
2124 3531 2325 3584 dudum,
2343 3530 2457 3576 dum
2481 3528 2634 3592 loqui-

1567 3597 1645 3640 tur
1676 3598 1809 3654 pater
1861 3593 1986 3642 Heu.
2007 3609 2056 3650 v,
2077 3598 2125 3643 2.
2144 3597 2209 3642 30
2262 3593 2395 3641 Dum
2429 3608 2507 3650 ee,
2527 3609 2635 3657 quae

1567 3653 1796 3719 loquitur,
1830 3657 1981 3720 magis
2018 3672 2254 3720 cognosco
2304 3657 2401 3707 Ph.
2427 3674 2473 3713 v,
2500 3663 2545 3708 1.
2572 3659 2635 3706 10

1563 3718 1699 3770 Dum
1724 3721 1825 3769 hoec
1843 3721 2078 3784 loquimur
2112 3721 2201 3770 Eu.
2220 3721 2274 3778 ii,
2291 3726 2339 3771 2.
2357 3725 2423 3771 24
2454 3720 2636 3785 Aperte

1569 3783 1719 3847 ipsum
1741 3801 1837 3834 rem
1860 3785 2063 3842 locutus,
2084 3786 2205 3832 nihil
2226 3785 2503 3834 circuitione
2524 3801 2638 3833 usus

1568 3865 1621 3896 es
1669 3848 1733 3900 A.
1756 3850 1791 3907 i,
1813 3855 1865 3899 2.
1888 3855 1948 3898 31
2002 3849 2189 3912 Ecquid
2215 3850 2398 3898 locutus
2418 3866 2526 3898 cum
2548 3850 2638 3898 ista

1570 3925 1640 4029 3⁸⁵·
1658 3914 2379 4027 qffifflsssssstgssssfflssx
2394 3915 2636 4034 ἶῖἒὲιῖέὲἰ

1571 4057 1680 4106 qum
1720 4043 1801 4092 hic
1846 4059 2005 4092 sumus
2046 4043 2195 4092 locuti
2248 4043 2370 4092 Hen.
2400 4043 2455 4100 ii,
2483 4049 2537 4093 3.
2568 4047 2633 4092 23

1570 4107 1717 4156 Nunc
1736 4107 1857 4156 mihi
1874 4107 1927 4156 in
1947 4113 2155 4158 mentem
2176 4108 2307 4156 venit
2344 4124 2403 4156 ex
2438 4110 2529 4157 hac
2566 4123 2637 4170 re,

1571 4173 1701 4235 quod
1726 4173 1882 4222 locuta
1904 4187 1955 4221 es
1976 4173 2089 4221 olim
2142 4173 2239 4224 He.
2260 4172 2326 4228 iv,
2352 4177 2398 4228 1,
2416 4175 2481 4222 22
2534 4171 2637 4222 Scis

1572 4237 1691 4300 quid
1712 4236 1909 4300 loquar?
1944 4237 2041 4285 Ad.
2056 4238 2109 4294 ii,
2126 4242 2175 4288 2.
2194 4243 2224 4288 7
2258 4238 2539 4302 Loqunrne?
2562 4239 2632 4285 in-

1571 4303 1791 4363 cendam,
1824 4303 2043 4351 taceam?
2084 4302 2305 4367 instigem
2354 4303 2445 4354 Ph.
2470 4303 2506 4367 i,
2525 4308 2575 4353 4.
2598 4306 2631 4351 9
