3192 4975
572 459 869 528 lxxxviii
939 508 945 514 -

570 629 655 675 74.
674 623 731 672 Is
746 631 833 688 pro
852 637 941 671 sua
961 622 1114 670 amica
1130 620 1292 670 lenoni
1307 620 1443 669 dedit
1462 620 1561 668 Ph.
1584 637 1634 682 v,

574 693 716 738 8.’69
758 687 836 735 Ut
852 687 1008 734 unedo
1042 693 1287 748 argentum
1310 685 1397 732 tibi
1418 685 1637 733 dedimus

578 753 707 816 apud
752 752 905 798 forum
944 751 1051 798 Ph.
1076 767 1121 806 v,
1142 755 1193 798 6.
1222 754 1283 798 19
1331 749 1475 797 Nunc
1520 750 1638 797 mihi

574 818 673 864 hoc
694 815 857 876 negoti
878 814 1021 862 ceteri
1042 814 1236 874 dedere,
1265 821 1319 862 ut
1352 814 1485 861 illum
1507 829 1636 877 quae-

576 895 675 928 ram
707 878 799 926 Eu.
822 879 893 940 iii,
912 883 962 928 4.
976 883 1018 927 »6
1040 877 1184 934 Quot
1220 894 1292 926 res
1325 879 1519 938 dedere,
1552 877 1636 924 ubi

576 959 763 1008 possem
786 943 1139 1004 persentiscere,
1174 942 1267 990 nisi
1300 957 1450 990 essem
1474 939 1595 1004 lapis
1619 942 1636 988 ἓ

576 1009 775 1057 Hea.*v.
801 1011 849 1056 1.
871 1011 937 1056 43
970 1006 1171 1055 Vivitne
1192 1006 1293 1065 illa,
1314 1007 1395 1054 cui
1418 1013 1469 1054 tu
1490 1006 1636 1053 dede·

576 1073 691 1120 ras?
743 1071 868 1120 Hea.
904 1071 972 1124 iv,
997 1075 1043 1119 1.
1067 1075 1130 1121 47
1184 1069 1449 1133 Virginem,
1494 1085 1638 1133 quam

570 1138 705 1184 herae
726 1137 855 1183 dono
888 1135 1085 1181 dederat
1119 1135 1269 1189 miles,
1306 1134 1489 1182 vitiavit
1544 1133 1636 1180 Eu.

573 1201 647 1258 iv,
668 1205 715 1249 3.
740 1205 801 1248 12
836 1198 963 1248 Huic
986 1199 1307 1247 drachmarum
1333 1197 1513 1262 argenti
1534 1198 1636 1246 haec

578 1265 706 1312 mille
750 1263 947 1311 dederat
982 1271 1223 1310 mumum‘
1244 1263 1369 1311 Hea.
1408 1262 1479 1320 iii,
1502 1267 1549 1311 3.
1569 1266 1636 1311 40

576 1328 903 1390 Quemipsus
932 1327 1047 1374 olim
1080 1327 1196 1374 mibi
1241 1328 1435 1375 dederat
1470 1326 1563 1374 He.
1586 1343 1636 1382 v,

580 1397 628 1441 3.
656 1397 719 1442 14
751 1391 894 1439 Dabo
932 1391 1152 1454 equidem
1186 1406 1374 1454 operam
1415 1390 1475 1437 A.
1512 1389 1565 1447 ii,
1591 1396 1638 1440 1.

582 1461 647 1506 27
701 1455 774 1503 At
787 1455 889 1518 jam
909 1456 1001 1504 hoc
1024 1455 1112 1502 tibi
1132 1456 1376 1503 inventum
1398 1455 1523 1502 dabo
1572 1454 1638 1505 A.

582 1521 648 1583 iv,
671 1525 715 1568 1.
738 1524 802 1568 60
837 1519 969 1577 Quin
991 1520 1213 1568 effectum
1236 1521 1359 1567 dabo
1394 1519 1486 1566 Eu.
1508 1519 1565 1575 ii,
1590 1523 1636 1567 1.

574 1590 615 1634 6
668 1584 865 1639 Mirum,
886 1585 935 1631 ni
959 1600 1049 1647 ego
1076 1600 1152 1632 me
1175 1583 1371 1646 turpiter
1394 1583 1535 1631 hodie
1558 1583 1636 1630 hic

580 1649 706 1695 dabo
726 1664 835 1696 cum
858 1665 962 1696 meo
997 1649 1237 1711 decrepito
1275 1649 1367 1695 hoc
1404 1647 1636 1694 Eunucho

582 1711 673 1759 Eu.
698 1712 747 1768 ii,
772 1716 819 1762 1.
841 1717 905 1760 24
960 1711 1147 1761 Faciam
1188 1712 1371 1768 sedulo,
1416 1727 1473 1759 ac
1512 1712 1663 1758 dabo-

579 1791 791 1838 operam,
835 1776 1071 1838 adjuyabo
1120 1776 1211 1824 Eu.
1249 1777 1303 1833 ii,
1326 1781 1375 1826 3.
1396 1780 1456 1824 71
1514 1775 1638 1832 Quae

573 1840 783 1887 ,liberum
804 1840 921 1887 scire
942 1857 1127 1904 aequum
1163 1849 1235 1887 est
1273 1841 1638 1900 adolescentem,

580 1901 797 1952 solertem
822 1904 947 1950 dabo
974 1905 1071 1951 Eu.
1095 1904 1165 1964 iii,
1186 1909 1235 1953 2.
1252 1908 1325 1952 26
1348 1903 1470 1950 Inde
1486 1903 1639 1950 omni-

581 1969 672 2016 bus
692 1969 875 2032 signum
904 1969 1027 2015 dabo
1084 1968 1177 2016 Eu.
1201 1968 1264 2027 iv,
1286 1972 1335 2016 7.
1357 1972 1417 2016 11
1476 1967 1638 2022 Nunc.

583 2033 885 2094 quamobrem
909 2033 992 2080 has
1016 2040 1169 2095 partes
1191 2031 1455 2088 didicerim,
1474 2031 1640 2094 paucis

580 2097 713 2150 dabo
740 2097 862 2144 Hea.
895 2095 1019 2156 Prol.
1058 2100 1117 2144 10
1150 2096 1357 2152 Interea,
1394 2111 1543 2158 usque
1569 2095 1642 2142 illi

582 2162 645 2208 de
666 2176 741 2208 me
780 2160 1077 2224 supplicium
1104 2161 1229 2210 dabo
1284 2161 1407 2208 Hea.
1451 2161 1484 2215 i,
1508 2165 1554 2208 1.
1576 2163 1642 2208 86

581 2225 793 2288 Operam
816 2226 939 2272 dabo
995 2225 1119 2272 Hea.
1141 2224 1211 2282 iii,
1236 2229 1286 2274 l.
1306 2229 1371 2274 88
1424 2224 1476 2271 Si
1514 2223 1641 2279 vivo,

580 2289 706 2336 adeo
738 2296 1009 2336 exornatum
1044 2289 1186 2343 dabo,
1221 2289 1341 2335 adeo
1386 2288 1640 2351 depexurn,

582 2358 638 2398 ut
670 2351 791 2399 Hea.
814 2369 861 2408 v,
889 2356 933 2400 1.
954 2356 1016 2401 77
1052 2350 1211 2399 Gnate
1235 2353 1323 2414 mi,
1338 2367 1427 2414 ego
1452 2352 1531 2414 pol
1556 2351 1643 2398 tibi

582 2415 709 2461 dabo
734 2415 860 2463 illam
885 2415 1089 2478 lepidam
1128 2415 1253 2462 Hea.
1277 2432 1322 2472 v,
1344 2422 1393 2464 5.
1420 2421 1483 2463 16
1539 2415 1641 2462 He-

577 2477 666 2543 ja!
689 2486 744 2525 ut
762 2479 953 2543 elegans
984 2479 1089 2527 est!
1136 2479 1299 2527 credas
1333 2479 1538 2527 animum
1576 2479 1642 2528 ibi

581 2559 707 2591 esse.
762 2544 844 2593 So.
879 2543 1036 2591 Aliam
1080 2544 1205 2591 dabo
1258 2542 1383 2593 Hea.
1423 2560 1473 2601 v,
1500 2550 1553 2593 6.
1577 2548 1644 2593 19

582 2606 721 2655 Idem
742 2624 869 2656 nunc
891 2608 1001 2656 huic
1020 2622 1209 2670 operam
1228 2609 1351 2655 dabo
1386 2607 1481 2657 He.
1504 2608 1575 2669 iii,
1594 2612 1642 2657 3.

578 2676 649 2721 ,48
698 2670 838 2719 Dabo
855 2671 1209 2735 jusjurandum,
1242 2672 1361 2720 nihil
1386 2688 1487 2720 esse
1520 2671 1643 2719 isto-

580 2751 705 2792 rum,
745 2736 833 2784 tibi
886 2736 984 2786 He.
1005 2736 1073 2794 iv,
1096 2742 1145 2785 4.
1166 2741 1229 2785 76
1284 2736 1437 2783 Immo
1481 2736 1644 2793 etiarn,

582 2801 676 2847 hoc
713 2800 796 2863 qui
833 2800 1057 2848 occultari
1089 2800 1273 2849 facilius
1304 2802 1486 2856 credas,
1518 2800 1645 2847 dabo

585 2864 683 2912 He.
716 2882 763 2921 v,
786 2869 835 2913 4.
857 2870 923 2913 29
976 2863 1105 2927 Age,
1124 2876 1235 2927 *age
1260 2882 1275 2926 3
1312 2864 1433 2927 jam.
1458 2866 1604 2912 ducat
1631 2882 1644 2911 ε

586 2929 713 2976 dabo
746 2928 837 2975 Ph.
858 2928 922 2985 iv,
946 2933 995 2978 3.
1019 2934 1081 2978 67
1134 2928 1328 2985 Quaeso,
1371 2944 1459 2991 ego
1501 2929 1648 2991 dabo,

588 2992 781 3055 quiesce
814 2994 904 3041 Ph.
926 2992 994 3053 iv,
1012 2996 1061 3042 3.
1080 2998 1143 3043 66
1178 2992 1329 3041 Immo
1342 2994 1482 3041 etiam
1501 2993 1644 3050 dabo,

584 3071 684 3119 quo
725 3057 874 3120 magis
908 3058 1069 3105 credas
1112 3058 1215 3107 Ph.
1236 3074 1285 3117 v,
1308 3062 1358 3107 6.
1380 3061 1442 3107 87
1498 3056 1646 3105 Hisce

584 3135 677 3183 ego
696 3120 829 3169 illam
852 3120 991 3169 dictis
1022 3122 1090 3167 ita
1123 3122 1209 3168 tibi
1241 3122 1481 3169 ‚incensam
1519 3123 1645 3169 dabo

582 3184 679 3233 Ph.
717 3201 765 3241 v,
787 3190 835 3233 7.
858 3190 918 3234 81
976 3184 1054 3233 Sic
1087 3186 1213 3233 dabo
1236 3185 1248 3231 !
1307 3186 1398 3233 Ph.
1434 3202 1484 3241 v,
1506 3189 1556 3234 8.
1580 3188 1644 3233 38

584 3247 737 3297 Dabis
756 3247 807 3295 ei
828 3248 948 3294 ultro
971 3247 1259 3309 supplicium
1312 3247 1403 3295 Eu.
1440 3247 1479 3307 i,
1504 3254 1553 3298 1.
1576 3252 1641 3298 24

587 3311 799 3366 cautim,
845 3318 896 3357 et
938 3312 1165 3374 paulatim
1208 3311 1359 3369 dabis,
1405 3311 1447 3359 si
1492 3312 1646 3374 sapies

568 3374 711 3423 *Hea.
736 3374 805 3433 iv,
827 3377 877 3421 8.
898 3378 963 3423 30
995 3375 1293 3438 Praecipitem
1315 3391 1391 3423 me
1411 3377 1463 3423 in
1488 3376 1645 3438 pistri-

587 3453 705 3485 num
726 3437 862 3487 dabit
894 3438 957 3487 A.
978 3439 1014 3495 i,
1037 3444 1085 3489 3.
1107 3444 1139 3488 9
1186 3438 1391 3488 Uxorem
1414 3440 1484 3487 his
1508 3440 1645 3487 mori-

588 3503 679 3551 bus
718 3501 852 3550 dabit
891 3518 1029 3552 nemo
1082 3501 1148 3551 A.
1191 3504 1249 3559 ii,
1294 3508 1345 3553 3.
1382 3508 1446 3555 22
1502 3504 1644 3553 Suam

588 3574 781 3629 gnatam
815 3581 911 3615 non
946 3567 1112 3615 dabit:
1147 3575 1280 3616 tanto
1312 3569 1467 3617 hercle
1498 3568 1648 3631 magis

586 3631 723 3679 dabit
752 3630 819 3679 A.
839 3631 904 3686 iv.
924 3636 977 3681 4.
1000 3637 1063 3682 36
1112 3631 1275 3680 Praeut
1314 3632 1454 3695 hujus
1492 3634 1650 3681 rabies

592 3712 702 3760 quae.
724 3696 859 3743 dabit
890 3696 981 3745 Eu.
1005 3697 1055 3753 ii,
1075 3700 1123 3746 3.
1149 3702 1181 3746 9
1214 3695 1365 3744 Dabit
1382 3699 1485 3745 haec
1500 3697 1646 3746 Thais

588 3760 704 3807 mihi
724 3775 803 3807 ma
834 3776 945 3808 num
968 3762 1142 3809 malum
1184 3761 1277 3809 Eu.
1298 3761 1367 3818 iii,
1389 3764 1437 3809 3.
1458 3765 1491 3810 2
1540 3760 1646 3809 Da-

589 3822 661 3871 bit
682 3824 759 3872 hic
781 3840 807 3871 a
827 3825 984 3887 iquam
999 3841 1206 3889 pugnam
1220 3826 1379 3873 denuo
1414 3824 1506 3875 Eu.
1528 3842 1577 3882 v,
1592 3830 1644 3875 2.

587 3893 655 3937 fio
708 3887 789 3936 De
818 3888 945 3937 illius
968 3890 1175 3953 peccatis
1198 3888 1331 3952 plura
1360 3888 1505 3949 dicet,
1538 3904 1646 3937 cum

584 3952 725 4001 dabit
746 3952 861 4001 alias
880 3969 1026 4001 novas
1063 3954 1185 4001 Hea.
1230 3953 1359 4003 Ptol.
1386 3957 1449 4001 33
1474 3952 1646 4013 Immo,

590 4024 646 4062 ut
669 4023 847 4079 patrem
869 4026 1005 4065 tuum
1028 4018 1121 4065 vidi
1158 4032 1259 4065 esse
1292 4016 1523 4079 habitum,
1560 4018 1645 4065 diu

591 4079 731 4128 etiam
754 4082 892 4129 duras
912 4080 1122 4146 (partes)
1139 4081 1272 4128 dabit
1302 4079 1426 4128 Hea.
1448 4080 1565 4142 ii,4.
1580 4084 1646 4131 22

592 4141 721 4197 Quis
742 4146 972 4193 videbitur
995 4146 1143 4209 magis
1164 4145 1409 4193 verisimile
1445 4145 1495 4191 id
1524 4160 1648 4205 esse,

592 4220 699 4251 cum
721 4207 797 4255 hic
832 4208 901 4255 illi
928 4210 1063 4257 dabit
1114 4209 1237 4257 Hea.
1274 4209 1339 4265 iv,
1360 4214 1408 4257 6.
1427 4214 1493 4259 ,64
1548 4210 1645 4258 Sed

590 4283 733 4315 nemo
754 4271 889 4318 dabit
920 4271 1021 4322 Ad.
1043 4273 1097 4334 ii,
1121 4278 1167 4322 1.
1190 4277 1251 4321 64
1310 4272 1449 4329 Quae.
1473 4272 1513 4321 si
1548 4288 1646 4321 non

588 4338 693 4385 astu
716 4334 1041 4397 providentur,
1062 4353 1157 4401 me,
1180 4338 1441 4401 autberum
1457 4352 1646 4401 pessum

1548 469 1836 523 'lNDEX-
1925 470 1974 490 ²*

1710 621 1894 669 dabunt
1944 617 2140 681 A.'‘i,·3.
2162 617 2338 668 s..1¹11.
2359 619 2396 675 i,
2419 624 2468 669 4.
2483 625 2544 670 76ν
2577 617 2766 670 Interea

1701 685 1868 741 amici,
1891 683 2020 746 quod
2042 683 2244 747 polliciti
2279 692 2404 739 sunt,
2441 685 2627 732 dabunt
2675 686 2764 734 Ph·-

1709 750 1775 810 ἰν,
1795 753 1844 796 4.
1866 753 1930 797 23
1976 746 2220 796 Postremo
2259 747 2310 794 id
2345 748 2461 796 mihi
2502 749 2565 796 da
2603 750 2765 810 negoti

1701 813 1774 861 A.
1797 813 1868 874 iii,
1889 817 2017 862 2.41
2065 808 2280 874 AEqu‘um
2325 812 2547 874 postulat.
2587 815 2648 860 da
2689 829 2766 860 ve·

1709 877 1836 924 niam
1870 875 1937 926 A.
1961 893 2008 932 v,
2031 881 2080 926 3.
2101 881 2165 925 30
2213 876 2334 922 Tum
2355 885 2406 922 tu
2429 874 2574 938 igitur
2596 878 2767 938 paulu-

1699 941 1808 987 .lum
1841 942 1904 988 da
1935 941 2050 988 mihi
2086 955 2242 1001 operae
2295 939 2385 986 Eu.
2422 940 2475 1000 ii,
2495 945 2544 988 2.
2566 945 2630 989 50
2686 941 2768 988 Da

1711 1003 1842 1060 mihi,
1879 1011 2022 1068 atque
2065 1005 2181 1051 affer
2205 1003 2336 1050 -mihi
2390 1003 2512 1052 Hea.
2549 1005 2606 1062 ii,
2628 1009 2674 1053 1.
2703 1004 2758 1054 n

1700 1068 1793 1116 -Da
1816 1067 1907 1116 illis
1941 1069 2096 1116 locum
2153 1068 2276 1116 Hea.
2315 1067 2384 1124 iii,
2407 1072 2456 1116 3.
2479 1072 2541 1116 26
2591 1068 2768 1125 Clinia,

1711 1149 1818 1194 age,
1839 1134 1900 1180 da
1925 1140 1971 1180 te
1997 1133 2110 1180 mihi
2147 1133 2352 1180 vicissim
2400 1131 2523 1180 Hea.
2545 1132 2611 1188 iv,
2633 1137 2680 1181 3.
2705 1139 2767 1182 19

1710 1195 1792 1244 Da
1809 1197 2008 1253 veniam,
2025 1197 2225 1245 Chreme
2243 1197 2370 1244 :sine
2387 1205 2434 1243 te
2443 1212 2628 1244 exorem
2647 1197 2770 1246 Hea.

1710 1279 1760 1322 v,
1783 1267 1831 1310 5.
1848 1269 1876 1310 5
1913 1259 1992 1308 Da
2011 1269 2059 1310 te
2080 1261 2224 1308 hodie
2246 1260 2363 1307 mihi
2383 1278 2394 1307 ε
2419 1275 2623 1322 exporge
2640 1263 2767 1307 fron-

1712 1333 1805 1374 tem
1856 1325 1952 1374 Ad.
1974 1341 2019 1380 v,
2043 1330 2089 1374 3.
2113 1330 2177 1374 62
2229 1323 2352 1387 Age,
2379 1325 2442 1372 da
2465 1326 2648 1372 veniam
2666 1325 2768 1372 filio

1706 1389 1808 1440 Ad.
1839 1407 1887 1446 v,
1913 1395 1960 1438 8.
1987 1393 2050 1438 14
2105 1387 2255 1445 Quasi
2287 1405 2384 1435 non
2417 1391 2506 1436 hoc
2539 1389 2602 1436 sit
2625 1390 2770 1436 maxi-

1712 1469 1856 1504 mum.
1905 1453 2000 1500 De.
2046 1453 2126 1500 Da
2179 1453 2363 1500 veniam
2400 1453 2492 1502 Ad.
2529 1469 2574 1509 v,
2619 1457 2666 1502 8.
2709 1458 2771 1502 19

1703 1516 1929 1566 Reddam
1950 1518 2124 1579 hercle,
2142 1518 2206 1565 da
2227 1518 2368 1564 modo
2423 1516 2518 1564 Ad.
2557 1533 2603 1576 v,
2623 1521 2672 1566 9.
2692 1522 2754 1566 26

1711 1581 1789 1629 Mi
1811 1591 1968 1644 gnate,
1988 1583 2050 1628 da
2069 1583 2253 1628 veniam
2277 1583 2398 1629 hanc
2429 1581 2545 1629 mihi
2589 1581 2682 1628 He.
2703 1582 2772 1637 iv,

1710 1650 1761 1694 2.
1784 1651 1849 1696 29
1905 1647 2055 1708 Cape,
2078 1647 2140 1692 da
2159 1647 2249 1692 hoc
2282 1645 2462 1693 Dorcio
2519 1645 2610 1694 Ph.
2649 1646 2682 1702 i,
2717 1651 2774 1695 2.

1706 1714 1809 1769 ,192
1855 1709 1934 1758 Da
1954 1710 2113 1758 'locum
2133 1709 2400 1758 melioribus
2433 1709 2614 1764 Ph..iii,
2637 1715 2685 1758 2.
2703 1715 2766 1760 37

1712 1773 1800 1834 Di,
1836 1775 1949 1822 date
1983 1775 2272 1834 facultatem,
2311 1775 2524 1830 obsecro,
2558 1774 2768 1838 huicpas-

1711 1838 1866 1885 riundi
1923 1840 1986 1886 A.
2019 1837 2056 1898 i,
2079 1843 2128 1888 4.
2151 1845 2180 1886 5
2241 1839 2486 1894 Quantum
2525 1838 2772 1900 imperavi,

1713 1903 1825 1949 date
1879 1902 1942 1951 A.
1979 1903 2049 1960 iii,
2082 1907 2132 1950 2.
2173 1909 2202 1950 6
2259 1902 2389 1950 Date
2431 1917 2622 1964 operam
2677 1902 2771 1949 Eu.

1715 1966 1842 2014 Prol.
1865 1971 1944 2016 44.
1984 1966 2075 2016 Ph.
2105 1966 2232 2013 Ptol.
2261 1971 2320 2014 31
2361 1964 2488 2014 Date
2531 1967 2776 2014 crescendi

1713 2029 1902 2093 copiam
1959 2031 2082 2078 Hea.
2117 2030 2246 2077 Prol.
2282 2035 2348 2078 28
2398 2029 2526 2080 Date
2562 2039 2770 2092 potesta-

1715 2103 1829 2150 tem,
1855 2094 1967 2141 mihi
1990 2095 2224 2141 statariam
2245 2110 2384 2156 agere
2423 2103 2476 2141 ut
2513 2095 2654 2142 liceat
2689 2107 2773 2156 per

1717 2159 1950 2206 silentium
1981 2159 2104 2206 Hea.
2127 2159 2254 2206 Prol.
2276 2164 2337 2207 36
2372 2158 2498 2205 Date
2535 2159 2772 2206 silentium

1717 2223 1813 2272 He.
1835 2223 1939 2272 Alt.
1979 2224 2104 2271 Prol.
2143 2227 2205 2272 47
2251 2223 2349 2270 Ubi
2383 2222 2542 2278 voltis,
2578 2238 2768 2270 uxorem

1715 2287 1828 2335 date
1877 2287 1968 2335 Ph.
2009 2304 2052 2344 v,
2074 2292 2126 2337 7.
2152 2292 2212 2336 14
2266 2287 2379 2335 Sine
2421 2303 2512 2344 me,
2557 2287 2768 2334 vacivom

1716 2357 1903 2414 tempus
1922 2367 1985 2399 ne
2003 2353 2131 2414 quod
2154 2351 2287 2398 duim
2311 2351 2421 2398 mihi
2444 2351 2611 2398 laboris
2645 2350 2769 2402 Hea.

1715 2415 1751 2469 i,
1777 2418 1823 2462 1.
1845 2419 1910 2464 38
1943 2416 2083 2471 Tum,
2106 2417 2234 2478 quod
2257 2417 2366 2462 dem
2387 2417 2452 2475 ei,
2483 2419 2499 2444 ‘
2517 2414 2684 2464 Recte'
2701 2423 2776 2464 est

1717 2478 1841 2529 Hea.
1879 2479 1931 2535 ii,
1956 2484 2002 2529 1.
2039 2484 2101 2529 16
2155 2479 2414 2545 Argentum
2457 2481 2602 2543 cudo,
2643 2481 2772 2544 quod

1718 2543 1807 2591 tibi
1841 2545 1950 2591 dem
1999 2544 2126 2594 Hea.
2161 2544 2226 2601 iv,
2256 2550 2310 2595 74.
2336 2550 2398 2594 19
2450 2544 2770 2593 Inveniendus

1717 2616 1792 2656 est
1813 2608 2000 2671 aliquis,
2035 2608 2194 2657 labore
2214 2612 2407 2657 inventa
2427 2624 2533 2657 mea
2551 2610 2632 2661 cui
2661 2610 2771 2657 dem

1718 2672 1845 2719 bona
1877 2672 2002 2721 Hea.
2025 2673 2091 2735 iv,
2113 2678 2162 2721 7.
2185 2678 2246 2723 13
2281 2672 2432 2735 Egon'
2453 2689 2560 2721 mea
2581 2674 2706 2725 bona
2721 2681 2774 2721 ut

1719 2737 1827 2783 dem
1849 2736 2080 2785 Bacchidi
2101 2736 2264 2785 dono?
2309 2738 2432 2787 Hea.
2453 2755 2502 2799 v,
2521 2743 2571 2785 6.
2591 2741 2624 2786 6
2679 2738 2773 2786 Cui
2845 2731 2850 2739 ’

1718 2801 1846 2856 dem,
1867 2808 1917 2849 et
1932 2802 2231 2864 quamobrem
2249 2802 2376 2858 dem,
2397 2803 2770 2849 commemorabo

1721 2864 1810 2911 Ph.
1832 2864 1900 2921 iv,
1923 2870 1976 2913 6.
1997 2868 2026 2913 3
2080 2864 2246 2913 Nihilo
2269 2866 2374 2929 plus
2397 2880 2525 2929 agas,
2555 2880 2696 2928 quam
2731 2866 2773 2913 si

1718 2930 1804 2975 des
1825 2943 2034 2991 operam,
2054 2938 2109 2977 ut
2129 2946 2236 2977 cum
2257 2929 2436 2978 ratione
2452 2930 2657 2977 insanias
2677 2930 2772 2978 Eu.

1717 2991 1752 3047 i,
1773 2997 1819 3041 1.
1846 2998 1907 3041 18
1940 2993 2086 3049 Quod
2109 2996 2194 3041 des
2217 2994 2412 3057 paulurn
2431 3002 2506 3041 est
2536 2994 2628 3041 Eu.
2649 3010 2698 3050 v,
2721 3000 2774 3043 9.

1717 3060 1780 3104 46
1818 3056 1926 3113 Vis,
1964 3058 2093 3120 quod
2115 3059 2200 3106 des
2219 3057 2314 3119 illi,
2333 3058 2459 3107 effici
2503 3058 2626 3108 Hea.
2650 3058 2702 3115 ii,
2725 3063 2774 3109 3.

1718 3124 1779 3169 81
1832 3122 1926 3169 Per
1946 3122 2090 3169 alium
2111 3122 2322 3184 quemvis
2341 3131 2398 3169 ut
2419 3122 2504 3168 des
2554 3121 2680 3171 Hea.
2697 3121 2775 3185 iii,

1722 3188 1768 3232 1.
1789 3190 1849 3235 61
1902 3185 2004 3233 Des
2038 3185 2122 3249 qui
2141 3200 2320 3242 aurum,
2341 3200 2398 3233 ac
2422 3192 2596 3232 vestem
2646 3187 2773 3236 Hea.

1717 3248 1782 3304 iv,
1807 3254 1854 3297 8.
1877 3256 1937 3299 16
1970 3250 2123 3298 Tanto
2145 3250 2278 3298 ocius
2299 3257 2346 3297 te
2367 3252 2425 3295 ut‘
2440 3258 2624 3311 poscat,
2645 3256 2696 3299 et
2718 3256 2772 3298 tu

1717 3311 1788 3369 id,
1811 3314 1938 3378 quod
1969 3315 2120 3378 cupis,
2154 3329 2293 3377 quam
2329 3312 2560 3361 ocissume
2595 3321 2652 3361 ut
2686 3315 2774 3363 de's

1719 3376 1843 3425 Hea.
1859 3378 1928 3437 iv,
1947 3383 1996 3429 8.
2019 3384 2084 3429 28
2117 3378 2228 3426 Sine
2250 3378 2408 3425 labore
2421 3379 2544 3426 hanc
2559 3378 2774 3442 gratiam,

1719 3448 1788 3501 te,
1811 3448 1864 3489 ut
1885 3442 1978 3490 sibi
1999 3445 2083 3491 des
2101 3442 2310 3507 pro-illa,
2343 3458 2468 3490 nunc
2499 3450 2635 3505 rogat
2678 3443 2774 3492 He.

1719 3504 1790 3562 iii,
1813 3510 1861 3555 3.
1883 3510 1948 3556 30
1987 3508 2132 3555 Haud
2156 3507 2354 3556 dubium
2377 3514 2465 3563 est,
2487 3506 2603 3569 quid
2627 3506 2777 3555 Chre·

1722 3584 1818 3617 mes
1862 3572 1951 3619 tibi
1985 3587 2083 3620 non
2119 3573 2204 3619 det
2241 3578 2429 3634 gnatam
2475 3570 2542 3617 A.
2559 3569 2618 3631 ii,
2637 3574 2685 3618 3.
2706 3574 2771 3620 18

1721 3632 1928 3682 Gnatam
1950 3643 2006 3683 ut
2025 3637 2109 3685 det
2129 3651 2229 3693 oro,
2251 3636 2423 3699 vixque
2445 3634 2497 3682 id
2519 3650 2661 3681 exoro
2704 3633 2773 3685 A.

1719 3696 1790 3754 iii,
1809 3703 1859 3747 4.
1881 3704 1938 3747 13
1961 3700 2141 3762 fingit
2161 3715 2342 3757 causas,
2377 3715 2439 3746 ne
2461 3699 2772 3756 :det,=sedulo

1719 3760 1812 3809 Eu.
1835 3762 1870 3824 i,
1893 3768 1943 3812 2.
1964 3767 2029 3812 68
2084 3763 2330 3826 Principio
2369 3769 2420 3811 et
2459 3764 2604 3811 habet
2643 3764 2769 3827 quod

1719 3827 1821 3887 det,
1853 3835 1903 3875 et
1936 3828 2020 3875 dat
2053 3838 2197 3875 nemo
2227 3828 2398 3891 largius
2449 3826 2542 3876 Eu.
2565 3845 2614 3881 v,
2635 3830 2682 3876 9.
2705 3829 2770 3875 48

1721 3889 2080 3952 Cliniam-orat3
2101 3892 2194 3939 sibi
2215 3892 2286 3938 uti
2317 3892 2365 3938 id
2388 3906 2516 3939 nunc
2537 3892 2621 3938 det
2650 3890 2771 3937 Hea.

1719 3953 1791 4010 iii,
1814 3958 1953 4005 3.·44
1975 3954 2104 4003 Non
2121 3956 2320 4003 multum
2343 3956 2502 4012 habet,
2515 3954 2652 4017 .quod
2670 3954 2771 4009 det,

1719 4019 1915 4068 fortasse
1946 4020 2038 4068 Pb.
2051 4019 2092 4077 i,
2114 4025 2162 4070 2.
2185 4024 2250 4069 96
2303 4018 2532 4083 Repperi,
2569 4017 2651 4080 qui
2687 4018 2774 4065 det

1720 4083 1810 4130 Ph.
1831 4083 1903 4141 iii,
1923 4089 1973 4134 2.
1995 4088 2058 4133 37
2111 4084 2316 4133 Uxorem
2337 4085 2504 4131 demus
2543 4082 2608 4131 A.
2629 4080 2704 4142 iii,
2720 4084 2773 4131 8.

1721 4152 1784 4196 28
1834 4147 2086 4203 Quomodo
2108 4149 2302 4197 minimo
2325 4148 2501 4211 periclo
2521 4146 2573 4193 id
2607 4146 2772 4193 demus

1720 4212 2072 4265 adolescentulo
2105 4213 2230 4262 Hea.
2253 4212 2326 4274 iii,
2349 4218 2395 4261 1.
2417 4215 2482 4261 68
2517 4209 2650 4258 Huic
2685 4210 2774 4257 de-

1716 4291 1842 4338 mus,
1879 4277 1974 4339 qui·
1995 4278 2173 4326 fruatur
2224 4276 2321 4323 Ad.
2356 4292 2404 4339 v,
2424 4280 2470 4325 8.
2493 4280 2554 4325 27
2609 4272 2775 4330 Nunc,

1719 4355 1858 4403 quam
1879 4356 1974 4389 rem
1999 4341 2111 4389 vitio
2131 4342 2267 4397 dent,
2285 4355 2456 4404 quaiso.
2465 4340 2672 4403 animum
2689 4338 2773 4391 ad-
