3192 4975
616 458 785 520 xxvi

619 634 695 666 me
714 631 869 664 amare
892 623 1138 679 occeperat
1173 613 1262 666 Eu.
1284 617 1318 674 i,
1342 621 1391 666 2.
1414 622 1475 666 45
1523 617 1667 673 Quod

617 695 721 730 eam
742 696 818 728 me
839 696 993 728 amare
1013 680 1249 743 suspicata
1270 682 1375 728 est?
1410 682 1501 728 Eu.
1523 680 1595 734 iii.
1623 686 1668 730 1.

616 751 679 794 45
715 744 845 801 Quid
865 743 1011 790 multa
1031 745 1202 792 verba?
1236 761 1389 793 amare
1409 747 1533 808 coepi
1576 745 1668 795 Eu.

615 809 685 864 iii,
725 815 773 857 5.
811 812 877 858 20
934 808 1150 856 Extrema
1188 809 1313 857 linea
1354 825 1506 858 amare
1543 811 1668 857 haud

616 872 736 918 nihil
758 878 832 919 est
864 869 956 921 Eu.
976 873 1041 928 iv,
1064 878 1113 922 2.
1143 878 1202 922 13
1252 873 1371 936 Ejus
1406 873 1549 923 filiam
1585 875 1669 922 ille

616 951 771 983 amare
790 935 934 998 coepit
974 938 1155 999 perdite
1192 937 1313 985 Hes.
1334 939 1371 994 i,
1396 942 1441 986 1.
1460 943 1523 986 45
1578 938 1669 985 Vis

618 1015 805 1047 amare:
840 1001 907 1047 vis
929 1001 1071 1062 potiri
1110 1000 1231 1050 Hea.
1262 1002 1315 1055 ii,
1334 1006 1384 1050 3.
1410 1006 1471 1050 81
1529 999 1668 1049 Illam

617 1072 664 1111 te
687 1079 857 1120 amare,
877 1071 927 1111 et
948 1065 1067 1112 velle
1088 1081 1276 1113 uxorem
1309 1065 1430 1114 Hea-
1451 1067 1515 1122 iv,
1532 1070 1579 1116 3.
1603 1071 1666 1115 25

615 1127 684 1174 Τε
704 1141 857 1174 amare
877 1143 935 1176 co
968 1128 1055 1176 'tat
1085 1128 1181 1178 Ad.
1202 1129 1241 1188 i,
1270 1135 1311 1179 l.
1331 1135 1360 1179 7
1395 1129 1567 1178 Amare
1588 1145 1669 1178 oc·

616 1190 747 1254 cepit
766 1191 905 1238 aliam
976 1193 1025 1240 d.
1044 1193 1119 1250 iii,
1140 1198 1187 1242 2.
1211 1198 1277 1242 29
1327 1194 1485 1241 Video
1506 1195 1669 1251 vereri,

617 1256 737 1303 inter
759 1271 809 1303 se
830 1271 983 1304 amare
1016 1258 1112 1305 Ad.
1135 1274 1183 1313 v,
1204 1262 1251 1306 3.
1274 1263 1337 1308 42
1378 1257 1505 1306 Ante
1526 1273 1668 1320 quam

616 1333 691 1366 me
736 1335 889 1368 amare
928 1321 1061 1368 rebar
1102 1321 1195 1368 He.
1236 1322 1304 1378 iv,
1336 1327 1391 1372 2.
1433 1328 1463 1370 5
1529 1322 1670 1370 Hanc

618 1398 771 1431 amare
793 1385 941 1446 coepit
960 1385 1143 1448 perdite
1177 1386 1267 1435 Ph.
1301 1386 1335 1441 i,
1366 1390 1417 1436 2.
1448 1390 1513 1434 32
1560 1387 1669 1434 Jam

618 1447 744 1494 scio:
770 1461 923 1496 amare
934 1448 1081 1512 coepit
1102 1449 1190 1497 Ph.
1212 1450 1245 1506 i,
1262 1455 1310 1500 2.
1326 1455 1389 1498 61
1424 1448 1668 1508 Retinere,

617 1526 788 1567 arnare,
809 1512 1018 1562 amittere
1053 1513 1143 1561 Ph.
1180 1515 1213 1569 i,
1253 1518 1301 1564 3.
1340 1518 1403 1562 23
1459 1513 1636 1563 Nescio
1654 1534 1670 1576 3

617 1575 705 1622 nisi
728 1591 905 1623 amasse
926 1577 1066 1624 credo
1090 1578 1387 1640 Pamphilam
1419 1577 1508 1625 Eu.
1545 1598 1592 1635 v,
1623 1584 1668 1630 l.

616 1642 676 1686 11
730 1639 947 1700 Spatium
966 1642 1155 1688 amandi
1176 1640 1372 1690 amicam
1396 1643 1483 1689 tibi
1517 1643 1668 1691 dedi?

617 1700 715 1752 He.
738 1703 873 1759 ἰν,’4.
894 1710 959 1754 62
1014 1705 1270 1769 Postquam
1292 1721 1451 1753 amans
1472 1710 1672 1756 accessit

617 1764 681 1812 A..
703 1766 751 1822 i,·
762 1771 809 1816 1.
828 1771 893 1816 49
915 1768 1167 1824 Quomodo
1184 1772 1305 1818 hanc
1322 1785 1484 1817 amans
1500 1773 1670 1818 habere

616 1838 775 1892 posset
808 1830 897 1879 Ph.
921 1848 967 1888 v,
991 1838 1037 1882 1.
1076 1837 1141 1882 29
1195 1833 1302 1882 Nisi
1340 1849 1413 1881 me
1450 1835 1669 1883 lactasses

616 1902 847 1942 amantem
882 1894 945 1945 A.
967 1895 1031 1952 iv,
1055 1901 1100 1945 1.
1120 1902 1185 1947 24
1231 1897 1305 1944 Eo
1337 1906 1571 1946 amantem
1592 1899 1669 1946 in-

615 1957 763 2004 vitum
785 1960 1083 2022 Pamphilum
1114 1963 1321 2008 extrudit
1342 1970 1475 2024 pater
1518 1963 1612 2010 He.
1634 1965 1669 2020 i,

616 2026 664 2070 2.
707 2026 771 2070 98
842 2023 1075 2087 Incoeptio
1111 2031 1185 2072 est
1224 2028 1495 2082 amentium,
1541 2029 1666 2075 haud

617 2087 873 2132 amantium
903 2086 969 2134 A.
1007 2087 1042 2142 i,
1066 2093 1114 2137 3.
1138 2093 1199 2138 13
1256 2089 1526 2137 Amantium
1569 2092 1667 2149 irae,

617 2151 789 2198 amoris
807 2151 1058 2214 integratio
1079 2161 1152 2199 est
1188 2150 1253 2202 A.
1273 2153 1346 2209 iii,
1370 2158 1420 2203 3.
1440 2158 1505 2202 23
1542 2155 1668 2203 Νυνὶ

616 2228 706 2276 ego
741 2216 995 2262 amantium
1030 2217 1233 2263 animum
1267 2217 1389 2266 Hea.
1434 2219 1505 2274 iii,
1541 2223 1589 2268 3.
1635 2224 1668 2268 9

617 2277 786 2340 Itaque
804 2295 914 2340 ergo
934 2287 1147 2326 amantur
1180 2280 1270 2327 Eu.
1290 2281 1345 2336 ii.
1370 2286 1419 2330 3.
1434 2287 1495 2330 25
1530 2283 1666 2330 Nihil

617 2347 691 2386 est
707 2341 889 2388 Thaide
910 2343 999 2390 hac
1022 2351 1119 2399 tua,
1136 2343 1323 2406 dignius
1338 2347 1467 2406 quod
1488 2355 1670 2395 ametur

617 2403 710 2450 Eu.
729 2420 776 2461 v,
800 2409 847 2453 9.
870 2411 934 2455 22
981 2405 1029 2453 Α
1050 2407 1165 2454 meis
1187 2423 1262 2455 me
1284 2410 1444 2465 amari,
1467 2418 1515 2457 et
1536 2425 1667 2474 mag-

616 2467 667 2514 ni
686 2469 830 2531 pendi
851 2469 1041 2534 postulo
1079 2469 1175 2521 Ad.
1199 2488 1246 2529 v,
1267 2475 1315 2522 4.
1338 2477 1399 2521 25
1456 2473 1549 2523 Hic
1569 2492 1667 2523 non

614 2534 871 2581 arnaudus?
894 2534 1079 2583 hiccine
1101 2550 1197 2583 non
1218 2538 1471 2599 gestandus
1489 2539 1537 2586 in
1558 2540 1665 2588 sinu

614 2596 723 2644 est?
758 2596 856 2644 Ad.
878 2598 941 2656 iv,
962 2605 1011 2649 5.
1034 2605 1097 2649 75

613 2722 657 2771 A
680 2659 909 2711 Amolior.
952 2662 1157 2713 Proinde
1171 2664 1282 2713 hinc
1304 2680 1387 2712 vos
1404 2666 1664 2715 amolimini

660 2760 675 2773 .
695 2724 761 2781 iv,
780 2730 831 2775 2.
850 2730 915 2777 24

678 2787 844 2839 Amor.
924 2790 1017 2838 Tot
1070 2806 1147 2839 me
1200 2792 1465 2855 impediunt
1504 2811 1626 2842 curae
1651 2804 1663 2843 ὲ

614 2868 758 2911 amor,
780 2854 1095 2903 misericordia
1115 2855 1253 2919 hujus
1290 2854 1351 2904 A.
1375 2858 1407 2913 i,
1428 2864 1477 2908 5.
1500 2863 1565 2907 20
1599 2859 1666 2907 Ut

613 2931 768 2979 neque
788 2934 863 2965 me
884 2921 1195 2975 consuetudo,
1218 2936 1371 2983 neque
1387 2938 1514 2969 annor
1534 2938 1664 2970 com—

616 2988 799 3027 moveat
828 2980 891 3029 A.
929 2982 967 3038 i,
1001 2990 1048 3032 5.
1076 2986 1141 3033 44
1193 2985 1507 3048 Praeterquam
1548 3004 1664 3050 quas

610 3041 716 3104 ipse
738 3059 869 3093 amor
888 3046 1128 3095 molestias
1163 3049 1304 3095 habet
1336 3049 1425 3097 Eu.
1456 3051 1492 3105 i.
1530 3054 1577 3100 1.
1599 3056 1664 3101 32

612 3106 698 3165 Ut,
731 3109 845 3173 quid
886 3126 1013 3158 amor
1050 3112 1222 3169 valeat,
1262 3114 1467 3161 nesciam
1500 3115 1591 3164 Eu.
1618 3133 1663 3172 v,

609 3176 659 3220 2.
682 3178 747 3222 42
801 3172 1039 3221 Persuasit
1058 3191 1167 3232 nox,
1204 3192 1347 3230 amor.
1370 3178 1529 3224 vinum
1566 3181 1663 3230 Ad.

610 3235 680 3291 iii,
702 3240 750 3286 4.
768 3240 833 3284 24
866 3237 971 3283 Etsi
990 3252 1119 3284 amor
1136 3254 1211 3285 me
1227 3240 1443 3300 graviter,
1464 3256 1661 3289 consue-

612 3300 821 3360 tudoque
842 3299 946 3360 ejus
968 3308 1099 3347 tenet
1129 3301 1223 3351 He.
1256 3302 1324 3358 iii.
1348 3309 1395 3353 3.
1418 3309 1481 3353 44
1529 3307 1666 3353 Prior

610 3376 740 3407 amor
771 3378 848 3409 me
884 3363 944 3410 ad
969 3365 1089 3412 hanc
1110 3380 1206 3411 rem
1224 3368 1525 3415 exercitatum
1556 3372 1662 3417 red-

612 3424 737 3471 didit
769 3425 863 3475 He.
904 3426 979 3483 iii.
1019 3431 1068 3477 3.
1109 3434 1172 3478 47
1242 3428 1515 3479 Amantium
1565 3434 1662 3496 irae,

610 3487 779 3536 amoris
798 3490 1045 3553 integratio
1062 3500 1133 3539 est
1164 3492 1226 3539 A.
1262 3494 1335 3551 iii,
1366 3500 1413 3544 3.
1437 3501 1499 3545 23
1551 3498 1661 3546 Uti-

608 3566 716 3599 nam
738 3562 861 3601 esset
894 3556 1011 3603 mihi
1030 3572 1137 3619 pars
1158 3573 1294 3620 aequa
1314 3561 1484 3607 amoris
1505 3569 1660 3610 tecum

609 3616 701 3669 Eu.
724 3617 761 3674 i,
780 3623 830 3667 2.
859 3622 919 3668 12
968 3620 1114 3676 Scito,
1150 3624 1443 3672 contumeliae
1464 3641 1559 3672 non
1582 3642 1658 3675 me

608 3680 774 3729 fecisse
812 3698 970 3745 causa,
1008 3686 1091 3733 sed
1128 3687 1298 3734 amoris
1338 3688 1428 3736 Eu.
1454 3705 1497 3744 v,
1522 3694 1571 3739 2.
1592 3696 1660 3740 39

606 3743 666 3791 In
702 3746 829 3794 hunc
871 3748 1077 3810 suspicio
1114 3758 1190 3798 est
1230 3753 1450 3800 translata
1490 3756 1660 3803 amoris

606 3807 732 3858 Hea.
756 3810 821 3867 iv,
855 3816 903 3859 5.
940 3818 1004 3861 53
1061 3812 1171 3869 Quo
1216 3824 1355 3877 pacto
1397 3816 1656 3867 satietatem

606 3873 774 3922 amoris
796 3874 863 3921 ait
882 3890 933 3925 se
955 3877 1075 3925 velle
1114 3894 1293 3927 sumere
1314 3880 1331 3925 ?
1366 3881 1457 3929 Pb.
1480 3896 1528 3940 v,
1552 3889 1602 3929 5.
1623 3888 1658 3933 6

528 3992 533 3997 ‚
564 3964 569 3967 ·
607 3936 676 3985 Ut
714 3945 796 3986 tuo
842 3940 985 3988 amori
1023 3942 1320 4004 suppeditare
1364 3944 1515 4005 possit
1555 3946 1656 3995 sine

604 4008 761 4049 sumtu
785 4010 865 4049 tuo
888 4003 979 4052 Eu.
998 4020 1045 4061 v,
1062 4010 1111 4054 9.
1130 4010 1196 4055 46
1229 4006 1332 4070 Ego
1345 4007 1464 4055 istuc
1485 4011 1656 4068 aetatis,

607 4080 702 4113 non
725 4067 871 4114 amori
892 4083 1080 4130 operam
1116 4070 1285 4117 dabam
1316 4070 1441 4118 Hea.
1461 4073 1496 4131 i,
1521 4078 1566 4121 1.
1588 4080 1654 4123 58

606 4127 675 4174 Ut
713 4145 951 4193 nunquam
988 4134 1086 4181 ulla
1106 4134 1250 4181 amori
1271 4142 1421 4181 vestro
1442 4136 1654 4186 incidere

604 4192 753 4253 possit
769 4194 1008 4243 calamitas
1030 4196 1151 4245 Hea.
1171 4198 1224 4253 ii,
1237 4202 1285 4246 4.
1312 4204 1368 4247 15
1410 4200 1653 4259 Pudorin’,

606 4269 729 4301 anne
770 4260 915 4305 amori
959 4262 1291 4323 obsequeretur
1320 4264 1467 4325 magis
1499 4265 1588 4314 He.
1615 4268 1649 4321 i,

603 4322 653 4367 2.
672 4322 738 4367 47
772 4320 1017 4369 Habebam
1042 4325 1149 4371 alibi
1174 4326 1377 4373 animum
1402 4329 1542 4375 amori
1566 4332 1650 4377 de·-

604 4381 754 4433 ditum
787 4384 880 4433 He.
902 4384 972 4443 iii,
1001 4391 1043 4435 1.
1069 4392 1129 4437 14
1164 4389 1249 4437 Με
1270 4394 1451 4454 parenti
1474 4393 1650 4455 potius5

1605 467 1850 516 mmsx

1741 631 1880 679 quam
1901 615 2046 662 amori
2086 613 2282 676 obsequi
2321 618 2510 676 oportet
2541 613 2633 661 He.
2657 614 2727 677 iii,
2747 619 2796 664 4.

1741 685 1804 730 34
1851 681 1962 736 Quo
1987 687 2125 742 pacto
2161 693 2236 725 me
2259 677 2476 726 habueris
2495 679 2796 740 praepositam

1741 745 1884 790 amori
1910 750 1990 790 tuo
2025 743 2116 790 He.
2139 743 2200 797 iv,
2224 747 2274 790 2.
2296 745 2327 790 7
2375 741 2508 789 Bene
2529 743 2796 791 dissimula-

1742 815 1838 855 tum
1863 823 2065 854 amorem
2087 814 2137 854 et
2155 807 2357 854 celatum
2389 807 2571 854 indicat
2601 805 2666 854 A.
2689 808 2722 862 i,
2751 813 2796 858 1.

1745 877 1836 922 105
1869 872 1988 920 Tum
2011 871 2112 928 illa,
2135 879 2189 918 ut
2209 880 2484 918 consuetum
2507 871 2644 918 facile
2665 887 2796 918 amo..

1741 952 1838 984 rem
1876 952 2085 984 cerneres
2120 934 2186 982 A.
2221 936 2254 991 i,
2292 940 2338 983 1.
2379 939 2470 984 108
2515 935 2566 982 Si
2604 944 2794 998 propter

1741 1015 1943 1048 amorem
1982 1015 2173 1047 uxorem
2213 999 2334 1046 nolit
2369 1000 2538 1046 ducere
2568 998 2632 1046 A.
2670 998 2707 1055 i,
2742 1004 2792 1051 1.

1745 1069 1838 1114 128
1893 1064 1990 1121 Qui
2009 1064 2150 1112 istum
2181 1077 2384 1110 amorem
2404 1079 2464 1111 ex
2485 1063 2642 1110 animo
2660 1078 2792 1114 amo-

1743 1144 1851 1176 veas
1875 1137 1956 1175 tuo
1991 1128 2053 1176 A.
2071 1128 2126 1183 ii,
2153 1133 2196 1176 1.
2219 1133 2249 1176 7
2309 1127 2531 1174 Amorem
2555 1126 2662 1175 huic
2685 1141 2792 1175 nar·

1741 1195 1852 1242 rabo
1875 1209 2028 1240 meum
2059 1191 2121 1240 A.
2151 1193 2206 1246 ii.
2233 1196 2278 1241 1.
2303 1195 2367 1241 12
2417 1191 2488 1239 Te
2553 1206 2602 1238 er
2635 1191 2795 1240 amici·

1743 1257 1870 1308 tiam.
1894 1265 1945 1304 et
1965 1273 2046 1320 per
2066 1271 2266 1303 amorem
2287 1257 2479 1304 obsecro
2549 1287 2563 1302 .
2583 1253 2640 1309 ii,
2663 1259 2710 1304 1.
2724 1261 2796 1306 20

1743 1321 1884 1368 Haud
1907 1321 2027 1369 istuc
2049 1321 2199 1375 dicas,
2215 1319 2254 1366 si
2269 1319 2484 1382 cognoris
2507 1318 2580 1367 vel
2607 1334 2696 1376 me,
2716 1320 2791 1368 vel

1741 1401 1943 1432 amorem
1977 1399 2132 1433 meum
2166 1384 2232 1432 A.
2274 1384 2337 1438 iv,
2375 1389 2418 1432 1.
2453 1389 2518 1433 28
2571 1382 2792 1432 Amorem

1741 1449 2080 1504 difficillimum,
2104 1457 2155 1496 et
2188 1448 2473 1496 carissimum
2505 1446 2598 1494 Eu.
2617 1464 2666 1510 v,
2688 1453 2736 1495 4.
2755 1453 2788 1498 4

1743 1514 1858 1562 Meo
1893 1514 2021 1560 fratri
2055 1513 2236 1576 gaudeo
2257 1527 2460 1560 amorem
2481 1527 2582 1559 esse
2604 1527 2790 1560 omnem

1740 1578 1792 1625 in
1817 1578 2064 1640 tranquillo
2097 1576 2185 1624 Eu.
2229 1593 2275 1630 v,
2313 1581 2364 1625 9.
2388 1581 2420 1625 8
2467 1574 2625 1624 Aliter
2661 1583 2792 1624 tuum

1741 1657 1960 1698 amorem,
1982 1650 2124 1704 atque
2157 1648 2246 1697 est,
2283 1641 2460 1703 accipis
2492 1639 2613 1687 Hea.
2649 1640 2705 1696 ii,
2741 1645 2792 1690 3.

1740 1711 1804 1755 23
1860 1708 1995 1771 Syre,
2030 1714 2081 1753 et
2102 1720 2194 1761 me,
2215 1713 2266 1752 et
2283 1721 2438 1752 meum
2461 1717 2664 1752 amorem
2688 1719 2792 1768 per·

1741 1772 1876 1818 mitto
1897 1772 1984 1818 tibi
2015 1771 2138 1818 Hea.
2161 1769 2216 1824 ii,
2238 1774 2288 1818 3.
2314 1773 2410 1818 110
2461 1768 2627 1816 Meum
2661 1783 2789 1816 amo-

1739 1850 1854 1890 rem,
1895 1842 1943 1883 et
1973 1841 2216 1898 peccatum
2248 1835 2302 1881 in
2341 1849 2391 1880 se
2429 1834 2662 1880 transtulit
2693 1833 2794 1882 Ad.

1741 1898 1796 1956 ii,
1819 1904 1864 1948 3.
1889 1903 1951 1947 10
2008 1899 2116 1946 Huc
2139 1896 2375 1944 transtulit
2395 1912 2597 1944 amorem
2640 1896 2734 1945 He.
2755 1898 2792 1955 i,

1740 1969 1788 2012 2.
1811 1970 1874 2012 95
1933 1962 2152 2010 Vestrum
2189 1976 2392 2008 amorem
2425 1960 2595 2024 pertuli
2625 1962 2721 2010 He.
2742 1977 2793 2016 v.

1743 2033 1789 2075 l.
1815 2032 1874 2076 17
1921 2027 2132 2074 Horunc'
2152 2041 2351 2074 amorem
2374 2025 2568 2072 distrahi
2589 2025 2792 2100 poterin'

1743 2091 1876 2154 pati?
1913 2091 2002 2139 Ph.
2025 2091 2096 2150 iii,
2135 2096 2184 2140 2.
2221 2095 2284 2139 33
2342 2089 2550 2136 Primum
2589 2105 2691 2154 Jam
2727 2092 2791 2138 de

1740 2171 1894 2203 amore
1918 2157 2006 2203 hoc
2042 2155 2268 2218 comperit
2301 2153 2364 2204 A.
2387 2153 2420 2209 i,
2443 2159 2494 2202 3.
2511 2158 2546 2203 6
2593 2154 2792 2203 Homini

1739 2219 2107 2276 adolescentulo,
2129 2221 2178 2266 in
2219 2219 2314 2266 alio
2351 2225 2584 2280 occupato
2616 2234 2790 2276 amore,

1741 2284 1881 2330 filiam
1906 2290 1959 2330 ut
1992 2285 2150 2331 darem
2191 2282 2256 2333 A.
2279 2299 2324 2338 v,
2350 2287 2396 2331 1.
2421 2288 2482 2331 10
2534 2282 2591 2328 In
2629 2297 2790 2331 amore

1741 2348 1841 2394 lnaec
1863 2348 2021 2395 omnia
2039 2347 2199 2394 insunt
2231 2347 2346 2394 vitia
2377 2346 2467 2395 Eu.
2491 2347 2523 2403 i,
2546 2351 2592 2394 1.
2618 2349 2678 2396 14
2725 2347 2791 2395 Et

1741 2412 1914 2458 taedet:
1949 2419 2000 2459 et
2032 2427 2190 2460 amore
2232 2412 2376 2458 ardeo
2409 2409 2502 2462 Eu.
2545 2412 2583 2467 i,
2633 2417 2675 2461 l.
2719 2416 2786 2461 27

1741 2474 1919 2523 Misera
1957 2492 2052 2540 prae
2091 2492 2246 2524 amore
2284 2475 2480 2524 exclusti
2519 2476 2646 2525 hunc
2667 2476 2791 2523 foras

1743 2540 1832 2586 Eu.
1857 2540 1890 2595 i.
1911 2546 1960 2589 2.
1984 2545 2046 2589 18
2075 2542 2204 2598 Quid
2227 2541 2474 2588 hocmorbi
2489 2542 2595 2588 est?
2616 2539 2790 2588 adeon’

1742 2604 1955 2652 homines
1975 2604 2259 2652 immutarier
2277 2620 2334 2653 ex
2357 2620 2512 2653 amore
2551 2604 2637 2652 Ea.
2661 2605 2714 2659 ii,
2740 2611 2788 2656 1.

1743 2672 1808 2717 20
1861 2669 2038 2717 Nescio
2061 2670 2176 2731 quid
2199 2670 2260 2716 de
2281 2684 2436 2717 amore
2459 2668 2664 2731 loquitur
2697 2669 2790 2717 Eu.

1745 2731 1798 2792 ii,
1821 2736 1867 2780 3.
1890 2738 1919 2782 7
1974 2733 2024 2780 Si
2053 2735 2168 2780 mihi
2203 2735 2423 2781 secundas
2445 2748 2516 2781 res
2539 2734 2600 2781 de
2631 2748 2790 2781 amore

1743 2812 1846 2843 meo
1865 2805 2022 2844 essent
2053 2798 2174 2847 Hea.
2207 2797 2260 2854 ii,
2293 2802 2342 2847 2.
2385 2803 2410 2848 l
2468 2796 2696 2859 Ctesipho
2735 2798 2788 2844 in

1740 2876 1894 2909 amore
1916 2872 1988 2908 est
2011 2869 2136 2909 totus
2168 2860 2267 2909 Ad.
2303 2863 2372 2918 iv,
2407 2867 2456 2911 2.
2479 2865 2544 2910 50
2591 2860 2787 2910 Nemini

1739 2924 1872 2987 plura
1891 2926 2056 2974 acerba
2075 2942 2179 2974 esse
2197 2927 2339 2973 credo
2355 2941 2413 2972 ex
2435 2942 2588 2974 amore
2609 2926 2790 2973 homini

1738 2989 1894 3036 oblata
1927 2988 2020 3037 He.
2061 2990 2135 3048 iii,
2170 2996 2216 3039 1.
2255 2993 2281 3038 1
2341 2988 2516 3037 Amore
2559 2990 2788 3047 abundas,

1738 3052 1954 3115 Antipho
1989 3055 2080 3103 Ph.
2103 3055 2136 3111 i,
2159 3059 2206 3103 3.
2227 3059 2285 3103 11
2347 3052 2638 3103 Meretricios
2657 3070 2786 3101 amo·

1738 3133 1809 3165 res
1830 3118 2010 3179 nuptiis
2029 3118 2360 3181 conglutinas?
2395 3116 2458 3167 A.
2480 3136 2528 3173 v,
2551 3121 2601 3167 4.
2626 3123 2688 3167 10

1803 3181 2038 3230 Amoveo.
2079 3183 2204 3247 Age,
2225 3193 2379 3229 tamen
2395 3197 2485 3244 ego
2509 3184 2635 3231 hunc
2657 3198 2788 3229 amo·

1739 3244 1856 3292 bebo
1877 3244 1971 3293 Ad.
1994 3247 2058 3303 iv,
2079 3252 2127 3296 2.
2153 3251 2211 3296 14
2245 3246 2396 3293 Modo
2416 3253 2463 3293 te
2485 3246 2598 3294 hinc
2619 3260 2786 3293 amove

1737 3309 1826 3357 Ph.
1847 3310 1918 3363 iii,
1942 3315 1989 3358 3.
2011 3316 2074 3361 34
2107 3312 2204 3369 Qui
2225 3310 2362 3357 istum
2383 3324 2585 3357 amorem
2601 3326 2661 3359 ex
2682 3312 2784 3359 ani-

1737 3390 1811 3420 mo
1849 3390 2063 3423 amoveas
2108 3384 2190 3423 tuo
2223 3374 2286 3422 A.
2321 3374 2376 3430 ii,
2415 3380 2460 3424 1.
2498 3379 2531 3424 7
2595 3375 2786 3424 Testem

1737 3438 1855 3486 hanc
1878 3451 1986 3485 cum
2008 3440 2091 3487 abs
2113 3448 2161 3487 te
2182 3440 2408 3487 am‘ovcris
2441 3440 2534 3487 He.
2556 3441 2623 3495 iv,
2644 3446 2694 3491 4.
2717 3444 2782 3489 72

1732 3501 1984 3564 Sperantes
1996 3503 2115 3567 jam,
2139 3510 2294 3551 amoto
2317 3513 2444 3551 metu
2462 3522 2477 3563 3
2509 3504 2686 3551 interea
2707 3520 2788 3552 os-

1733 3565 1931 3614 citantes
1953 3569 2155 3630 opprimi
2189 3566 2254 3617 A.
2290 3568 2322 3624 i,
2345 3573 2393 3617 2.
2419 3572 2476 3617 10
2523 3568 2714 3616 Prorsus
2753 3584 2784 3617 a

1733 3646 1806 3677 me
1829 3632 2100 3693 opinionem
2133 3634 2255 3681 hanc
2295 3639 2421 3679 tuam
2441 3647 2544 3680 esse
2579 3643 2782 3681 arnotam

1731 3694 1837 3741 volo
1871 3694 1935 3741 A.
1956 3694 2027 3751 iii,
2051 3700 2100 3745 2.
2121 3700 2184 3745 30

1795 3758 2084 3820 Amplector.
2167 3758 2218 3806 Si
2257 3776 2308 3809 se
2343 3760 2472 3807 illam
2507 3760 2556 3809 in
2591 3763 2782 3818 somnis,

1730 3837 1870 3883 quam
1908 3822 2059 3879 illum,
2095 3824 2318 3887 amplecti
2353 3826 2518 3874 maluit
2548 3824 2610 3873 A.
2650 3826 2700 3881 ii,
2731 3834 2780 3875 5.

1794 3947 2064 4011 Amplexor.
2133 3950 2282 4000 Mitto
2319 3953 2420 4017 jam
2456 3955 2672 4017 osculari,
2708 3962 2778 4002 at-

1729 4026 1821 4077 que
1842 4014 2092 4077 amplexari
2127 4015 2248 4064 Hea.
2271 4034 2318 4073 v,
2347 4023 2388 4066 1.
2411 4022 2475 4066 27

1787 4078 2028 4139 Amplior.
2093 4078 2142 4127 Si
2189 4081 2309 4128 sorte
2351 4082 2538 4129 morbus
2581 4082 2778 4145 amplior

1727 4140 1877 4189 factus
1899 4143 1988 4189 siet
2020 4142 2114 4191 He.
2141 4144 2209 4203 iii,
2235 4151 2277 4195 1.
2301 4150 2364 4194 50
2418 4146 2509 4193 Hae
2532 4146 2611 4193 irae
2642 4148 2779 4195 factae

1725 4213 1880 4253 essent
1900 4206 2311 4270 multoampliores
2343 4210 2436 4257 He.
2456 4210 2530 4266 iii,
2553 4216 2594 4261 l.
2617 4217 2650 4259 9

1791 4269 2026 4333 Amplius.
2093 4273 2234 4328 Quod
2276 4274 2358 4320 tibi
2379 4290 2482 4321 mea
2503 4290 2575 4322 ars
2596 4275 2778 4321 efficere

1727 4334 1813 4379 hoc
1857 4336 2003 4397 possit
2041 4337 2277 4398 amplius?
2314 4338 2374 4386 A.
2412 4337 2448 4394 i,
2481 4342 2528 4386 1.
2563 4343 2592 4387 4
2649 4339 2775 4385 Nom

1725 4397 1948 4458 quidnam
1986 4401 2187 4462 amplius
2208 4402 2292 4449 tibi
2315 4416 2422 4451 cum
2445 4402 2526 4451 illa
2547 4402 2675 4450 suit?
2711 4404 2773 4452 A.
