3192 4975
533 357 678 424 xliv

529 520 595 569 A.
616 520 673 577 ii,
696 523 743 568 8.
775 523 838 569 24
892 516 988 567 Hic
1027 517 1133 582 plus
1169 519 1280 567 mali
1315 527 1405 578 est,
1438 536 1579 585 quarn

534 585 635 633 illic
656 583 771 632 boni
802 582 867 630 A.
888 583 952 638 iv,
974 587 1025 635 8.
1048 589 1078 632 5
1128 584 1272 641 Quod
1314 586 1403 634 tibi
1421 587 1581 634 evenit

534 648 649 696 boni
670 648 731 696 A.
751 664 797 704 v,
818 651 870 697 0.
886 651 919 698 4
955 647 1139 696 Faciam
1164 649 1274 696 boni
1294 648 1380 697 tibi
1398 650 1579 714 aliquid

534 728 621 776 pro
641 713 731 760 ista
751 727 798 760 re
832 711 953 761 Hea.
992 711 1059 774 iv,
1092 719 1141 762 5.
1178 718 1237 763 15
1286 713 1417 762 Istuc
1454 715 1581 778 requi

526 777 735 839 bonique
756 775 880 823 facio
908 775 1031 826 Hea.
1058 777 1127 834 iv,
1148 783 1197 825 5.
1217 781 1283 826 40
1336 777 1413 827 Ne
1449 794 1509 828 ue
1526 777 1579 826 in

526 839 1579 968 2²⁰1⁵f⁶i³512¹2ffi0b232¹22⁶oe⁶23233³221405

562 936 577 952 0
1179 939 1195 962 s
1418 941 1434 964 s

525 968 619 1018 feci
643 968 792 1016 boni?
826 965 921 1018 He.
944 984 993 1029 v,
1013 974 1065 1018 4.
1086 974 1150 1019 88
1183 969 1449 1019 Plushodie
1498 970 1579 1020 oni

524 1032 621 1081 feci
640 1031 931 1096 imprudens,
950 1047 1091 1096 quam
1124 1033 1219 1081 He.
1255 1049 1303 1091 v,
1323 1040 1373 1085 4.
1394 1039 1460 1084 89
1512 1034 1580 1083 Ni

525 1097 597 1145 vis
616 1096 799 1144 boniin
816 1096 923 1160 ipsa
942 1097 1115 1145 inesset
1146 1097 1294 1145 forma
1329 1098 1422 1150 Ph.
1456 1098 1492 1155 i,
1528 1103 1578 1148 2.

524 1165 589 1210 57
638 1160 691 1208 Si
712 1171 763 1207 tu
796 1168 975 1224 partem
1010 1160 1135 1225 requi
1172 1162 1378 1225 bonique
1411 1163 1580 1211 dixeris

525 1223 617 1276 Ph.
634 1225 703 1282 iv,
724 1229 774 1275 8.
798 1229 862 1274 82
904 1225 976 1272 Τιι
996 1225 1067 1281 id,
1104 1227 1233 1288 quod
1256 1226 1368 1274 boni
1387 1234 1476 1284 est,
1496 1243 1579 1275 ex-

524 1289 681 1353 cerpis
716 1288 807 1338 Ph.
829 1289 895 1344 iv,
916 1294 967 1339 4.
998 1294 1061 1339 18
1110 1290 1300 1338 Bonum
1335 1290 1385 1338 in
1448 1291 1581 1338 nium

525 1367 681 1400 narras
701 1352 1013 1401 adolescentis
1047 1351 1112 1403 A.
1134 1353 1205 1410 iii,
1229 1358 1277 1403 1.
1298 1358 1329 1402 8
1426 1356 1475 1403 ui
1494 1371 1579 1403 ne-

526 1432 620 1480 que
644 1419 837 1474 bonum,
860 1426 1003 1481 atque
1022 1433 1211 1481 sequum
1231 1416 1421 1466 sciunt?
1456 1419 1579 1468 Hea.

522 1481 590 1537 iv,
615 1486 661 1531 1.
683 1486 750 1532 29
795 1481 1011 1529 Nimium
1031 1490 1105 1530 est
1136 1483 1297 1538 durus,
1317 1491 1485 1546 praeter
1514 1500 1579 1531 ae·

524 1561 766 1609 quumque
784 1552 835 1594 et
856 1546 1030 1593 bonum
1065 1544 1163 1596 Ad.
1202 1546 1237 1604 i,
1273 1550 1318 1595 1.
1341 1551 1405 1598 89
1467 1547 1581 1610 Ipse

522 1616 597 1656 est
633 1609 827 1674 ingenio
871 1611 994 1658 bono
1031 1609 1097 1660 A.
1136 1609 1212 1666 iii,
1245 1614 1294 1660 2.
1322 1616 1353 1659 7
1408 1610 1459 1658 Ν
1519 1629 1580 1662 ue

525 1674 647 1722 adeo
668 1690 725 1722 ex
824 1690 885 1721 uo
906 1681 956 1722 et
975 1676 1102 1723 bono
1122 1674 1223 1724 Ad.
1247 1690 1293 1731 v,
1314 1679 1365 1724 9.
1386 1679 1450 1724 80
1532 1677 1582 1724 ui

524 1737 597 1784 uti
617 1738 724 1794 scit,
745 1739 791 1786 ei
874 1753 967 1786 na:
988 1737 1077 1797 illi,
1098 1738 1182 1803 qui
1198 1754 1294 1787 non
1316 1740 1461 1787 utitur
1478 1756 1580 1790 rec-

526 1808 593 1858 te,
629 1803 755 1850 mala
806 1801 929 1850 Hea.
961 1803 997 1859 i,
1021 1807 1069 1852 2.
1090 1807 1157 1852 22
1207 1801 1329 1850 Tum
1368 1819 1464 1851 uno
1500 1819 1581 1853 ore

524 1879 689 1914 ornnes
726 1867 885 1913 omnia
921 1867 1043 1915 bona
1083 1866 1239 1915 dicere
1277 1866 1341 1916 A.
1375 1868 1410 1922 i,
1447 1873 1495 1918 1.
1515 1873 1581 1918 70

526 1929 667 1978 Bona
685 1931 827 1978 verba
846 1944 1007 1994 qumo
1047 1929 1111 1980 A.
1128 1931 1167 1992 i,
1185 1937 1235 1980 2.
1254 1935 1317 1980 88
1368 1931 1479 1980 Una
1510 1940 1583 1981 te·

522 2009 631 2042 cum
650 1994 790 2050 bona,
800 1995 923 2043 mala
936 1995 1233 2043 tolerabimus
1254 1995 1343 2042 Ph.
1362 1996 1432 2052 iii,
1448 2000 1495 2044 3.
1516 2001 1582 2047 28

588 2059 771 2116 Brevis,
807 2074 881 2107 ve.
943 2063 1024 2106 An
1054 2059 1350 2108 occasionem
1386 2067 1583 2116 tantam,

520 2133 617 2172 tam
638 2124 822 2172 brevem
844 2123 1103 2172 amitterem
1127 2125 1145 2171 ?
1199 2122 1290 2173 Eu.
1332 2123 1407 2181 iii,
1446 2130 1492 2173 5.
1519 2130 1583 2175 5⁷

504 2187 602 2238 ‚Ne
622 2203 699 2236 me
720 2189 770 2234 in
794 2189 929 2235 breve
948 2188 1177 2250 conjicias
1195 2195 1381 2250 tempus
1418 2187 1513 2238 He.
1537 2205 1584 2246 v,

520 2256 571 2302 4.
592 2256 623 2301 2
675 2250 742 2300 Ut
762 2259 895 2313 pater
915 2259 1010 2297 tam
1031 2252 1082 2299 in
1106 2250 1232 2298 brevi
1250 2252 1406 2315 spatio
1426 2252 1487 2299 de
1508 2268 1585 2302 me

518 2314 714 2378 ejecerit
731 2315 940 2362 animum
964 2314 1137 2376 patris?
1170 2315 1293 2364 Hea.
1317 2331 1365 2374 v,
1385 2320 1432 2364 2.
1455 2319 1487 2365 2

586 2377 779 2426 Bruma.
840 2378 1090 2440 Haruspex
1124 2378 1275 2426 vetuit
1315 2387 1425 2427 ante
1480 2381 1589 2426 hru-

520 2457 645 2491 mam
677 2441 859 2506 aliquid
892 2442 1004 2490 novi
1035 2442 1198 2507 negoti
1248 2442 1458 2508 incipere
1495 2443 1586 2497 Ph.

520 2508 587 2565 iv,
606 2511 660 2557 4.
682 2511 749 2556 29

586 2572 633 2619 Β
668 2570 806 2619 rrhia.
870 2567 1002 2627 Quid
1022 2569 1106 2627 ais,
1128 2570 1363 2634 Byrrhial
1385 2573 1587 2621 damme

518 2634 603 2683 illa
664 2635 871 2699 amphilo
891 2635 1126 2697 nuptum?
1160 2636 1221 2681 A.
1240 2636 1295 2691 ii,
1318 2640 1362 2686 1.
1386 2640 1407 2685 1
1446 2636 1586 2685 Forte

518 2698 587 2748 ibi
608 2699 749 2764 hujus
761 2700 903 2747 video
921 2699 1165 2763 Byrrhiaiu
1200 2698 1261 2747 A.
1282 2700 1337 2758 ii,
1354 2706 1403 2751 2.
1424 2704 1488 2749 20

1028 2893 1088 2942 C.

585 3020 924 3078 Cadaverosns,
957 3036 1003 3079 a,
1026 3037 1123 3071 nm.
1186 3021 1481 3070 Cadaverosa
1514 3020 1587 3069 fa·

522 3084 597 3135 cie
629 3085 723 3134 He.
744 3086 815 3141 iii,
839 3090 887 3135 4.
909 3090 971 3135 27
1071 3084 1074 3087 ’

586 3150 739 3199 Cado.
802 3149 998 3196 Homini
1014 3150 1145 3198 illico
1161 3148 1379 3197 lacrumae
1388 3148 1587 3206 cadunt,

519 3214 655 3276 quasi
678 3228 842 3278 puero,
878 3213 1051 3273 gaudio
1096 3212 1195 3259 Ad.
1228 3212 1293 3267 iv,
1323 3217 1371 3261 1.
1391 3217 1457 3261 20
1510 3212 1588 3259 Ita

520 3277 619 3323 vita
645 3284 718 3324 est
737 3274 997 3332 hominurn,
1020 3274 1173 3339 quasi,
1194 3291 1301 3323 cum
1330 3276 1465 3323 ludas
1494 3284 1585 3324 tes·

520 3338 663 3386 scrisz
702 3339 744 3385 si
777 3337 918 3394 illud,
956 3340 1086 3411 quod
1128 3340 1326 3387 maxime
1358 3354 1479 3403 opns
1512 3348 1587 3389 est

511 3401 668 3465 jactu,
681 3417 777 3449 non
793 3401 923 3449 cadit
940 3418 957 3461 ;
974 3402 1095 3450 illud
1112 3403 1242 3465 quod
1257 3402 1433 3451 cecidit
1445 3404 1585 3461 forte,

518 3466 571 3513 id
594 3473 692 3514 arte
713 3474 769 3514 ut
794 3465 1001 3529 corrigas
1034 3466 1131 3515 Ad.
1165 3466 1230 3524 iv,
1250 3472 1301 3517 7.
1324 3472 1389 3517 22
1434 3476 1483 3515 et
1518 3472 1583 3517 28

522 3528 627 3578 Aut
644 3530 829 3595 uspiam
848 3530 1089 3590 ceciderit,
1110 3538 1193 3578 aut
1214 3532 1485 3595 perfregerit
1496 3534 1584 3581 ali·

521 3595 639 3658 quid
671 3594 771 3643 Ad.
792 3594 828 3657 i,
849 3599 898 3643 1.
926 3599 986 3643 12

586 3659 822 3709 Caecilius.
886 3659 1019 3715 Quas
1060 3657 1261 3721 primum
1297 3657 1479 3709 cecilii
1510 3660 1585 3708 di-

517 3723 615 3773 dici
635 3739 781 3773 novas
812 3722 905 3771 He.
925 3723 1027 3773 Alt.
1052 3723 1178 3771 Prol-
1198 3728 1233 3773 6

584 3787 751 3837 Cedo.
814 3787 1003 3837 Interea
1032 3790 1153 3835 dum·
1178 3803 1413 3837 sermones
1440 3787 1584 3836 codi-

518 3868 622 3901 mus
651 3854 776 3904 Hea.
796 3852 853 3909 ii,
875 3857 922 3902 8.
948 3858 974 3902 l
1010 3852 1079 3901 Ut
1101 3860 1153 3899 tu
1172 3851 1281 3900 illos
1299 3852 1459 3916 procul
1474 3852 1586 3902 hinc

517 3932 575 3965 ex
596 3918 784 3967 occulto
803 3918 1009 3967 crederes
1041 3915 1131 3963 Eu.
1150 3916 1218 3973 iv,
1239 3920 1288 3965 7.
1308 3920 1367 3967 17
1404 3916 1585 3965 Verbe-

519 3979 647 4028 ribus
666 3998 839 4032 cassum
862 3990 928 4039 te,
949 3981 1105 4037 Dave,
1136 3979 1189 4027 in
1220 3978 1468 4043 pistrinum
1498 3983 1585 4029 de-

518 4044 628 4091 dam
649 4060 798 4110 nsque
816 4048 877 4094 ad
898 4060 1064 4093 necem
1094 4042 1161 4093 A.
1182 4043 1217 4101 i,
1239 4050 1287 4093 2.
1303 4048 1368 4093 28

586 4106 782 4167 Casius,
816 4126 863 4168 a,
907 4126 1001 4157 um.
1068 4108 1265 4165 Caesius,
1302 4107 1585 4157 cadaverosa

520 4171 641 4219 facie
674 4172 765 4219 He.
786 4174 861 4230 iii,
878 4178 1013 4223 4.20
1056 4172 1294 4221 Rufamne
1324 4172 1455 4220 illam
1494 4174 1582 4221 vir-

522 4235 699 4301 ginem,
712 4236 931 4296 Gaiam,
948 4252 1105 4302 sparso
1120 4254 1216 4295 ore,
1230 4237 1416 4286 adunco
1434 4240 1582 4287 naso?

1500 356 1740 420 innnx

1657 521 1779 570 Hea.
1809 537 1837 566 v
1877 526 1925 569 5.
1949 525 2012 570 18
2775 549 2782 556 -

1722 556 1992 634 Calainitas.
2055 582 2149 632 Sed
2187 597 2302 632 ecca
2336 581 2443 646 ipsa
2470 583 2728 648 egreditur,

1656 648 1801 698 nostri
1819 650 1956 697 fundi
1987 649 2226 698 calamitas
2259 647 2352 695 Eu.
2383 647 2422 703 i,
2456 651 2504 697 1.
2535 652 2602 696 84
2657 647 2726 696 Ut

1656 729 1894 777 nunqnam
1918 713 2016 761 ulla
2035 712 2181 761 amori
2203 719 2356 760 vestro
2377 711 2585 760 incidere
2611 727 2723 775 pos-

1655 778 1720 826 sit
1737 777 1978 826 calamitas
2009 776 2132 825 Hea.
2167 775 2220 831 ii,
2239 779 2288 826 4.
2312 780 2372 824 16
2424 775 2614 822 Novum
2651 777 2724 824 in·

1655 842 1856 890 tervenit
1876 842 2057 897 vitium,
2078 848 2128 889 et
2145 839 2386 889 calamitas
2426 838 2520 888 He.
2541 839 2669 888 Prol.
2689 845 2724 890 2

1655 905 1732 954 Ita
1751 921 1857 954 eam
1877 904 2110 970 oppressit
2137 904 2414 953 calamitas:
2451 919 2555 957 eam
2592 905 2721 951 cala-

1654 970 1867 1018 mitatem
1887 977 2041 1018 vostra
2057 967 2366 1033 intelligentia
2379 967 2564 1016 sedabit
2593 968 2722 1021 Hec.

1655 1032 1756 1084 Ait.
1777 1033 1905 1084 Prol.
1923 1039 1989 1084 22
2014 1039 2062 1081 et
2077 1037 2142 1082 28

1659 1161 1672 1174 ο
1718 1098 1934 1150 Caleseo.
1999 1095 2208 1174 Accede,
2247 1096 2308 1143 ad
2359 1095 2518 1172 ignem
2559 1096 2721 1158 huac3

1647 1162 1976 1276 fleam?
2033 1159 2475 1287 ¹3²5.3·².¹.2².3:;1·.3;
2495 1166 2720 1274 ‘mmm

1654 1291 1746 1339 hoc
1768 1291 1831 1338 sit
1851 1291 1992 1340 modo
2025 1289 2118 1340 Eu.
2139 1289 2190 1345 ii,
2214 1293 2263 1337 8.
2284 1293 2350 1339 88

1720 1354 1902 1404 Calleo.
1965 1354 2154 1402 Etenim
2177 1368 2272 1416 quo
2291 1359 2430 1416 pacto
2451 1351 2504 1399 id
2527 1350 2626 1398 fieri
2643 1367 2721 1398 so-

1656 1418 1768 1476 leat,
1786 1419 1936 1467 calleo
1957 1418 2080 1465 Hea.
2099 1417 2171 1474 iii,
2188 1423 2238 1466 2.
2255 1421 2318 1466 87
2354 1416 2455 1480 Ego
2472 1414 2598 1462 illins
2615 1430 2728 1463 sen-

1656 1498 1759 1531 sum
1783 1483 1976 1546 pulchre
1995 1481 2144 1530 calleo
2177 1480 2276 1529 Ad.
2291 1481 2360 1537 iv,
2383 1485 2430 1530 l.
2452 1483 2512 1529 17

1720 1546 1926 1597 Callide.
1989 1545 2152 1603 Quid?
2183 1547 2276 1594 hoc
2307 1542 2624 1592 intellextin’?
2659 1559 2724 1591 an

1656 1611 1866 1660 nondum
1887 1609 2028 1659 etiam
2051 1625 2112 1657 ne
2133 1611 2225 1658 hoc
2241 1609 2431 1672 quidem
2451 1608 2468 1656 ?
2503 1607 2600 1658 Da.
2625 1607 2723 1654 Im-

1655 1691 1735 1724 mo
1757 1675 1928 1724 callide
1959 1673 2022 1722 A.
2042 1674 2100 1731 ‘i,
2121 1679 2168 1724 2.
2200 1678 2264 1723 80
2296 1673 2406 1722 Hoc
2427 1672 2599 1736 fugito.
2633 1672 2723 1737 Sy.

1656 1739 1842 1790 Callide
1873 1736 1974 1785 Ad.
1992 1737 2068 1800 iii,
2090 1741 2141 1786 8.
2161 1743 2226 1787 68

1721 1802 2074 1852 Callidemides.
2136 1801 2201 1849 Es
2225 1808 2276 1849 tu
2296 1797 2591 1864 Myconius?
2623 1815 2722 1848 non

1657 1883 1776 1916 sum.
1812 1875 1861 1914 at
1898 1865 2275 1915 Callidemides?
2306 1880 2404 1912 non
2435 1864 2528 1912 He.
2550 1880 2598 1920 v,
2618 1869 2667 1913 8.
2687 1867 2722 1912 0

1657 1929 2018 1981 Callidemidem
2039 1930 2271 1992 hospitem
2289 1929 2589 1993 Myconium,
2606 1942 2722 1976 con-

1657 1995 1767 2043 veni
1799 1994 1894 2045 He.
1915 1994 1984 2051 iii,
2007 1999 2056 2044 4.
2077 1998 2138 2043 18
2185 1995 2246 2041 Μ
2283 1993 2468 2041 conium
2491 1992 2724 2056 hospitem

1658 2060 1774 2107 dum
1794 2066 2016 2123 exspecto
2035 2058 2088 2107 in
2109 2074 2214 2107 arce
2279 2055 2596 2105 allidemidem
2628 2057 2725 2106 He.

1657 2139 1707 2181 v,
1731 2128 1780 2172 8.
1803 2127 1834 2172 8

1726 2186 1994 2238 calliditas.
2059 2186 2186 2235 Servi
2221 2200 2392 2234 venere
2427 2186 2480 2234 in
2515 2191 2720 2234 mentem

1660 2251 1768 2317 Syri
1788 2251 2068 2300 calliditates
2101 2251 2224 2299 Hea-
2247 2267 2293 2308 ν,
2320 2253 2365 2299 1.
2388 2253 2452 2300 14

1727 2315 1957 2365 Callidus.
2022 2315 2126 2364 Aut
2145 2314 2267 2363 velle
2285 2313 2337 2363 in
2359 2329 2418 2361 ea
2436 2329 2486 2361 re
2515 2314 2723 2376 ostendi,

1660 2395 1803 2491 ‹pli-am
1823 2380 1886 2428 sis
1895 2379 2206 2492 ffadlidusAA...
2214 2379 2252 2455 i,
2268 2382 2322 2492 Ξ.
2338 2382 2404 2493 123
2437 2377 2577 2491 gali!
2607 2394 2723 2490 cor:-

1661 2459 2058 2493 suumcaium
2140 2459 2246 2501 .ιιι,
2303 2475 2318 2491 .
2489 2458 2721 2491 nmoca-

1660 2509 1809 2557 lidum
1840 2518 1890 2557 et
1917 2509 2141 2557 disertum
2161 2508 2338 2557 credidi
2361 2507 2599 2555 hominem
2632 2508 2725 2555 Eu.

1660 2590 1709 2630 v,
1731 2578 1780 2623 7.
1803 2577 1864 2623 10
1899 2573 2001 2637 Ego
2033 2572 2270 2621 bominem
2307 2571 2592 2620 callidiorem
2623 2572 2724 2619 vidi

1659 2637 1898 2685 neminem
1931 2638 2020 2687 Ph.
2043 2637 2107 2698 iv,
2126 2640 2175 2685 2.
2199 2641 2226 2685 1
2263 2636 2416 2684 Hem!
2455 2650 2584 2684 nunc
2616 2636 2722 2699 ipsa

1660 2709 1734 2748 est
1756 2717 1875 2764 opus
1895 2717 1982 2750 ea:
2005 2709 2104 2757 aut,
2127 2701 2166 2748 si
2183 2700 2300 2764 quid
2321 2707 2493 2764 potest,
2513 2700 2722 2757 meliore,

1659 2773 1712 2813 et
1729 2766 1972 2814 callidiore
2000 2766 2092 2814 Ph.
2111 2764 2148 2822 i,
2166 2769 2218 2815 4.
2241 2769 2304 2814 61

1726 2830 1864 2879 Calx.
1928 2829 2050 2887 Quae
2090 2828 2279 2878 inscitia

1661 2892 1900 2942 stimulum
1919 2894 2109 2943 calces?
2143 2893 2233 2941 Ph.
2266 2892 2303 2948 i,
2319 2898 2370 2943 2.
2393 2896 2458 2942 28
2503 2892 2728 2941 Calcibua

1661 2973 1789 3020 soepe
1807 2958 2052 3007 insultabis
2071 2958 2237 3005 frustra
2270 2956 2363 3006 Eu.
2385 2957 2438 3011 ii.
2458 2962 2507 3005 2.
2529 2961 2594 3006 54

1726 3021 1890 3072 Canis.
1953 3022 2069 3069 Ain’
2085 3037 2211 3078 vero,
2225 3020 2358 3069 canis
2372 3020 2391 3067 ?
2404 3020 2581 3069 siccine
2595 3020 2726 3083 agis?

1662 3085 1756 3137 En.
1779 3087 1844 3143 iv,
1865 3092 1914 3137 7.
1928 3090 1992 3135 88
2040 3085 2231 3134 Introiit
2249 3084 2298 3131 in
2321 3085 2448 3132 aedes
2475 3093 2576 3131 ater
2607 3084 2726 3133 alie-

1661 3164 1750 3197 nus
1766 3150 1896 3198 canis
1929 3150 2018 3197 Ph.
2037 3149 2104 3207 iv,
2127 3155 2177 3199 4.
2195 3154 2260 3198 26
2292 3147 2394 3195 Aut
2413 3162 2561 3210 equos
2581 3148 2727 3209 alere,

1659 3221 1744 3260 aut
1763 3229 1903 3262 canes
1922 3215 1984 3262 ad
2007 3215 2271 3263 venandum
2301 3209 2366 3260 A.
2383 3212 2420 3273 i,
2442 3216 2490 3260 1.
2511 3215 2578 3260 80
2607 3212 2725 3260 Cer-

1659 3291 1766 3389 ἔξει
1808 3278 1967 3327 videre
2004 3279 2184 3343 fugere,
2225 3275 2391 3325 sectari
2432 3291 2574 3325 canes
2627 3277 2724 3328 Ph.

1724 3406 1876 3455 Cano.
1943 3405 2241 3455 Cantilenam
2265 3404 2464 3452 eandem
2479 3402 2612 3453 canis
2631 3403 2726 3451 Ph.

1657 3467 1731 3524 iii,
1751 3474 1802 3520 2.
1825 3475 1887 3520 10
1919 3470 2112 3519 Gallina
2132 3467 2306 3519 cecinit
2338 3468 2427 3515 Ph.
2442 3468 2507 3525 iv,
2526 3472 2573 3518 4.
2589 3471 2655 3515 28

1725 3533 1976 3583 Canthara.
2041 3535 2158 3583 Vidi
2195 3534 2478 3584 Cantharam
2511 3530 2722 3579 suffarci-

1657 3607 1816 3645 natum
1850 3599 1910 3647 Α.
1932 3600 1999 3661 iv,
2019 3603 2068 3648 4.
2088 3603 2153 3647 so

1662 3726 1702 3775 Ρ
1725 3662 1993 3712 cantilena.
2056 3661 2356 3713 Cantilenam
2377 3661 2576 3710 eandem
2591 3658 2724 3707 canis

1703 3728 1751 3774 h.
1767 3725 1840 3783 iii,
1857 3731 1908 3776 2.
1931 3732 1994 3776 10

1723 3790 1938 3839 Cantito.
1999 3790 2248 3839 Facturum
2269 3790 2431 3845 credo,
2453 3794 2506 3836 ut
2525 3786 2716 3843 habeas,

1656 3853 1848 3919 quicum
1867 3854 2066 3903 cantites
2099 3855 2194 3902 Ad.
2214 3856 2281 3910 iv,
2301 3857 2351 3903 7.
2367 3857 2434 3902 82

1723 3918 1896 3970 Canto.
1960 3918 2058 3976 Qui
2097 3920 2261 3967 harum
2297 3918 2465 3965 'mores
2505 3914 2728 3964 cantabat

1655 3983 1774 4031 mihi
1821 3982 1945 4034 Hea.
1985 3984 2040 4040 ii,
2076 3987 2126 4034 8.
2168 3987 2230 4032 19
2283 3981 2600 4046 Hymenoeum
2640 3978 2725 4042 qui

1655 4055 1850 4095 cantent
1880 4047 1980 4096 Ad.
1998 4064 2046 4105 v,
2069 4052 2119 4097 7.
2139 4052 2169 4097 7
2221 4044 2516 4108 Pamphilam
2559 4051 2722 4093 canta-

1656 4118 1756 4159 tum
1779 4128 2082 4175 provocemus
2117 4111 2208 4159 Eu.
2231 4110 2304 4167 iii,
2329 4114 2376 4159 1.
2398 4114 2461 4158 68

1719 4176 1948 4239 Capillus.
2015 4176 2232 4240 Capillus
2253 4189 2417 4238 passus
2452 4173 2573 4221 Hea.
2595 4172 2648 4226 ii,
2667 4176 2719 4219 8.

1655 4245 1747 4290 49.
1772 4241 1864 4290 Ρ11.
1884 4241 1920 4299 i,
1937 4246 1985 4292 2.
2006 4247 2074 4291 66
2106 4240 2201 4288 Vix
2236 4254 2313 4287 me
2346 4238 2587 4295 contineo,
2609 4235 2725 4301 quin

2339 2834 2428 2885 est,
2478 2827 2723 2876 advorsum
