3192 4975
1205 444 1288 494 m
1335 442 1817 494 Tunnwrluu.

415 592 548 645 Nam
583 591 806 667 quidnam
841 590 904 639 do
940 597 1084 655 gnato
1117 606 1224 640 meo
1257 592 1470 641 audisti?

417 660 543 708 Heu.
563 659 633 713 iir,
658 660 703 706 1.
727 661 792 705 20

483 722 699 771 Gracilis.
763 719 894 777 Quas
933 725 1104 767 matres
1141 719 1348 777 student,
1385 721 1468 769 de·

417 787 567 836 missis
586 783 788 831 humeris
822 798 941 840 esse,
979 783 1136 831 vincto
1175 792 1381 847 pectore,
1419 791 1472 832 ut

419 850 609 915 graciles
630 848 752 896 sient
781 846 874 896 Eu.
891 846 948 908 ii,
969 851 1016 895 3.
1033 851 1100 897 22

427 956 434 963 .
483 913 684 962 Gradus.
761 909 843 959 Ad
881 911 1002 959 fores
1058 926 1286 973 suspenso
1326 911 1472 974 gradu

413 977 602 1043 placide
622 976 688 1023 ire
714 974 893 1038 perrexi
923 974 1014 1022 Ph.
1035 991 1081 1030 v,
1101 979 1150 1023 6.
1171 979 1234 1025 27

421 1064 432 1074 ·
481 1042 692 1090 Graecus.
755 1038 1190 1100 Epidicazomenon
1228 1053 1368 1101 quam
1391 1053 1472 1086 vo·

417 1113 530 1153 cant
567 1102 862 1152 Comoediam
903 1101 1062 1150 Graeci
1118 1102 1210 1152 Ph.
1241 1103 1367 1153 Prol.
1410 1106 1474 1153 27

419 1168 514 1217 Eas
537 1182 588 1215 se
609 1182 708 1214 non
747 1173 892 1229 negat
930 1181 1149 1228 personas
1189 1164 1475 1214 transtulisse

418 1232 470 1281 in
494 1231 778 1280 Eunuchum
815 1244 946 1277 suam
965 1246 1021 1277 ex
1036 1230 1202 1278 Graeca
1234 1230 1326 1277 Eu.
1349 1230 1476 1277 Prol.

418 1300 482 1345 33
539 1295 611 1342 Ex
631 1295 816 1356 integra
837 1292 1004 1341 Graeca
1023 1294 1251 1353 integram
1290 1294 1475 1343 Comoe·

419 1360 548 1407 diam
570 1358 712 1404 hodie
751 1373 852 1405 sum
891 1363 1076 1405 acturus
1123 1356 1245 1405 Hea.
1282 1357 1408 1405 Prol.
1443 1362 1476 1407 4

420 1421 546 1484 Cuja
580 1421 749 1469 Graeca
770 1421 849 1481 sit,
871 1420 920 1468 id
945 1422 1149 1469 dicerem
1199 1421 1322 1469 Hea.
1347 1422 1474 1471 Prol.

420 1490 454 1537 8
503 1486 562 1533 In
587 1484 754 1533 Graeca
776 1484 1049 1533 adolescens
1071 1492 1144 1532 est
1175 1485 1272 1534 Ad.
1297 1485 1423 1533 Prol.
1446 1490 1479 1535 8

419 1550 602 1599 Multas
624 1548 966 1597 contaminasse
986 1549 1175 1599 Graecas
1208 1548 1330 1597 Hea.
1348 1550 1475 1597 Ptol.

423 1618 484 1664 17
539 1613 610 1660 Ex
635 1611 814 1661 Graecis
847 1613 984 1660 bonis
1003 1612 1194 1661 Latinas
1226 1612 1341 1661 fecit
1382 1628 1478 1661 non

419 1679 567 1726 bonas
601 1676 691 1724 Eu.
715 1676 844 1724 Prol.
868 1681 900 1726 8
1231 1712 1238 1719 .

487 1741 709 1789 Grandis.
787 1740 866 1787 An
900 1740 1062 1788 sedere
1103 1740 1314 1803 oportuit
1351 1739 1480 1787 domi

418 1805 646 1869 virginem
664 1804 1014 1867 tamgrandem,
1036 1804 1149 1851 dum
1170 1805 1188 1850 ?
1221 1803 1315 1853 Ad.
1338 1803 1400 1860 iv,
1427 1810 1478 1853 5.

422 1874 488 1919 39
510 1869 680 1916 Dicam
695 1866 1052 1931 tibiimpingam
1073 1868 1294 1931 grandem
1313 1864 1405 1914 Ph.
1425 1867 1481 1924 ii,

422 1937 473 1981 3.
513 1936 578 1983 92
634 1932 791 1980 Proba
825 1939 875 1979 et
909 1932 1139 1981 modesta.
1176 1931 1267 1978 Mi.
1309 1929 1481 1980 Aiunt.

421 1995 520 2047 De.
553 1995 684 2043 Natu
709 1995 926 2057 grandior
955 1994 1052 2043 Ad.
1076 2010 1120 2051 v,
1143 2001 1192 2044 8.
1216 2000 1245 2044 7
1285 1994 1482 2057 Quippe

420 2062 563 2108 horno
579 2059 680 2122 jam
699 2059 934 2121 grandior,
953 2074 1134 2123 pauper
1165 2060 1253 2107 Ph.
1271 2058 1322 2114 ii,
1345 2063 1391 2107 3.
1419 2064 1478 2107 16

425 2166 432 2171 .
489 2122 882 2172 Grandiuscnlus.
962 2124 1078 2171 Fere
1155 2122 1484 2185 grandiuscula

420 2185 717 2299 (Ἢέζω
731 2186 1036 2297 Ρὲἷὶἰὶῖξξ
1049 2185 1342 2296 ”ὲῖ“ξ.ἓ;ἑζ;
1355 2189 1483 2296 Ξ·ἐὲ

423 2315 570 2379 gratia
611 2312 707 2361 Eu.
725 2313 794 2371 iv,
813 2317 860 2363 6.
884 2317 945 2361 12
979 2313 1068 2361 Est
1090 2312 1181 2360 Dis
1203 2313 1352 2375 gratia
1386 2312 1480 2362 Ad.

423 2379 459 2440 i,
477 2383 526 2428 2.
547 2382 628 2427 41.
653 2381 718 2426 68
763 2375 935 2439 Neque
969 2377 1061 2425 alio
1097 2383 1238 2440 pacto
1261 2377 1483 2439 componi

423 2448 582 2507 potest
602 2441 724 2490 inter
744 2455 823 2489 eas
845 2439 992 2504 gratia
1025 2441 1120 2490 He.
1138 2440 1208 2498 iii,
1225 2447 1274 2490 6.
1297 2446 1362 2491 29
1395 2439 1484 2488 Est

422 2522 610 2570 magna,
634 2513 832 2560 ecastor,
856 2505 1004 2568 gratia
1027 2507 1090 2554 de
1112 2506 1226 2566 istac
1251 2521 1317 2568 re,
1339 2521 1480 2570 quam

425 2571 510 2619 tibi
553 2571 752 2618 habeam
802 2569 896 2619 He.
921 2587 968 2630 v,
988 2576 1036 2620 1.
1061 2573 1124 2619 u
1156 2570 1204 2616 Si
1227 2570 1333 2632 quis
1367 2570 1482 2632 quid

424 2635 597 2690 reddit,
619 2650 788 2698 magna
807 2634 1026 2681 habenda
1047 2639 1119 2680 est
1141 2633 1288 2695 gratia
1334 2632 1427 2680 Ph.
1447 2633 1484 2694 i,

424 2703 475 2750 2.
498 2704 531 2747 6
577 2698 691 2746 Non
722 2703 879 2761 potest
901 2699 1012 2745 satis
1032 2713 1116 2760 pro
1139 2697 1306 2744 merito
1329 2695 1485 2744 referri

426 2762 577 2827 gratia
608 2762 701 2811 Ph.
723 2762 777 2819 ii,
798 2766 848 2811 2.
866 2764 931 2811 23
968 2761 1090 2809 Cum
1109 2760 1148 2806 is
1161 2759 1278 2807 nibil
1298 2775 1483 2822 prome-

420 2825 1063 2939 ;“121;z⁸²¹;}2¹5d130÷522‡
1085 2822 1485 2936 aerarias:

463 2926 478 2946 s
538 2922 551 2937 ·
956 2921 972 2944 s
1467 2922 1484 2947 s

426 2969 484 3001 ac
507 2953 628 3016 Syro
662 2952 778 2999 nihil
816 2951 974 3015 gratim
1028 2949 1151 2997 Hea.
1173 2965 1220 3005 v,
1242 2954 1290 2998 2.
1315 2954 1380 2999 46
1426 2949 1486 2997 Id

429 3025 610 3080 gratum
635 3016 778 3063 fuisse
811 3015 1056 3062 advorsum
1096 3020 1160 3070 te,
1195 3013 1346 3060 habeo
1386 3029 1487 3076 gra-

429 3080 545 3128 tiam
576 3079 640 3128 A.
663 3080 696 3136 i,
723 3084 769 3128 1.
791 3083 879 3154 86.
903 3077 1192 3128 Jamdudum
1214 3093 1286 3124 res
1305 3076 1491 3125 reduxit

427 3140 1123 3270 ssssemrgagfisstzssueta:
1127 3144 1296 3252 ’13:1er
1311 3140 1488 3262 fffigge

431 3273 517 3320 nt?
568 3273 663 3322 Eu.
686 3273 738 3334 ii,
758 3276 806 3321 3.
827 3275 892 3322 93
942 3268 1121 3323 Adibo,
1159 3276 1302 3332 atque
1333 3270 1394 3318 ab
1430 3284 1488 3317 eo

430 3337 628 3401 gratiam
648 3336 772 3382 hanc
806 3335 940 3382 inibo
987 3333 1078 3380 Eu.
1101 3333 1168 3389 iii,
1191 3339 1242 3383 6.
1265 3338 1298 3381 9
1343 3333 1486 3381 Inve-

428 3400 556 3448 niam
613 3399 660 3446 ol
679 3400 742 3446 ho
751 3398 848 3454 die,
871 3411 1031 3460 parem
1051 3397 1133 3444 ubi
1154 3398 1346 3445 referam
1386 3413 1488 3461 gra·

429 3463 546 3512 tiam
625 3479 671 3511 u.
690 3462 756 3518 iv,
781 3466 828 3510 4.
849 3466 914 3510 62
964 3462 1110 3526 Spero
1131 3467 1348 3508 aeternam
1373 3461 1492 3508 inter

430 3543 528 3640 :²512
551 3524 1491 3654 ffiflffiri‘ss‘g‘.Egrititss‘efflssffvifif‘i

433 3655 571 3704 Bene
608 3655 794 3702 fecistiz
864 3654 1027 3701 ratiam
1052 3652 1205 3700 habeo
1227 3667 1492 3701 maxumam

432 3717 530 3766 Eu.
551 3734 602 3780 v,
623 3723 673 3766 9.
693 3722 755 3766 61
877 3732 954 3774 ve,
992 3733 1054 3766 ne
1090 3716 1256 3765 falsam
1296 3717 1490 3778 gratiam

433 3783 625 3830 studeas
659 3780 779 3827 inire
833 3780 954 3828 Hea.
989 3781 1042 3842 ii,
1077 3784 1126 3828 3.
1165 3787 1226 3831 61
1277 3779 1489 3829 Gratiam

432 3847 588 3894 habeo
638 3843 737 3892 Ad.
776 3858 823 3899 v,
861 3849 908 3892 6.
939 3849 972 3893 6
1020 3843 1125 3906 Ego
1164 3845 1350 3908 lepidus
1382 3845 1491 3892 ineo

435 3911 634 3976 gratiam
665 3907 764 3956 Ad.
787 3922 835 3963 ν,
857 3910 907 3956 7.
933 3911 995 3955 16
1043 3907 1278 3958 Omnibus
1300 3909 1491 3972 gratiam

432 3975 615 4024 habeoe
638 3979 690 4020 et
705 3985 912 4019 seorsum
930 3970 1019 4018 tibi
1040 3972 1136 4020 Ad.
1153 3992 1201 4030 v,
1218 3977 1266 4022 9.
1285 3977 1346 4022 14
1369 3972 1491 4019 Iram

432 4037 693 4150 {predieslz
721 4050 923 4148 ἧιιηῧῳ
953 4035 1006 4082 in
1047 4037 1238 4147 giratiarlr:
1261 4036 1494 4148 brgstitluizs

485 4117 532 4152 e·
552 4116 625 4158 lu,
681 4133 696 4148 ο
885 4113 928 4146 u
967 4113 1048 4162 gn
1085 4115 1161 4147 ‘m
1232 4115 1261 4147 a
1321 4115 1351 4147 0
1479 4129 1494 4146 0

388 4162 393 4167 ’
433 4165 506 4223 iii,
525 4169 655 4218 2.ss
703 4164 814 4212 Sine
849 4163 1008 4212 labore
1031 4163 1160 4212 hanc.
1175 4164 1384 4227 gratiam,
1428 4170 1496 4219 te,

436 4235 493 4276 ut
525 4229 616 4278 sibi
637 4229 724 4277 des
742 4243 827 4292 pro
849 4227 950 4288 illa,
976 4242 1104 4276 nunc
1125 4237 1258 4292 rogat
1299 4227 1396 4276 He·
1418 4226 1500 4290 iii,

437 4293 488 4346 3.
506 4297 586 4348 30,
620 4291 765 4342 Nunc
803 4291 891 4340 tibi
930 4307 1006 4340 me
1027 4299 1204 4342 certum
1227 4299 1300 4342 est
1333 4299 1500 4341 contra

495 4371 670 4436 Delph.
689 4379 739 4424 et
765 4373 881 4426 γαν.
905 4373 1036 4424 Clas.

2310 428 2599 496 cxxxvii

1628 592 1741 641 tiam
1782 589 1948 639 referre
1992 588 2085 639 He.
2124 590 2189 655 iv,
2220 597 2271 643 2.
2308 594 2341 643 7
2392 592 2599 643 Evenit}

1577 658 1697 705 abeo
1720 656 1913 719 gratiam
1969 654 2063 703 Dis
2102 655 2197 706 Hc.
2228 658 2295 714 iv,
2330 661 2381 706 4.
2418 662 2477 706 31
2537 658 2603 707 Ut

1545 721 1740 785 gratiam
1763 720 1892 767 ineat
1912 718 2012 766 sine
2036 735 2119 767 suo
2144 720 2391 783 dispendio
2437 721 2529 772 He.
2552 738 2603 781 v,

1546 788 1595 833 2.
1618 789 1683 834 29
1730 782 2018 845 Referetque
2053 784 2246 846 gratiam
2269 785 2313 831 ei
2361 784 2453 835 He.
2480 803 2528 842 v,
2550 792 2601 837 2.

1547 852 1613 897 32
1662 846 1783 894 Amo
1818 854 1882 903 te,
1920 855 1970 894 et
1999 863 2095 894 non
2134 846 2412 911 neglexisse.
2448 850 2601 899 habeo

1547 910 1742 974 gratiam
1776 910 1867 958 Ph.
1887 908 1925 966 i,
1949 916 1996 959 2.
2023 916 2054 959 4
2088 910 2243 959 Nemo
2266 912 2377 959 satis
2402 928 2482 975 pro
2506 928 2603 961 me-

1548 977 1637 1022 rito
1658 975 1849 1038 gratiam
1873 976 1968 1036 regi
1986 975 2125 1021 refert
2156 975 2244 1022 Ph.
2262 976 2313 1031 ii,
2331 980 2378 1025 2.
2400 980 2463 1025 24
2497 976 2603 1039 Ego

1548 1039 1759 1101 redigam
1796 1052 1879 1085 vos
1916 1039 1965 1084 in
2008 1038 2199 1100 gratiam
2254 1039 2342 1086 Ph.
2383 1055 2427 1094 v,
2456 1044 2506 1090 7.
2538 1045 2602 1090 73

1549 1101 1740 1150 Redeat
1772 1116 1882 1149 sane
1917 1102 1965 1148 in
1999 1102 2191 1167 gratiam
2248 1104 2338 1151 Ph.
2376 1119 2422 1159 v,
2460 1108 2507 1151 8.
2539 1109 2605 1154 46

1549 1166 1671 1216 Cum
1692 1167 1835 1228 istuc,
1873 1166 1999 1229 quod
2024 1165 2231 1227 postulo,
2264 1167 2463 1230 impetro
2496 1182 2603 1214 curn

1551 1230 1701 1293 gratia
1746 1230 1810 1277 A.
1832 1230 1883 1285 ii,
1906 1236 1953 1279 6.
1976 1234 2034 1277 11
2100 1228 2281 1289 Credit,
2317 1246 2373 1277 ea
2410 1246 2485 1277 me
2527 1231 2604 1279 hic

1549 1294 1777 1351 restitisse
1800 1292 1947 1356 gratia
1978 1292 2041 1342 A.
2060 1293 2113 1348 ii,
2137 1298 2184 1341 6.
2210 1298 2242 1343 2
2274 1294 2365 1341 Sed
2385 1310 2438 1339 ea
2459 1296 2609 1357 gratia

1551 1358 1785 1415 simulavi,
1808 1372 1893 1403 vos
1921 1365 1973 1403 ut
2008 1364 2315 1420 pertentarem
2365 1356 2431 1403 A.
2465 1358 2534 1413 iii,
2558 1364 2609 1409 4.

1552 1426 1584 1470 8
1632 1422 1917 1484 Nuptiarum
1940 1422 2086 1483 gratia
2115 1422 2215 1469 haec
2255 1429 2363 1467 sunt
2384 1422 2509 1469 ficta·
2541 1423 2606 1471 A.

1552 1502 1601 1547 v,
1623 1491 1671 1535 1.
1696 1490 1755 1535 17
1804 1485 1898 1532 Sed
1934 1486 2025 1532 huc
2062 1500 2159 1561 qua
2192 1486 2339 1548 gratia
2374 1492 2420 1533 te
2441 1487 2608 1534 arcessi

1547 1547 1686 1611 jussi,
1711 1548 1922 1597 ausculta
1968 1547 2061 1595 Eu.
2080 1564 2115 1605 ι,
2137 1552 2187 1597 2.
2212 1553 2275 1597 19
2322 1548 2427 1613 Ego
2446 1551 2606 1597 exclu-

1553 1615 1666 1661 dor:
1717 1613 1798 1660 ille
1818 1612 2072 1675 recipitur:
2122 1626 2215 1675 qua
2238 1613 2417 1674 gratia?
2456 1613 2548 1663 Eu.
2570 1612 2608 1671 i,

1552 1680 1601 1726 2.
1624 1682 1689 1726 79
1707 1676 1777 1723 Ea
1800 1676 1944 1740 gratia
1962 1692 2117 1723 secum
2135 1677 2384 1724 adduxisse
2405 1676 2526 1724 Hea.
2542 1677 2608 1733 iv,

1554 1748 1604 1789 6.
1626 1746 1690 1790 20
1736 1739 1893 1788 Credo
1925 1755 1981 1787 ea
2003 1740 2149 1801 gratia
2184 1742 2438 1788 concordes
2462 1740 2606 1805 magis

1554 1805 1654 1853 fore
1702 1804 1796 1852 He.
1818 1802 1885 1860 iv,
1908 1808 1956 1851 3.
1981 1808 2039 1853 11
2106 1803 2362 1867 Nunquam
2400 1805 2605 1851 animum

1587 1869 1725 1917 uaesti
1748 1868 1894 1930 gratia
1915 1868 1975 1915 ad
2012 1866 2152 1914 malas
2186 1869 2415 1916 adducam
2454 1876 2609 1931 partes

1606 1948 1653 1981 e.
1675 1948 1722 1987 v,
1742 1936 1789 1980 3.
1813 1936 1878 1980 38
1926 1930 2057 1978 Inter
2093 1946 2176 1978 vos
2216 1932 2283 1979 sic
2316 1933 2417 1979 haec
2450 1933 2608 1994 potius

1557 2011 1664 2044 cum
1686 1995 1811 2042 bona
1833 2003 1885 2043 ut
1906 2002 2247 2057 componantur
2268 1997 2431 2059 gratia,
2466 2010 2607 2057 quam

1557 2074 1665 2107 cum
1686 2059 1844 2106 mala?
1880 2060 1969 2107 Ph.
1988 2059 2054 2114 iv,
2073 2064 2124 2108 3.
2152 2064 2210 2107 17
2243 2058 2336 2106 Dis
2360 2059 2436 2122 pol
2457 2060 2609 2106 habeo

1557 2123 1728 2187 gratias
1775 2122 1838 2171 A.
1861 2122 1927 2177 iv,
1950 2126 1999 2170 4.
2020 2127 2082 2169 31
2116 2122 2321 2184 Magnas
2343 2139 2450 2169 vero
2472 2137 2611 2185 agere

1557 2186 1728 2248 gratias
1757 2184 1901 2231 Thais
1935 2186 2083 2232 mihi?
2119 2184 2209 2235 Eu.
2231 2184 2306 2247 iii,
2331 2191 2375 2235 1.
2403 2190 2430 2234 1
2464 2185 2609 2241 Mihi,

1555 2248 1713 2311 quiid
1736 2248 1969 2296 dedissem
2008 2249 2274 2304 consilium,
2311 2248 2410 2311 egit
2441 2249 2611 2311 gratias

1557 2313 1656 2360 Ad.
1677 2311 1749 2367 iii,
1766 2316 1815 2360 3.
1840 2316 1901 2361 14
1952 2310 2011 2358 Id
2033 2313 2146 2375 quia
2164 2327 2261 2358 non
2283 2322 2355 2359 est
2371 2328 2399 2359 a
2420 2328 2494 2360 me
2512 2311 2611 2361 fac‘-

1557 2384 1675 2433 tum,
1697 2376 1797 2439 agis
1819 2376 2020 2439 gratias?
2053 2375 2151 2423 Ad.
2172 2375 2241 2432 iv,
2258 2380 2305 2423 3.
2328 2382 2357 2425 6
2393 2375 2483 2423 Dis
2508 2392 2610 2439 gra-

1556 2441 1648 2489 tias
1669 2441 1854 2503 agebat,
1878 2447 2063 2503 tempus
2084 2440 2177 2488 sibi
2213 2440 2315 2488 dari
2359 2438 2449 2488 Ph.
2470 2441 2537 2498 iv,
2559 2446 2609 2494 2.

1555 2510 1590 2555 6
1637 2504 1728 2552 Dis
1765 2520 1837 2551 ma
1908 2519 1957 2552 as
1978 2506 2143 2553 merito
2164 2503 2333 2568 gratias
2355 2506 2521 2558 habeo,
2541 2513 2612 2552 at—

1557 2584 1652 2632 que
1670 2584 1761 2632 ago
1810 2567 1851 2616 P
1888 2603 1901 2618 .
1922 2585 1970 2626 v,
1992 2574 2040 2620 7.
2063 2575 2089 2618 1
2143 2569 2320 2631 Aliquo
2341 2569 2614 2632 abjicienda

1557 2640 1662 2693 est;
1710 2632 1749 2678 si
1772 2648 1867 2679 non
1890 2633 2060 2695 pretio,
2082 2639 2132 2678 at
2154 2633 2313 2692 gratiis
2357 2632 2454 2680 Ad.
2475 2633 2540 2689 iv,
2562 2637 2612 2683 7.

1558 2701 1627 2745 26
1678 2695 1749 2743 Ut
1783 2696 2033 2759 phaleratis
2070 2697 2209 2743 dictis
2244 2696 2389 2743 ducas
2427 2713 2520 2753 me,
2560 2703 2612 2744 et

1558 2775 1710 2806 meam
1732 2759 1898 2807 ductes
1918 2760 2107 2820 gratiis?
2142 2759 2232 2807 Ph.
2254 2759 2325 2815 iii,
2348 2764 2395 2807 2.
2418 2765 2479 2808 15

1626 2822 1863 2872 Gratulor.
1928 2822 2177 2870 Salutant:
2212 2823 2272 2869 ad
2313 2837 2491 2870 coenam
2528 2837 2613 2869 vo·

1560 2894 1701 2935 cant:
1738 2887 1991 2933 adventum
2035 2886 2324 2949 gratulantur
2376 2885 2467 2932 Eu.
2490 2887 2541 2941 ii,
2564 2891 2611 2935 2.

1561 2955 1627 2999 28
1661 2948 1797 2996 ohe!
1826 2949 1926 3012 jarn
1953 2951 2115 2998 desine
2150 2949 2299 3006 Deos,
2336 2964 2469 3012 uxor,
2508 2965 2611 3014 gra·

1561 3014 1758 3060 tulando
1779 3015 2038 3062 obtundere
2070 3014 2192 3062 Hea-
2214 3031 2262 3074 v,
2286 3017 2332 3062 1.
2354 3018 2387 3062 6

1628 3076 1822 3139 Gratus,
1854 3093 1901 3134 a,
1924 3093 2017 3124 um.
2082 3079 2345 3124 Memorem
2374 3093 2449 3124 me
2482 3077 2614 3126 dices

1563 3149 1975 3253 mshffiffi
1991 3140 2237 3260 *ἑὶῗιίἑυὲὁ
2256 3139 2614 3268 ἒῗωῖῗέῗῗῗ

1567 3275 1613 3319 1.
1636 3274 1695 3318 16
1754 3269 1910 3325 Quam
1932 3271 2021 3318 boc
2044 3283 2213 3316 munus
2246 3277 2424 3332 gratum
2444 3268 2615 3316 Thaidi

1563 3333 1783 3380 arbitrare
1822 3334 1955 3380 esse?
2008 3333 2099 3380 Eu.
2120 3334 2170 3388 ii,
2193 3338 2241 3382 2.
2262 3336 2325 3381 44
2371 3332 2440 3380 Te
2479 3333 2615 3380 turba

1564 3397 1769 3453 evolves,
1790 3404 1842 3444 et
1861 3397 1931 3445 illi
1954 3406 2131 3460 gratum
2155 3397 2319 3446 feceris
2362 3396 2455 3444 Eu.
2475 3396 2540 3454 iv,
2562 3401 2612 3447 4.

1563 3466 1629 3510 56
1675 3461 1813 3516 Tum,
1853 3477 1960 3508 cum
1996 3470 2176 3524 gratum
2216 3460 2332 3508 rnihi
2376 3477 2476 3508 esse
2524 3477 2610 3524 po·-

1565 3524 1673 3580 tuit.
1692 3524 1823 3572 nolui
1856 3525 1977 3573 Hea.
2000 3526 2051 3584 ii,
2072 3530 2121 3574 3.
2144 3529 2203 3574 21
2254 3524 2331 3572 Ne
2366 3525 2417 3572 id
2457 3539 2613 3571 assen-

1565 3588 1699 3635 tandi
1729 3588 1891 3650 magis,
1911 3605 2052 3653 quam
2073 3604 2168 3652 quo
2190 3589 2386 3636 habeam
2414 3597 2611 3650 gratum,

1563 3652 1719 3700 facere
1740 3653 1991 3700 existumes
2043 3653 2138 3700 Ad.
2160 3653 2215 3710 ii,
2234 3657 2284 3702 4.
2300 3657 2334 3701 6
2378 3650 2466 3697 Est
2494 3651 2614 3700 istuc

1565 3718 1728 3764 datum
1751 3717 1979 3779 profecto,
2002 3726 2056 3764 ut
2092 3724 2220 3792 grata
2240 3715 2353 3763 mihi
2374 3715 2483 3770 sint,
2506 3729 2613 3776 quo

1564 3780 1706 3838 facio,
1740 3780 1899 3827 omnia
1942 3779 2035 3826 Eu.
2056 3781 2126 3840 iii,
2152 3785 2198 3829 1.
2222 3784 2255 3829 6
2278 3779 2463 3839 Cuique
2484 3784 2621 3825 erant

1563 3852 1697 3907 grata
1716 3844 1891 3900 omnia,
1913 3843 2195 3906 proterruisti
2227 3843 2337 3890 hinc
2385 3842 2508 3889 Hea.
2546 3841 2619 3897 iii,

1567 3913 1615 3957 1.
1636 3913 1703 3956 36
1757 3907 2026 3970 Eademque
2065 3916 2119 3955 ut
2155 3912 2278 3954 esset
2298 3907 2427 3968 apud
2465 3913 2513 3952 te
2552 3905 2615 3952 ob

1565 3973 1657 4020 hoc
1676 3986 1818 4034 quam
1840 3973 2097 4035 gratissima
2129 3969 2251 4020 Hea.
2272 3970 2328 4026 ii,
2350 3973 2399 4018 3.
2424 3973 2517 4018 127

1630 4034 1882 4094 Gravidus,
1903 4051 1932 4083 a
1952 4052 2048 4085 um.
2114 4034 2233 4082 Haec
2268 4033 2449 4081 Andria
2467 4031 2617 4095 gravi-

1565 4100 1631 4147 da
1650 4115 1679 4148 e
1700 4100 1951 4163 Pamphilo
1973 4108 2046 4147 est
2076 4097 2141 4147 A.
2165 4100 2197 4156 i,
2220 4102 2271 4148 3.
2294 4102 2353 4147 11
2386 4096 2533 4160 Virgo
2556 4111 2615 4144 ex

1565 4179 1625 4276 {o
1654 4178 1919 4276 {zmffimsu
1956 4163 2146 4274 gravi&
2178 4163 2309 4272 t'ucltfia¹
2323 4167 2395 4209 est
2425 4160 2535 4273 Add
2547 4160 2617 4216 iii,

1602 4261 1617 4274 .
1824 4243 1894 4276 aee
1932 4243 1982 4276 se
2022 4243 2049 4275 e
2136 4242 2209 4275 am
2313 4240 2342 4272 o
2459 4238 2501 4271 vt
2538 4240 2615 4272 am

1567 4290 1688 4338 dixit
1705 4306 1806 4340 essa
1855 4291 1921 4340 Δ.
1936 4291 2006 4349 iii,
2026 4295 2075 4342 2.
2095 4295 2158 4341 33
2208 4239 2517 4339 {iemingizin’
2540 4301 2613 4335 me

1395 4373 1507 4423 Ina.
1531 4371 1726 4423 Terent.
2442 4370 2486 4419 S
