3192 4975
568 377 742 443 1606
768 367 771 375 ¹

631 531 924 593 Bonitasque
943 530 1122 595 uestra]
1155 530 1238 583 Ne
1262 538 1428 583 totum
1451 534 1617 583 aeto-ri

564 606 817 663 tribuens,
839 606 962 657 nihil
984 608 1177 669 populo
1198 613 1394 671 praeter
1411 609 1617 671 culpam

564 684 830 748 reliquisse
856 683 1158 741 -videretur,
1211 684 1422 735 honoris
1464 696 1617 735 causa

1273 392 1490 441 norm
1541 393 1935 441 vammum
1984 394 2064 441 ιΝ
2089 360 2101 367 ’

1694 533 1793 583 hoc
1816 530 2044 583 addidit.
2081 532 2233 584 Idem.

1758 606 2017 671 Adiutans]
2050 606 2139 657 Sic
2174 613 2378 657 veteres
2418 607 2599 661 dicere
2640 623 2747 659 ma·

1694 683 1924 747 luerunt,
1947 697 2101 747 quam
2123 682 2369 743 adiuvans.
2400 683 2566 733 Idem.

1420 838 1728 939 Ac'rtis
1818 874 1878 937 1.

629 1046 812 1096 Scmu
849 1060 892 1096 1.
962 1047 1181 1097 Constat
1232 1047 1460 1097 senariis
1501 1046 1618 1097 haec

501 1188 506 1193 ·
565 1138 737 1177 scena.
769 1129 910 1175 vsa.
948 1126 1078 1173 Mes.
1121 1126 1174 1173 1ιὶ
1205 1125 1284 1187 qui
1323 1124 1478 1173 minus
1509 1122 1621 1172 hab.

567 1213 644 1248 vs.
669 1204 749 1251 ll.
777 1214 992 1261 omues,
1023 1200 1242 1263 arripiet.
1267 1214 1337 1249 vs.
1362 1203 1443 1248 12.
1486 1200 1619 1262 duo;

566 1280 740 1336 quanto
763 1274 857 1325 lab.
876 1276 944 1324 sit
962 1280 1166 1336 partum.
1208 1275 1490 1323 Boeclerus.

631 1349 830 1399 Amicus
861 1365 1066 1399 swnmus
1101 1365 1244 1413 meus,
1281 1355 1330 1397 et
1353 1346 1619 1412 popularis]

564 1424 707 1487 ,Quod
727 1426 779 1473 in
808 1426 1022 1475 omnibus
1030 1425 1140 1485 fere
1155 1425 1406 1483 comoediis,
1439 1426 1490 1472 in
1512 1426 1617 1487 qui—

568 1498 652 1547 hus
669 1501 894 1561 perplexa
913 1508 1198 1561 argumenta
1217 1501 1472 1563 sunt,fieri
1484 1502 1617 1560 solet,

561 1575 616 1633 sid
649 1574 703 1622 in
733 1576 822 1624 hac
855 1590 1034 1638 quoque
1079 1577 1530 1625 Terentimservat:
1561 1582 1618 1623 ut

562 1649 844 1711 eperum-mou
876 1650 1140 1714 πρόσωπον,
1175 1652 1230 1699 ia
1247 1658 1340 1714 est,
1367 1666 1617 1715 personam

561 1730 704 1775 extra
723 1732 1066 1791 argumentum,
1085 1728 1278 1776 inducat
1290 1744 1306 1776 .·
1339 1728 1416 1777 cai
1429 1729 1539 1777 dum
1557 1728 1615 1775 ob

561 1800 648 1849 hoc
667 1803 836 1863 ipsum,
853 1804 972 1865 quod
988 1804 1136 1851 veluti
1157 1802 1312 1851 aliena
1333 1807 1434 1854 tota
1444 1801 1616 1861 fabula

561 1880 651 1937 est,
669 1881 806 1936 gesta
835 1892 910 1925 res
945 1883 1190 1933 narratur,
1227 1878 1385 1925 discat
1414 1878 1614 1940 populus

559 1956 747 2001 textum
765 1968 827 2001 ex
841 1953 1130 2001 continentia
1162 1966 1340 2011 rerum,
1357 1951 1515 2013 sitque
1535 1952 1613 1999 in-

559 2032 769 2075 structus
805 2030 868 2076 ad
887 2033 1058 2075 cetera.
1121 2027 1186 2075 In
1208 2027 1294 2073 hac
1313 2040 1470 2085 scena,
1509 2041 1615 2087 quoe

559 2103 756 2151 docendi
775 2106 914 2163 atque
931 2101 1198 2151 instruendi
1217 2099 1495 2161 spectatoris
1504 2115 1613 2148 cau-

560 2194 616 2227 sa
649 2178 914 2239 inducitur,
949 2179 1066 2227 mire
1107 2178 1402 2225 extrinsecus
1436 2176 1617 2237 lepores

547 2252 832 2317 facetiaeque
844 2260 1098 2303 cernuntur
1118 2262 1166 2303 et
1185 2256 1308 2301 sales
1325 2253 1504 2315 comici.
1554 2253 1618 2301 Id

559 2328 686 2377 enim
712 2333 784 2377 est
817 2328 939 2375 artis
973 2327 1204 2384 Poe'ticae,
1238 2330 1292 2374 ut
1330 2340 1470 2388 quum
1503 2340 1615 2373 nar·

559 2402 739 2453 rationi
790 2402 1062 2461 argumenti
1114 2403 1253 2450 detur
1293 2415 1466 2462 opera,·
1504 2400 1615 2461 jam

558 2484 716 2528 tamen
745 2494 821 2528 res
855 2478 941 2540 agi
977 2483 1026 2527 et
1053 2478 1276 2528 comoedia
1307 2478 1508 2540 spectari
1541 2478 1616 2526 vi-

557 2555 739 2602 deatur.
773 2555 1029 2604 Donatus.

625 2633 652 2676 1
687 2628 882 2677 Amicus
901 2641 1272 2688 summus-meus,
1305 2633 1353 2676 et
1373 2629 1615 2690 popularis

561 2702 716 2765 Geta]
751 2703 1038 2752 Insinuatio
1061 2716 1301 2764 personae
1325 2703 1452 2765 ejus,
1493 2719 1610 2766 quae

551 2776 818 2826 inducitur
830 2777 894 2824 ad
912 2775 1222 2824 audiendum
1237 2785 1611 2838 argumentum.

557 2851 630 2900 Et
651 2849 769 2898 vide
803 2864 1009 2898 servum
1047 2849 1252 2898 ostendi
1279 2852 1512 2898 Davum:
1555 2860 1611 2900 et

556 2941 659 2976 non
685 2925 890 2976 ostendi
907 2926 1049 2988 cujus
1073 2938 1252 2974 servus
1277 2925 1364 2974 sit.
1399 2925 1546 2975 Idem.

621 3002 821 3050 Amicus
837 3013 1039 3048 summus
1069 2999 1220 3060 meus]
1255 3000 1424 3048 Causa
1443 3001 1609 3049 curin

559 3091 767 3130 scenam
789 3074 1254 3138 procedat-Davus.
1299 3074 1450 3122 Idem.

616 3153 840 3214 Amicus]
875 3153 920 3198 A
944 3153 1234 3202 voluntate.
1268 3151 1419 3199 Idem.

621 3227 902 3290 Popularis]
958 3226 1005 3289 ᾼ
1047 3224 1273 3272 fortuna.
1337 3225 1613 3285 Popularis,

558 3302 790 3364 ejusdem
813 3299 1122 3348 conditionis
1159 3299 1442 3361 gentisque.
1495 3300 1607 3348 Sal-

559 3376 762 3436 lustius,
803 3378 820 3404 ⁸
840 3371 1112 3434 Popularia
1137 3371 1476 3420 suisceleria!
1537 3375 1609 3422 Et

554 3449 810 3514 popularis,
833 3447 1024 3509 populo
1047 3453 1264 3507 amatus,
1296 3456 1350 3494 et
1368 3449 1610 3508 popularis

555 3526 701 3586 civia,
725 3531 780 3572 et
796 3521 1037 3586 popularis
1054 3520 1276 3581 humilis,
1310 3528 1364 3569 et
1369 3522 1610 3584 popularis

556 3600 692 3662 vilis,
715 3613 744 3646 e
767 3597 1058 3660 populoque
1094 3593 1296 3644 factus:
1334 3603 1394 3644 ut
1429 3597 1606 3660 siquis

558 3675 700 3730 dicat
721 3671 1004 3732 sordidum,
1037 3670 1052 3696 ‘
1073 3671 1378 3733 popularem
1401 3673 1606 3722 civem!

554 3751 708 3799 Idem.

620 3822 817 3872 Amicus
837 3834 1042 3870 summus
1065 3819 1215 3881 meus]
1251 3823 1427 3880 Davus
1455 3829 1607 3872 extra

554 3899 684 3948 duas
715 3895 934 3944 familias
955 3894 1238 3956 inducitur,
1279 3911 1393 3958 quae
1426 3897 1478 3944 in
1511 3898 1607 3948 hae

555 3977 678 4021 suut
713 3969 906 4030 fabula,
939 3969 1153 4030 alienus,
1189 3984 1251 4018 ac
1275 3984 1366 4032 per
1399 3971 1496 4020 hoc
1529 3973 1604 4035 ig-

553 4060 727 4102 narus,
760 4045 844 4093 cui
866 4050 1042 4094 narret
1062 4044 1200 4093 Geta
1229 4055 1604 4107 argumentum,

554 4123 704 4172 Idem.

619 4199 650 4244 2
685 4194 813 4244 Heri
845 4195 907 4242 ad
939 4209 1012 4245 me
1049 4193 1202 4257 venit]
1236 4193 1473 4261 Apparet
1491 4197 1604 4250 heri

1699 1044 1861 1116 fuisse
1880 1047 2103 1108 nuptias.
2136 1049 2289 1097 Idem.

1762 1120 1893 1169 Heri
1922 1122 1983 1169 ad
2016 1137 2089 1170 me
2129 1124 2281 1185 venit]
2312 1123 2539 1186 Propter
2560 1135 2747 1184 cogna-

1698 1198 1891 1255 tionem
1914 1198 1964 1245 E
1986 1204 2042 1246 et
2063 1198 2097 1245 Ι
2114 1199 2395 1263 literarum,
2426 1214 2524 1247 uon
2548 1198 2750 1247 dubita-

1700 1279 1887 1319 verunt
1912 1272 2111 1335 antiqui
2142 1280 2197 1323 et
2218 1274 2327 1323 here
2347 1280 2403 1323 et
2422 1274 2530 1323 heri
2550 1273 2749 1333 dicere,

1699 1352 1754 1393 et
1771 1361 1905 1395 mane
1926 1354 1980 1396 et
2002 1349 2147 1410 mani,
2190 1357 2245 1397 et
2266 1364 2451 1413 vespere
2474 1356 2529 1398 et
2548 1350 2747 1409 vesperi.

1698 1420 1866 1469 Idem.

1702 1527 1707 1532 ·
1764 1497 1889 1544 Erat
1911 1497 1955 1545 ei
1987 1498 2045 1545 de
2082 1498 2375 1560 ratiuncula]
2403 1499 2567 1547 Deest
2606 1511 2715 1545 nam
2729 1512 2745 1543 .·

1698 1570 1789 1619 sed
1813 1572 1941 1621 mire
1965 1572 2287 1621 subtractum
2309 1580 2421 1622 est..
2441 1572 2589 1621 Idan.
2628 1632 2635 1639 ·

1758 1649 1887 1695 Erat
1926 1648 1972 1697 ei
2006 1650 2065 1695 de
2080 1647 2381 1709 ratiuncula]
2435 1648 2749 1709 Opportuna

1696 1721 1970 1771 diminutio
2004 1723 2055 1771 iu
2088 1738 2145 1771 re
2168 1723 2362 1784 servili,
2396 1722 2661 1775 ratiuncula
2690 1727 2746 1769 et

1690 1798 2021 1861 pauxillulum.
2052 1797 2216 1847 Idem.

1758 1875 1883 1921 Erat
1906 1874 2029 1921 eide
2048 1871 2339 1933 ratiuncula]
2372 1871 2649 1921 Moraliter
2672 1870 2747 1927 in,-

1692 1952 1833 2013 tulit,
1870 1957 1976 2001 erat
1998 1953 2057 2000 ei.
2091 1953 2252 2013 magis
2274 1951 2407 1999 enim
2443 1950 2667 1999 facetum
2690 1955 2747 1997 et
2837 1993 2843 2017 ,Ι

1694 2026 1940 2075 comicum
1964 2033 2061 2089 est,
2100 2042 2253 2089 quum
2292 2024 2550 2075 ἀσυνδέτως
2585 2024 2744 2085 infcr7

1694 2106 1801 2162 tur,
1844 2116 1996 2165 quam
2038 2102 2082 2149 si
2125 2101 2345 2165 diceret,
2389 2118 2497 2153 nam
2535 2110 2639 2153 erat
2682 2102 2743 2150 ei.

1680 2166 1865 2225 ¹Idem.

1762 2254 1791 2299 3
1822 2252 2121 2313 «Iampridem
2138 2254 2265 2314 apud
2284 2266 2355 2301 me
2374 2252 2629 2315 reliquum]
2660 2253 2744 2301 De

1696 2334 1999 2387 argumento
2040 2328 2256 2375 sumitur
2290 2342 2449 2375 causa
2486 2327 2745 2391 colloquii„

1696 2400 1831 2449 Nam
1854 2400 2031 2463 debui,
2054 2402 2239 2464 inquit,
2264 2402 2413 2451 Getae
2434 2417 2448 2450 ε
2486 2412 2541 2451 et
2562 2402 2647 2449 ille
2661 2414 2743 2462 me

1694 2472 1877 2536 exigit,
1900 2481 1960 2524 ut
1981 2483 2281 2526 muneretur
2304 2476 2508 2528 domiuo
2528 2476 2593 2529 ob
2616 2491 2745 2540 nup.

1695 2548 1792 2597 tias
1817 2549 2005 2598 factas.
2041 2551 2193 2599 Idem.
2358 2565 2366 2570 ·
2597 2598 2605 2603 .

1758 2624 2109 2686 Pauxillulnm]
2142 2627 2372 2679 Quartus
2388 2627 2578 2688 gradus
2596 2625 2743 2676 dimi-

1694 2699 1936 2761 nutionis,
1950 2693 2165 2762 ¹paulum,
2180 2703 2441 2764 paululum,
2460 2702 2740 2764 pauxillum,

1686 2773 2016 2836 pauxillulum.
2084 2775 2249 2825 Idem.

1756 2852 1789 2896 4
1824 2849 1883 2896 Id
1900 2855 1954 2897 ut
1976 2849 2270 2914 conficerem]
2293 2851 2540 2912 Ἐλλειψις
2558 2850 2743 2913 prima.

1692 2925 1761 2972 Et
1782 2925 2053 2989 conficerem
2078 2927 2314 2988 proprie:
2353 2941 2471 2974 nam
2494 2926 2635 2974 ‘fieri
2651 2941 2745 2988 pe-

1689 2999 1861 3046 cunia'
1894 3000 2183 3048 dicebatur.
2240 3001 2533 3064 Sallustius,
2557 3001 2585 3060 f
2609 2999 2741 3062 ,Quae

1690 3075 1914 3136 pecunia
1936 3075 2007 3121 ad·
2026 3074 2372 3136 Hispaniense
2398 3075 2607 3124 bellum.
2628 3076 2743 3126 Me.

1692 3139 1817 3194 tello
1842 3145 1985 3194 facta
2019 3145 2171 3194 erat!
2206 3147 2357 3196 Idem.

1760 3219 2069 3283 Conficerem]
2101 3221 2237 3273 Quia
2268 3221 2327 3270 in
2360 3228 2603 3286 promptu
2638 3237 2741 3274 non

1692 3301 1824 3343 erat.
1858 3295 2007 3343 Idem.

1756 3369 2062 3434 conficerem]
2096 3370 2481 3434 compararem,
2502 3381 2741 3436 paratum

1686 3446 1945 3494 haberem.
2004 3446 2113 3496 Cic.
2149 3449 2166 3475 ⁸
2188 3449 2325 3496 Duae
2363 3451 2587 3498 rationes
2620 3465 2738 3499 con—

1688 3521 1925 3571 ficiendae
1960 3523 2214 3586 pecuniae,
2258 3531 2348 3572 aut
2386 3539 2616 3587 versura,
2649 3532 2741 3576 aut

1689 3597 1926 3647 tributo!
1962 3599 2079 3647 vide
2102 3604 2207 3649 act.
2232 3613 2277 3648 v·
2314 3615 2387 3648 sc.
2408 3607 2457 3650 5.
2491 3602 2619 3651 Mer.
2646 3603 2738 3650 Ca-

1686 3674 1931 3724 santonus.

1756 3748 1977 3806 confeci.-
2010 3746 2196 3808 adfero]
2246 3749 2391 3796 Bene
2434 3749 2579 3810 quasi
2623 3750 2737 3798 red·
2775 3797 2793 3818 ⁸

1686 3823 1875 3872 dendae
1938 3836 2112 3885 morae,
2164 3836 2268 3872 non
2312 3822 2524 3886 habere,
2582 3839 2737 3874 eausa

1684 3897 1865 3946 fuerit.
1898 3896 2136 3946 Donatus.
2572 3913 2579 3920 ·

1734 3979 1762 4022 5
1782 3974 1911 4021 Nam
1926 3972 2119 4020 herilem
2117 3971 2302 4036 filium]
2314 3973 2547 4036 Τρόφιμον
2558 3976 2736 4036 Graeci

1684 4047 1883 4097 dieunt.
1932 4052 2089 4109 atque
2122 4048 2256 4096 hand
2296 4050 2423 4113 scio,
2465 4063 2527 4097 an
2564 4051 2735 4101 Latini

1685 4137 1888 4188 quoque
1924 4124 1939 4150 ‘
1965 4122 2223 4172 alumnum
2240 4122 2256 4145 ’
2278 4124 2455 4176 dicere
2478 4133 2739 4191 poterant,

1684 4199 1783 4248 nisi
1806 4199 1902 4248 hoc
1924 4198 2154 4250 mallent.
2186 4199 2337 4250 Idem.
