3192 4975
576 425 762 493 cxliv

575 587 736 637 Heus!
777 584 981 635 Soet-rna
1012 582 1108 635 He.
1150 584 1221 640 iii,
1255 587 1350 635 2.4
1384 584 1512 642 Quid
1543 584 1632 643 ais,

572 650 860 716 Myrrhina?
884 651 1027 697 heus!
1053 649 1136 696 tibi
1161 650 1270 697 dico
1303 646 1397 697 He.
1435 650 1500 710 iv,
1527 655 1577 699 1.
1600 656 1631 700 8

574 716 716 773 Puer,
739 714 884 762 heus!
909 712 1096 761 nemon’
1131 714 1222 761 huc
1246 714 1435 776 prodit?
1471 713 1561 762 Ph.
1593 714 1633 769 i,

574 785 624 829 2.
648 784 742 829 102
792 778 925 825 Heus
946 778 1029 823 tul
1068 791 1184 825 cave
1216 776 1306 827 Ph.
1339 778 1392 833 ii,
1415 781 1460 826 8.
1484 782 1547 825 51
1581 779 1634 827 Si

575 843 691 907 quid
713 856 831 901 opus
855 840 1011 897 fuerit,
1027 840 1144 887 heus
1164 840 1176 886 l
1201 842 1340 888 domo
1360 857 1434 889 me
1468 841 1558 887 Ph.
1579 842 1635 899 ii,

576 911 626 957 8.
649 910 712 955 98
746 903 910 953 Heus!
947 920 1008 952 ne
1031 904 1116 951 filii
1147 905 1336 967 quidem
1369 905 1513 951 nostri
1543 904 1634 954 hoc

573 971 857 1082 ffisfibmni’l
869 967 1097 1078 Volo-blffl'i.
1117 972 1236 1078 ph&
1262 968 1514 1081 ssfistlgeulsl
1533 967 1634 1063 Ge]

741 1050 784 1081 e.
857 1047 930 1081 em
971 1048 990 1078 1
1023 1047 1068 1079 ι.
1194 1063 1208 1079 .
1245 1046 1293 1087 V,
1515 1048 1631 1079 eus.

573 1104 753 1161 quanta
773 1104 950 1160 quanta
970 1110 1074 1143 mea
1097 1102 1346 1157 paupertas
1369 1102 1444 1143 est
1474 1097 1566 1143 Pb.
1587 1112 1636 1158 V,

575 1165 622 1210 7.
642 1166 706 1212 10
738 1160 901 1209 Heus!
936 1159 1248 1216 Nausistrata,
1268 1159 1382 1207 audi
1416 1158 1505 1208 Ph.
1522 1176 1568 1217 V,
1585 1164 1633 1208 8.

638 1286 753 1335 Hic.
788 1284 998 1335 Adverb.
1064 1286 1184 1342 Quis
1203 1286 1281 1334 hic
1299 1286 1504 1349 loquitur
1524 1286 1542 1333 ?
1565 1284 1631 1335 A.

571 1352 609 1407 i,
628 1358 676 1401 5.
697 1356 780 1401 82.
814 1350 906 1401 Eu.
929 1353 967 1411 i,
989 1354 1036 1400 2.
1055 1356 1104 1399 6.
1137 1350 1260 1400 Hea.
1279 1350 1350 1412 iii,
1370 1356 1418 1399 2.
1441 1355 1491 1399 6.
1539 1350 1630 1401 Bb.

573 1433 622 1478 V,
649 1421 694 1467 1.
719 1420 780 1465 12
814 1414 908 1463 Hic
942 1415 1108 1463 reddes
1140 1414 1296 1462 omnia
1330 1414 1524 1462 consilia
1555 1415 1632 1461 in·

572 1487 701 1529 certa
731 1486 782 1526 ut
803 1479 927 1526 sient
957 1478 1020 1526 A.
1041 1479 1096 1539 ii,
1115 1483 1161 1527 8.
1187 1482 1245 1527 15
1280 1479 1330 1527 Si
1345 1478 1420 1525 hic
1435 1477 1634 1529 malleat

573 1544 843 1609 quicquam,
877 1543 984 1591 hem
1019 1542 1114 1591 illic
1146 1550 1219 1590 est
1249 1543 1358 1589 huic
1390 1543 1457 1590 rei
1488 1550 1635 1605 caput

572 1610 639 1655 A.
678 1608 731 1664 ii,
751 1612 802 1656 6.
822 1610 885 1655 27
937 1606 1049 1661 Hic,
1082 1606 1163 1654 ubi
1185 1622 1304 1668 opus
1325 1614 1413 1661 est,
1435 1622 1531 1653 non
1554 1622 1633 1654 ve-

572 1679 761 1719 rentur:
786 1670 900 1726 illic,
921 1671 1004 1717 ubi
1035 1670 1172 1727 nihil,
1206 1670 1273 1717 ibi
1306 1680 1520 1718 verentur
1567 1670 1632 1719 A.

573 1735 638 1797 iv,
661 1741 708 1784 1.
733 1739 794 1783 18
842 1734 917 1781 Tu
939 1734 1114 1797 Mysis,
1136 1749 1382 1797 parumper
1415 1734 1633 1797 opperire

572 1812 649 1845 me
670 1799 766 1847 hic.
784 1796 884 1860 jam
907 1798 1098 1861 inquam
1123 1797 1198 1846 hic
1220 1799 1359 1845 adero
1397 1797 1461 1847 A.
1493 1799 1560 1860 iv,
1580 1802 1632 1845 2.

573 1866 657 1910 81.
681 1866 744 1910 82
797 1861 955 1908 Facile
988 1860 1065 1909 hic
1097 1862 1204 1925 plus
1238 1861 1348 1908 mali
1379 1866 1467 1917 est,
1490 1877 1631 1923 quam

571 1924 674 1972 illic
693 1925 807 1972 boni
841 1926 902 1973 A.
923 1926 987 1979 iV,
1010 1929 1059 1975 3.
1084 1932 1113 1974 5
1145 1925 1240 1972 Hic
1263 1942 1352 1988 ego
1370 1923 1502 1972 illurn
1517 1940 1633 1972 con-

574 1989 707 2037 temsi
733 2003 825 2052 praa
849 2004 922 2035 me
956 1988 1047 2038 Eu.
1082 1989 1135 2045 ii,
1159 1994 1206 2039 2.
1229 1994 1259 2037 8
1305 1989 1480 2051 Ecquis
1516 1989 1631 2036 hic?

573 2052 666 2101 Ch.
689 2052 792 2117 Ego
808 2068 908 2100 sum
921 2051 1143 2100 Chremes
1177 2053 1270 2101 Eu.
1289 2054 1424 2110 iiix..
1443 2056 1509 2101 24
1539 2052 1631 2107 Tu,

573 2118 700 2179 apud
725 2133 809 2164 nos
833 2116 910 2163 hic
935 2132 1088 2170 mane,
1112 2118 1223 2164 dum
1275 2117 1366 2166 Eu.
1397 2116 1470 2176 iii,
1498 2121 1545 2164 8.
1567 2120 1633 2165 28

573 2180 802 2238 Quisnam
821 2181 898 2228 hic
922 2196 948 2227 a
969 2180 1151 2228 Thaide
1170 2180 1300 2229 exit?
1334 2180 1426 2227 Eu.
1443 2181 1517 2237 iii,
1533 2185 1582 2230 4.
1599 2185 1631 2230 7

571 2244 676 2307 Ego
691 2244 974 2307 jamdudum
997 2245 1072 2291 hic
1106 2245 1271 2291 adsum
1305 2243 1397 2292 Eu.
1436 2244 1505 2297 iv,
1525 2248 1575 2292 6.
1597 2250 1628 2291 5

571 2308 739 2355 Minus
759 2307 1010 2354 amicorum
1033 2307 1112 2355 hic
1146 2308 1323 2355 habens
1367 2306 1459 2353 Eu.
1496 2307 1560 2362 iV,
1583 2312 1633 2359 6.

571 2376 636 2421 22
671 2370 768 2419 Hic
787 2386 877 2432 ego
899 2386 978 2416 ero
1000 2378 1110 2432 post
1130 2370 1360 2432 principia
1394 2370 1485 2417 Eu.
1507 2371 1632 2424 iva.

572 2438 634 2484 11
682 2434 792 2483 Jam
823 2434 962 2481 frater
1003 2434 1106 2497 ipse
1138 2434 1214 2481 hic
1257 2433 1407 2481 aderit
1443 2433 1633 2496 virginis

568 2498 664 2548 Eu.
687 2516 736 2555 V,
761 2503 809 2547 2.
831 2502 895 2546 52
944 2497 1089 2544 Domi
1123 2499 1420 2560 opperiamur
1454 2499 1631 2561 potius,

570 2578 713 2626 quam
754 2563 832 2610 hic
875 2571 987 2609 ante
1030 2561 1235 2609 ostium?
1283 2561 1377 2610 Eu.
1416 2577 1462 2618 V,
1499 2566 1547 2610 2.
1567 2568 1632 2612 56

573 2627 727 2684 Quem
751 2625 1035 2689 praestolare,
1057 2625 1306 2683 Parmeno,
1324 2625 1400 2673 hic
1423 2633 1532 2673 ante
1553 2642 1630 2673 os-

571 2692 724 2739 tium?
759 2690 850 2738 Eu.
874 2705 922 2746 V,
943 2695 992 2740 6.
1014 2695 1044 2738 5
1093 2690 1354 2738 Fidicinam
1390 2697 1515 2737 amat
1550 2691 1629 2738 hic

571 2755 768 2804 chaerea
801 2753 890 2802 Eu.
912 2770 959 2811 V,
981 2759 1030 2802 6.
1058 2759 1115 2804 15
1159 2754 1314 2810 Quem
1334 2754 1410 2802 hic
1433 2769 1522 2816 ego
1543 2771 1630 2802 au·

569 2819 687 2867 dio?
722 2818 812 2867 Eu.
838 2835 886 2875 V,
901 2822 951 2867 9.
965 2822 1030 2866 80
1062 2818 1243 2882 Agrum
1261 2819 1308 2864 in
1324 2818 1535 2881 proximo
1550 2819 1630 2867 hic

569 2892 802 2932 mercatu·
839 2899 890 2930 es
939 2881 1063 2933 Hea.
1112 2883 1149 2940 i,
1174 2886 1219 2930 1.
1243 2887 1275 2932 2
1328 2882 1416 2930 Est
1459 2898 1487 2930 e
1531 2883 1629 2930 Co-

567 2947 724 2994 rintho
746 2947 1030 2996 hic-advena
1051 2963 1168 2998 anus
1189 2946 1476 3010 paupercula
1504 2947 1633 2998 Hea.

567 3011 603 3068 i,
631 3015 676 3061 1.
696 3015 763 3061 44
813 3010 1052 3075 Dionysia
1071 3011 1148 3061 hic
1169 3019 1280 3058 sunt
1305 3011 1466 3067 hodie,
1500 3012 1631 3073 apud

569 3090 646 3122 me
667 3075 730 3121 ais
754 3074 861 3122 volo
893 3074 1017 3122 Hea.
1038 3075 1074 3131 i,
1098 3081 1146 3124 1.
1169 3078 1264 3124 110
1296 3074 1435 3122 Illam
1447 3075 1534 3123 tibi
1551 3076 1632 3123 hio

567 3153 598 3186 e
629 3154 658 3187 o
696 3138 944 3186 affuturam
983 3138 1126 3186 hodie
1165 3139 1261 3186 scio
1307 3138 1430 3186 Hea.
1468 3139 1504 3194 i,
1525 3143 1573 3189 2.
1593 3144 1628 3188 2

618 3218 769 3258 creor,
801 3218 862 3250 ne
895 3201 1062 3250 mulier
1092 3217 1167 3249 me
1197 3203 1390 3249 absente
1423 3202 1500 3249 hic
1525 3218 1629 3248 cor·

566 3274 707 3328 rupta
727 3266 790 3313 sit
821 3265 945 3314 Hea.
979 3265 1032 3325 ii,
1049 3269 1100 3313 2.
1124 3270 1157 3314 2
1205 3265 1360 3321 Quam
1396 3279 1486 3328 ego
1520 3281 1628 3314 cum

567 3344 664 3376 una
683 3327 908 3376 ancillula
926 3328 1006 3376 hic
1033 3326 1204 3390 reliqui
1252 3327 1376 3376 Hea.
1412 3327 1467 3391 ii,
1489 3334 1538 3378 8.
1564 3334 1627 3378 12

569 3391 724 3448 Cedo,
759 3391 876 3453 quid
908 3391 986 3440 hic
1013 3390 1156 3439 faciet
1177 3393 1298 3439 sua?
1347 3393 1469 3441 Hea.
1501 3393 1556 3450 ii,
1580 3398 1628 3443 8.

567 3459 634 3505 92
679 3454 773 3502 Hic
793 3453 834 3502 si
858 3455 973 3517 quid
995 3455 1132 3503 nobis
1161 3457 1282 3503 forte
1305 3456 1486 3505 adversi
1517 3473 1628 3506 eve-

566 3518 691 3567 nerit
724 3518 847 3567 Hea.
867 3519 920 3576 ii,
942 3524 990 3569 8.
1014 3523 1112 3569 114
1153 3519 1250 3568 Hic
1273 3537 1362 3583 ego
1385 3522 1529 3570 virum
1553 3523 1627 3570 in-

567 3590 696 3631 terea
730 3583 982 3646 opperibor
1032 3583 1151 3631 Hea.
1183 3583 1248 3641 iV,
1273 3588 1318 3632 1.
1340 3590 1373 3634 6
1420 3586 1516 3634 Hic
1550 3602 1628 3634 me

565 3647 980 3775 ffissfflssffiffijg
990 3646 1377 3760 13333’1323
1392 3649 1522 3763 13³³}
1552 3666 1628 3763 ΤΞ

564 3774 724 3823 Etiam
747 3784 902 3823 tecum
924 3791 995 3824 res
1016 3775 1096 3824 hic
1117 3777 1231 3824 mihi
1267 3778 1371 3824 est?
1404 3777 1526 3826 Hea.
1556 3777 1628 3834 iv,

565 3843 616 3890 ⁴.
637 3843 704 3889 20
737 3839 835 3887 Ubi
857 3840 1068 3902 Clitipho
1099 3855 1226 3890 nunc
1260 3839 1367 3889 est?
1417 3839 1492 3890 Cl.
1531 3839 1626 3889 Ec-

567 3919 675 3952 cum
696 3903 774 3952 hic
797 3905 882 3951 tibi
901 3904 913 3951 l
947 3904 1073 3954 Hea.
1110 3905 1175 3962 iV,
1195 3909 1245 3954 7.
1271 3909 1294 3953 1
1346 3903 1419 3951 Tu
1441 3904 1518 3952 hic
1539 3920 1627 3952 nos

566 3967 748 4016 interea
780 3969 1085 4032 opperibere:
1120 3983 1229 4016 nam
1260 3968 1376 4015 nihil
1409 3974 1497 4024 est,
1527 3968 1627 4017 illic

565 4033 698 4094 quod
732 4031 853 4080 Hea.
873 4032 940 4089 iV,
963 4038 1012 4082 7.
1034 4038 1063 4081 5
1112 4033 1278 4080 Otiose
1305 4047 1431 4078 nunc
1446 4031 1547 4096 jam
1568 4033 1627 4078 il-

566 4093 661 4142 lico
683 4096 761 4144 hic
782 4097 987 4146 consiste
1018 4096 1117 4146 Ad.
1141 4097 1196 4154 ii,
1221 4101 1266 4145 1.
1289 4100 1322 4144 2
1363 4095 1460 4144 Hic
1482 4111 1627 4159 prop-

564 4163 640 4205 ter
657 4158 784 4208 hunc
805 4160 967 4208 assiste
997 4160 1096 4208 Ad.
1119 4160 1171 4217 ii,
1193 4165 1239 4210 1.
1262 4165 1322 4209 15
1363 4159 1542 4222 Metui,
1563 4176 1626 4209 ne

568 4221 763 4270 hereret
781 4224 858 4272 hic
889 4223 987 4274 Ad.
1022 4224 1094 4281 iii,
1114 4229 1162 4274 8.
1185 4229 1250 4274 49
1293 4223 1425 4280 Quid
1457 4231 1508 4271 tu
1546 4225 1627 4273 hic

570 4285 717 4348 agas?
751 4285 849 4338 Ad.
872 4286 941 4346 iii,
965 4293 1013 4340 8.
1033 4292 1099 4338 79
1151 4288 1345 4339 Utinam
1367 4288 1451 4340 hic.
1477 4300 1626 4354 prope

1539 437 1784 487 11⁴1an

1706 586 1892 634 adesset
1912 584 2083 635 alicubi
2108 580 2215 645 Ad.
2248 583 2322 643 lii,
2341 588 2393 633 4.
2416 586 2447 633 7
2496 580 2657 645 Agelli
2692 590 2767 632 est

1706 649 1785 698 hic
1806 651 1893 696 sub
1916 651 2029 698 urbe
2048 649 2257 712 paulum·
2274 649 2371 697 Ad.
2400 663 2448 702 V,
2471 652 2521 696 8.
2539 652 2605 696 26
2656 646 2768 699 Moe

1706 713 1771 760 do
1792 729 1899 777 quae
1922 712 2124 763 narravit
2141 714 2255 760 mihi
2278 713 2357 759 hic
2381 712 2508 758 intus
2526 712 2766 758 Bacchis?

1706 776 1801 825 He.
1834 779 1871 839 i,
1889 782 1938 825 2.
1959 783 2024 827 28
2070 776 2185 836 Hic,
2218 776 2400 823 animus
2422 776 2587 837 partim
2611 775 2767 823 uxoria

1707 840 2021 889 misericordia
2042 840 2309 901 devinctus,
2331 839 2496 902 partim
2528 838 2621 888 He.
2656 838 2693 901 i,
2716 843 2770 889 2.

1706 909 1771 954 92
1824 904 1987 952 Multo
2018 904 2187 952 melius
2218 903 2295 952 hic
2331 916 2436 965 quas
2462 902 2597 958 fiunt,
2620 916 2763 965 quam

1703 967 1826 1023 illic,
1846 970 1931 1015 ubi
1953 984 2067 1024 sum,
2096 968 2195 1016 scio
2227 968 2323 1016 He.
2344 967 2397 1020 ii,
2419 970 2465 1014 1.
2480 970 2545 1015 20
2578 965 2671 1013 Illa
2685 966 2765 1013 hic

1706 1040 1917 1079 maneret
1936 1033 2093 1095 pqtius
2144 1032 2237 1082 He.
2272 1032 2329 1093 ii,
2352 1035 2396 1079 1.
2420 1035 2482 1079 25
2530 1029 2649 1085 Quae
2682 1029 2764 1077 hic

1706 1104 1855 1152 erant,
1876 1111 2061 1143 curares
2093 1095 2187 1143 He.
2209 1096 2262 1155 ii,
2282 1100 2326 1145 1.
2348 1098 2411 1143 88
2444 1092 2591 1141 Ehem
2612 1093 2624 1139 Ι
2650 1093 2766 1140 Par·

1708 1174 1862 1215 meno,
1886 1160 1986 1207 tun'
2010 1160 2087 1208 hic
2108 1161 2247 1207 eras?
2284 1157 2436 1221 perii!
2468 1156 2582 1203 Non
2619 1156 2762 1203 visam

1706 1239 1913 1334 3553·
1931 1239 2054 1335 ἵζ’
2070 1224 2403 1335 3⁰152022¹523
2423 1221 2503 1331 2ἷὲ
2521 1222 2762 1333 ἓζξέἕᾶἰῖ

1706 1365 1802 1398 sam
1826 1351 2055 1398 immerito
2087 1349 2184 1400 He.
2219 1351 2283 1406 iV,
2307 1354 2358 1397 2.
2376 1353 2440 1398 21
2489 1348 2639 1395 Nulla
2658 1348 2765 1404 fibi,

1707 1415 1973 1477 Pamphile,
1995 1416 2072 1463 hic
2098 1414 2197 1478 jam
2231 1412 2515 1463 consultatio
2547 1418 2619 1459 est
2667 1410 2763 1459 He.

1705 1478 1771 1534 iv,
1794 1483 1840 1527 4.
1862 1483 1927 1527 28
1976 1478 2129 1525 Modo
2162 1478 2260 1525 vidi
2290 1476 2514 1538 virginem
2544 1475 2622 1522 hic
2646 1475 2763 1523 Vici·

1707 1543 1799 1589 niae
1826 1543 2033 1590 miseram
2068 1542 2161 1591 Ph.
2183 1542 2217 1597 i,
2238 1546 2286 1591 2.
2304 1545 2365 1589 45
2402 1539 2529 1595 Quid
2553 1538 2661 1586 huic
2682 1538 2765 1587 hie

1706 1614 1780 1653 est
1799 1606 1897 1654 rei?
1936 1605 2030 1655 He.
2051 1622 2098 1661 V,
2122 1609 2169 1653 8.
2191 1609 2224 1654 9
2274 1604 2433 1652 Valet.
2458 1602 2536 1650 hic
2558 1610 2631 1649 est
2670 1603 2765 1651 Ph.

1705 1670 1759 1726 ii,
1785 1675 1833 1719 1.
1852 1674 1918 1719 26
1950 1670 2056 1719 Jam
2079 1670 2186 1717 faxo
2207 1669 2286 1716 hic
2308 1667 2459 1715 aderit
2514 1666 2603 1713 Ph.
2636 1666 2689 1723 ii,
2716 1671 2761 1716 1.

1705 1738 1789 1783 78.
1823 1750 1870 1790 V,
1892 1739 1940 1782 8.
1960 1738 2025 1783 66
2072 1733 2353 1782 Conclusam
2376 1731 2453 1778 hic
2473 1731 2626 1777 habeo
2648 1746 2761 1777 uxo-

1705 1813 1801 1844 rem
1825 1812 1995 1845 saevam
2026 1796 2119 1845 Ph.
2139 1814 2188 1853 V,
2213 1802 2261 1845 1.
2289 1800 2346 1845 17
2392 1794 2487 1843 Hic
2510 1795 2763 1857 pulcherri-

1705 1876 1831 1908 mum
1870 1862 2054 1909 facinus
2091 1860 2248 1908 andivi
2299 1858 2387 1909 Ph.
2422 1875 2469 1915 V,
2491 1862 2540 1907 6.
2561 1862 2626 1908 29
2658 1858 2762 1906 Dos

1704 1926 1783 1972 hic
1804 1932 2005 1981 maneat,
2030 1924 2270 1987 Demipho
2303 1923 2392 1970 Ph.
2416 1938 2464 1984 V,
2478 1926 2526 1971 7.
2547 1925 2610 1971 88
2644 1922 2762 1969 Hic·

1706 1988 1811 2035 cine
1835 1989 2091 2037 libertatem
2114 1988 2247 2035 aiunt
2266 2002 2447 2049 oequam
2478 2000 2579 2033 esse
2609 1986 2762 2033 omni·

1707 2054 1793 2101 bus
1813 2053 1830 2099 ?
1864 2053 1961 2101 Ad.
1982 2053 2034 2109 ii,
2060 2058 2107 2102 1.
2130 2057 2195 2101 29
2230 2052 2403 2114 passim
2424 2050 2535 2097 alibi

1769 2116 1883 2174 Hic,
1905 2118 2025 2174 haee,
2043 2117 2152 2166 hoc.
2220 2116 2353 2171 Quos
2375 2115 2451 2163 hic
2472 2121 2633 2162 noster
2650 2129 2761 2163 auc·

1707 2187 1827 2229 tores
1848 2182 1991 2227 habet
2041 2177 2105 2226 A.
2129 2179 2254 2228 Prol.
2280 2184 2341 2228 19
2392 2178 2463 2225 Tu
2501 2178 2540 2224 si
2569 2178 2646 2225 hic
2680 2178 2760 2235 sis,

1706 2244 1841 2292 aliter
1860 2243 2032 2291 sentias
2064 2242 2131 2291 A.
2166 2245 2216 2299 ii,
2242 2248 2291 2293 1.
2318 2247 2379 2291 10
2427 2242 2519 2289 Hic
2541 2257 2649 2289 Vero
2670 2249 2759 2299 est,

1705 2307 1789 2369 qui
1811 2308 1850 2355 si
1871 2308 2107 2370 occeperit
2139 2308 2231 2355 Eu.
2253 2307 2305 2363 ii,
2324 2311 2373 2357 8.
2398 2310 2429 2354 8
2467 2305 2658 2352 Factum
2683 2305 2762 2355 hic

1706 2386 1807 2419 esse
1828 2372 1878 2418 id
1902 2387 1997 2418 non
2019 2379 2162 2433 negat
2208 2370 2335 2420 Hea.
2357 2369 2486 2418 Prol.
2511 2373 2571 2417 18
2618 2369 2761 2426 Quis-

1705 2450 1811 2482 nam
1846 2435 1925 2482 hic
1958 2434 2230 2483 adolescens
2262 2435 2363 2483 eat?
2399 2434 2521 2481 Hea.
2552 2434 2605 2491 ii,
2628 2439 2675 2483 4.
2696 2438 2759 2483 28

1705 2498 1814 2547 Nisi
1846 2515 1921 2547 me
1954 2499 2137 2548 animus
2169 2499 2309 2558 fauit,
2342 2500 2419 2548 hic
2450 2498 2666 2563 profecto
2690 2505 2763 2546 est

1705 2563 1906 2610 annulus
1939 2563 2062 2612 Hea.
2083 2563 2150 2621 iV,
2175 2569 2219 2613 1.
2242 2569 2268 2612 1
2315 2563 2407 2611 Hic
2430 2578 2515 2627 per
2529 2562 2759 2626 flagitium

1706 2629 1767 2675 ad
1789 2627 2000 2690 inopiam
2035 2629 2217 2690 redigat
2246 2635 2427 2690 patrem
2476 2627 2599 2675 Hea.
2634 2643 2680 2689 V,
2713 2631 2760 2675 1.

1704 2696 1769 2740 56
1817 2691 1962 2739 Estne
1994 2692 2071 2740 bic
2100 2693 2252 2754 ipsus,
2286 2693 2347 2739 de
2389 2707 2485 2754 quo
2520 2691 2713 2752 agebam
2740 2691 2759 2738 ?

1703 2755 1800 2803 Ad.
1823 2757 1859 2816 i,
1883 2760 1929 2804 1.
1947 2760 2011 2805 58
2046 2755 2140 2804 Hic
2164 2771 2292 2804 meua
2307 2756 2484 2804 amicus
2504 2755 2575 2801 illi
2588 2770 2759 2818 genere

1703 2826 1776 2866 est
1795 2835 2045 2882 proxumus
2078 2820 2179 2871 Ad.
2198 2821 2268 2877 iv,
2288 2825 2337 2868 5.
2357 2825 2417 2870 17
2450 2819 2548 2867 Hic
2569 2818 2758 2880 adjutor

1703 2881 1811 2939 fuit,
1842 2883 1919 2931 hic
1957 2884 2135 2932 curavit
2182 2885 2279 2933 Ad.
2313 2900 2363 2947 V,
2383 2889 2433 2932 9.
2457 2889 2516 2933 11
2572 2882 2756 2930 Mensis

1703 2947 1857 3010 agitur
1875 2947 1953 2995 hic
1976 2945 2077 3010 jam
2098 2950 2324 3012 septimus
2372 2947 2467 2998 He.
2502 2947 2574 3005 iii,
2610 2953 2662 2997 3.
2694 2951 2759 2998 34

1704 3009 1851 3060 Estrie
1873 3012 1951 3059 hic
1972 3011 2189 3074 Stilpho?
2224 3013 2314 3062 Ph.
2350 3029 2399 3074 V,
2423 3018 2470 3062 1.
2496 3017 2557 3063 18
2608 3011 2759 3069 Quasi

1704 3083 1755 3122 tu
1799 3075 1939 3137 hujus
1980 3076 2191 3138 indigeas
2227 3076 2370 3138 patris
2424 3075 2490 3125 A.
2526 3091 2574 3131 V,
2612 3080 2661 3124 8.
2695 3079 2758 3125 19

1703 3139 1863 3186 Praeut
1882 3138 2023 3201 hujus
2043 3139 2191 3186 rabies
2245 3155 2317 3185 uoe
2339 3139 2473 3185 dabit
2502 3139 2598 3189 Eu.
2627 3139 2681 3196 ii,
2706 3143 2757 3187 8.

1702 3207 1737 3252 9
1766 3201 2029 3250 Archonidi
2050 3202 2189 3265 hujus
2244 3203 2351 3250 liam
2391 3202 2513 3250 Heu.
2546 3215 2595 3262 V,
2616 3209 2666 3251 5.
2690 3206 2753 3251 21

1701 3265 1912 3329 Hegioni
1932 3273 2135 3330 cognato
2155 3265 2313 3329 hujus,
2334 3282 2429 3315 rem
2449 3280 2634 3313 omnem
2649 3281 2757 3313 nar·

1700 3337 1802 3378 rato
1835 3328 1931 3378 Ad.
1962 3330 2035 3388 iii,
2058 3335 2107 3379 2.
2130 3335 2195 3380 58
2243 3330 2372 3379 Scin'
2394 3330 2595 3392 Cratini,
2616 3329 2757 3393 hujus

1701 3393 1830 3451 ditis,
1852 3395 2009 3442 ardes?
2042 3393 2141 3444 Ad.
2162 3396 2227 3452 iV,
2248 3400 2297 3444 2.
2315 3399 2383 3444 42
2415 3393 2690 3456 Despondit
2709 3393 2758 3443 ei

1702 3465 1890 3520 gnatam
1911 3457 2053 3521 hujus
2072 3459 2213 3508 Vicini
2249 3459 2461 3522 proxumi
2510 3459 2606 3506 He.
2636 3458 2671 3513 i,
2706 3463 2756 3506 2.

1700 3527 1767 3571 49
1800 3523 1930 3579 Quid
1954 3524 2057 3571 ais?
2092 3522 2184 3573 Ge.
2208 3523 2365 3586 Hujus
2386 3530 2564 3587 patrem
2578 3521 2756 3569 Vidisse

1701 3602 1777 3634 me
1809 3586 1900 3634 Ph.
1922 3587 1959 3648 i,
1975 3590 2025 3635 4.
2048 3591 2113 3636 22
2145 3586 2273 3636 Huic
2292 3587 2568 3651 supplicabo
2589 3603 2602 3634 z
2624 3601 2755 3634 amo-

1700 3665 1795 3697 rem
1839 3651 1952 3698 huic
1994 3653 2187 3699 narrabo
2228 3667 2384 3700 meum
2436 3651 2499 3699 A.
2540 3650 2596 3713 ii,
2625 3655 2671 3700 1.
2691 3654 2754 3699 12

1699 3713 1909 3761 Necesse
1930 3720 2019 3770 est,
2043 3715 2151 3764 huic
2174 3723 2228 3763 ut
2248 3716 2493 3764 subveniat
2524 3715 2618 3764 Eu.
2636 3731 2686 3771 V,
2705 3719 2753 3762 5.

1701 3781 1765 3826 27
1796 3777 1905 3824 Tibi
1925 3786 2063 3825 erunt
2077 3787 2242 3842 parata
2256 3782 2394 3828 verba
2412 3797 2425 3828 r
2449 3781 2560 3828 huic
2576 3777 2756 3825 homini

1700 3841 1890 3888 Verbera
1920 3841 2043 3892 nea.
2066 3843 2120 3899 ii,
2143 3848 2191 3893 8.
2213 3847 2307 3893 115
2342 3844 2469 3893 Huic
2485 3851 2644 3892 nostro
2661 3851 2754 3889 tra-

1700 3904 1802 3952 dita
1817 3913 1891 3954 est
1910 3905 2151 3967 provincia
2182 3907 2304 3956 Hea.
2326 3908 2401 3966 iii,
2421 3913 2469 3958 2.
2488 3915 2517 3957 5
2552 3908 2628 3956 Ita
2640 3906 2755 3954 mihi

1700 3975 1843 4031 atque
1874 3969 1987 4018 huic
2018 3971 2109 4018 sies
2152 3979 2385 4034 superstes
2416 3972 2542 4020 Hea.
2579 3989 2626 4027 V,
2645 3974 2695 4019 4.
2720 3973 2752 4020 7

1699 4032 1828 4082 Huic
1870 4035 2080 4091 mandet,
2135 4035 2176 4082 si
2217 4036 2333 4098 quid
2367 4043 2492 4084 recte
2540 4041 2753 4083 curatum

1698 4097 1814 4144 velis
1845 4097 1942 4146 Ad.
1962 4099 2033 4156 iii,
2055 4103 2104 4148 8.
2128 4103 2203 4150 18.
2223 4099 2312 4148 Ph.
2334 4099 2400 4157 iV,
2422 4103 2471 4148 4.
2489 4103 2521 4148 8
2560 4095 2676 4145 Vin’
2698 4103 2752 4144 tn

1697 4161 1810 4210 huic
1830 4163 1932 4210 seni
1952 4163 2245 4212 auscultare?
2276 4162 2376 4213 Ad.
2399 4178 2445 4218 V.
2466 4166 2517 4211 7.
2538 4167 2571 4211 8
2612 4160 2751 4208 Idem

1699 4241 1826 4276 nunc
1846 4227 1955 4274 huic
1976 4227 2175 4291 (amori)
2196 4241 2384 4290 operam
2404 4225 2531 4274 dabo
2564 4224 2657 4274 He.
2676 4223 2757 4286 iii,-

1699 4293 1745 4339 ³.
1767 4294 1833 4341 48
1879 4290 1987 4341 'nbi
2006 4299 2077 4344 est
2100 4291 2217 4350 dies,
2236 4304 2378 4356 quam
2398 4289 2459 4339 ad
2480 4291 2614 4342 dares
2636 4289 2750 4338 huic
