3192 4975
601 404 745 478 cxii

602 570 703 626 nite
725 574 936 616 exorator
956 572 1011 614 ut
1029 563 1119 614 sim
1150 564 1247 614 He.
1266 564 1365 616 Alt.
1388 565 1513 614 Proi.
1534 571 1567 617 2

610 663 615 668 -
670 633 915 682 Exordior.
997 630 1137 678 Unde
1190 630 1401 678 exordiar
1452 646 1654 687 narrare,

602 713 711 808 qula}
731 711 819 772 nec
840 693 1070 806 opianJR‘iI
1080 694 1433 808 accgdunthHe.
1456 695 1527 805 ii'ii
1550 699 1597 744 3.
1620 699 1654 744 2

611 799 617 804 .
712 775 877 808 xonor.
1070 773 1149 821 yrr
1180 774 1263 806 ina
1328 773 1397 806 aec
1417 773 1503 806 sun
1548 773 1658 806 mea

602 840 747 874 uxore
778 832 939 872 exorta
976 822 1134 870 omnia
1184 823 1282 871 He.
1300 820 1372 879 iv,
1391 826 1441 870 4.
1464 827 1528 872 10
1578 823 1656 870 Tu

604 889 927 942 wlmarere.
949 901 1057 949 quae
1080 888 1319 949 perturbes
1336 889 1457 950 haec,
1472 896 1555 936 tua
1568 887 1662 935 im*

600 952 832 1016 pudentia
863 952 959 1000 He.
981 951 1035 1006 ii,
1058 955 1105 1000 1.
1125 955 1189 1000 16

665 1016 869 1064 Exomo.
936 1015 1063 1071 Quia
1081 1015 1210 1063 varia
1238 1022 1368 1062 veste
1405 1021 1660 1064 exornatus

599 1080 695 1134 fuit
726 1080 899 1136 Eudv,
919 1083 969 1128 4.
992 1084 1057 1128 16
1090 1078 1290 1140 Egone?
1324 1077 1363 1125 si
1387 1078 1513 1140 vivo,
1528 1079 1660 1126 adeo

598 1151 872 1194 exornatum
886 1143 1027 1201 dabo,
1044 1143 1164 1192 adeo
1178 1143 1327 1207 depes
1334 1157 1430 1200 um,
1442 1149 1496 1189 ut
1528 1143 1659 1192 Hes·

600 1223 632 1255 v
675 1212 802 1259 mr
943 1255 947 1260 .
1465 1217 1469 1222 ’

605 1243 838 1326 .Ἐιοι·ο.
902 1271 1113 1322 Gnatam
1148 1280 1201 1320 ιιι
1234 1272 1317 1320 det
1344 1285 1447 1333 oro,
1482 1271 1658 1335 vixque

601 1335 654 1384 id
678 1353 819 1386 exoro
849 1334 916 1384 A.
938 1335 1008 1397 iii,
1027 1341 1079 1385 4.
1104 1341 1163 1386 13
1200 1337 1293 1384 Sed
1315 1336 1471 1384 istunc
1492 1351 1656 1394 exora,

600 1407 657 1456 ut
680 1417 810 1452 suam
831 1416 933 1450 esse
969 1400 1221 1449 assimulet'
1260 1399 1385 1448 Hea.
1410 1400 1461 1456 ii,
1484 1404 1533 1448 3.
1557 1402 1652 1449 117

598 1464 715 1514 Sine
744 1473 791 1513 te
828 1467 918 1512 hoc
957 1480 1141 1513 exorem
1193 1463 1259 1513 A.
1282 1481 1331 1519 v,
1353 1468 1401 1513 3.
1422 1468 1488 1512 30
1543 1463 1654 1512 Hoc

600 1531 745 1578 modo
765 1530 865 1578 sine
886 1537 935 1577 te
952 1543 1141 1578 exorem
1186 1528 1278 1576 Eu.
1298 1529 1333 1584 i,
1357 1533 1406 1577 2.
1428 1532 1522 1577 1⁰5
1572 1527 1654 1574 Da

598 1593 803 1648 veniam,
825 1593 1025 1642 Chreme
1040 1609 1059 1642 ι
1087 1593 1192 1641 sine
1212 1600 1261 1640 te
1290 1607 1475 1640 exorem
1528 1591 1658 1642 Hea-

599 1673 647 1713 γ,
673 1665 717 1708 5.
741 1665 774 1708 6
804 1658 917 1705 Sine
938 1665 985 1705 te
1007 1673 1211 1713 exorem,
1233 1655 1297 1706 mi
1318 1665 1449 1719 pater
1486 1655 1583 1704 Ad.
1606 1674 1653 1715 v,

600 1725 651 1771 8.
676 1726 739 1771 13
794 1721 905 1769 Νοιι
946 1723 1158 1770 omittis?
1192 1720 1299 1771 AEs.
1321 1721 1454 1777 Non,
1476 1720 1567 1768 nisi
1605 1728 1659 1770 te

600 1797 790 1834 exorem
819 1784 920 1836 Ad.
943 1803 995 1843 v,
1012 1791 1064 1835 8.
1086 1790 1151 1835 20
1200 1785 1345 1832 Haud
1367 1786 1559 1847 longum
1580 1793 1655 1832 est

598 1847 670 1906 id,
692 1849 820 1912 quod
856 1856 958 1898 orat
976 1866 995 1898 ι
1026 1856 1205 1912 exoret,
1240 1849 1342 1897 sine
1395 1848 1488 1896 Ph.
1511 1845 1581 1905 iii,
1604 1852 1655 1897 2.

599 1917 665 1961 30
699 1913 990 1976 Exorassem,
1010 1920 1064 1960 ut
1084 1928 1187 1960 eam
1211 1914 1428 1961 ducerem
1462 1911 1561 1960 Ad.
1587 1913 1654 1970 iv,

597 1981 650 2026 4.
672 1981 738 2026 20
768 1979 801 2028 J
804 1993 878 2024 am
902 1993 975 2026 me
998 1978 1087 2026 hoc
1109 1978 1237 2026 voles
1254 1983 1431 2040 patrem
1448 1991 1653 2032 exorare,

598 2047 654 2087 ut
672 2041 797 2090 celet
833 2057 997 2090 senem
1032 2049 1234 2088 vostrum
1290 2041 1410 2088 Hea-
1431 2039 1493 2096 iv,
1517 2045 1567 2092 3.
1588 2045 1652 2090 27

596 2103 803 2169 Nequeo
839 2114 887 2153 te
923 2121 1131 2162 exorare,
1162 2113 1217 2152 ιιι
1255 2119 1443 2160 maneas
1481 2104 1654 2152 tridum

596 2169 725 2219 hoc?
776 2169 867 2218 Ph.
890 2171 960 2226 iii,
979 2174 1029 2219 2.
1052 2174 1082 2219 4
1133 2169 1335 2232 Nequeo
1370 2184 1577 2226 exorare,
1603 2175 1656 2216 ιιι

598 2249 676 2282 me
698 2243 884 2282 maneat
933 2234 1027 2283 Ph.
1048 2233 1118 2288 iii,
1141 2239 1190 2282 2.
1214 2237 1277 2282 27
1332 2233 1495 2289 Quod,
1517 2234 1557 2279 si
1577 2233 1655 2281 hic

598 2298 833 2359 potuisset
852 2298 1079 2346 exorarier
1098 2298 1303 2344 triduum
1326 2298 1417 2344 hoc
1467 2296 1558 2344 Pb.
1582 2297 1654 2353 iii,

598 2365 649 2418 3.
670 2366 703 2409 2
753 2360 924 2408 Restat
944 2361 1181 2417 Chremes,
1207 2360 1287 2424 qui
1311 2360 1421 2408 mihi
1458 2373 1656 2407 exoran-

598 2424 689 2471 dus
710 2431 784 2471 est
816 2425 878 2472 A.
899 2424 933 2480 i,
959 2430 1004 2473 1.
1028 2427 1125 2472 140
1432 2479 1435 2482 ,

612 2546 617 2551 ,
666 2489 863 2537 Exosso.
918 2489 1018 2537 Ubi
1030 2504 1119 2551 ego
1134 2503 1323 2551 venero,
1336 2485 1655 2536 exossabiturz.

598 2553 729 2615 prius
750 2552 862 2600 nolo
895 2551 995 2602 Ad.
1015 2553 1087 2613 iii,
1106 2556 1155 2600 3.
1178 2556 1242 2599 24

608 2668 616 2675 ,
664 2616 967 2679 Expectatio.
1029 2615 1307 2665 Funambuli
1356 2615 1525 2663 eodem
1572 2632 1655 2665 ac-

598 2681 739 2728 cessit
758 2681 1025 2743 expectatio
1058 2680 1154 2730 He.
1177 2678 1278 2729 Alt.
1299 2679 1425 2728 Prol.
1448 2684 1513 2731 26

664 2744 891 2808 Expecto.
955 2745 1169 2808 Expecto
1191 2744 1306 2807 quid
1324 2742 1441 2791 velis
1469 2743 1533 2791 A.
1548 2743 1587 2799 i,
1604 2748 1658 2793 1.

597 2813 629 2857 ’1
681 2809 751 2857 Te
770 2810 923 2873 ipsam
945 2810 1173 2872 quaerito:
1210 2817 1257 2857 te
1293 2814 1497 2869 expecto
1549 2807 1657 2857 Ad.

595 2872 667 2929 iii,
688 2879 737 2923 2.
761 2879 825 2925 24
880 2873 992 2922 Nisi
1008 2874 1087 2937 pol
1118 2873 1265 2919 filium
1304 2871 1463 2920 multis
1502 2873 1658 2920 modis

591 2936 697 2999 jam
714 2945 931 3001 expecto,
954 2946 1008 2985 ut
1043 2938 1205 2987 redeat
1238 2937 1427 2985 domum
1481 2935 1576 2985 He.
1600 2937 1652 2994 ii,

598 3006 649 3049 3.
672 3007 700 3051 7
738 3002 973 3065 Equidem
994 3009 1042 3050 te
1064 3008 1262 3066 expecto
1310 3000 1405 3049 He.
1420 3000 1492 3057 iii,
1512 3004 1563 3051 4.
1589 3006 1652 3050 16

596 3064 885 3130 Myconium
926 3066 1161 3129 hospitem
1205 3066 1320 3113 dum
1362 3072 1560 3129 expecto
1601 3065 1652 3113 in

595 3145 703 3179 arce
742 3130 1103 3181 Callidemidem
1151 3129 1247 3179 He.
1281 3146 1327 3186 v,
1357 3134 1407 3179 3.
1434 3132 1465 3178 3
1520 3128 1652 3177 Dum

596 3201 815 3257 expecto,
836 3211 977 3257 quam
1014 3209 1123 3242 mox
1157 3193 1318 3241 veniat
1372 3192 1463 3242 Ph.
1484 3192 1521 3249 i,
1542 3197 1593 3242 3.
1618 3199 1652 3245 9

598 3258 794 3320 Nescio,
812 3261 942 3321 quod
977 3273 1197 3319 magnum
1236 3258 1327 3305 hoc
1364 3257 1531 3304 nuntio
1569 3274 1650 3305 ex·

597 3329 742 3383 pecto
782 3322 957 3369 malum
1010 3322 1101 3369 Ph.
1138 3321 1173 3377 i,
1207 3325 1260 3370 4.
1300 3325 1363 3369 16
1417 3320 1652 3383 Expecto,

596 3400 737 3447 quam
762 3401 867 3432 mox
889 3385 1084 3449 recipiat
1111 3386 1205 3433 huc
1240 3399 1341 3432 sese
1377 3384 1503 3433 Geta
1554 3385 1649 3436 Ph.

596 3448 665 3505 iv,
686 3453 733 3499 3.
758 3454 783 3498 1
834 3448 1039 3505 Quando
1062 3449 1197 3503 illud,
1217 3450 1348 3512 quod
1372 3455 1423 3496 ιιι
1446 3450 1545 3505 das,
1568 3466 1649 3497 ex-

596 3520 774 3575 pectat,
795 3523 936 3578 atque
957 3522 1083 3564 amat
1134 3512 1225 3560 Eu.
1246 3513 1318 3571 iii,
1342 3519 1389 3563 1.
1408 3517 1471 3563 5⁷
1516 3514 1650 3563 Jam-

597 3578 777 3627 dudum
798 3579 908 3626 hera
926 3594 1013 3625 vos
1049 3584 1268 3642 expectat
1304 3578 1435 3626 domi
1482 3578 1576 3628 Eu.
1604 3596 1651 3636 v,

597 3646 646 3692 3.
662 3646 694 3689 8
722 3642 823 3691 Vos
832 3642 1114 3706 jamdudum
1132 3649 1349 3704 expectat
1362 3658 1503 3689 senex
1526 3642 1650 3693 Hea.

596 3705 653 3761 ii,
675 3710 727 3756 4.
750 3712 815 3756 29
849 3706 912 3755 Et
934 3722 1078 3763 nunc,
1100 3707 1214 3770 quid
1236 3713 1474 3770 expectat,
1494 3707 1647 3769 Syre?

598 3770 720 3817 Hea.
742 3771 809 3827 iii,
828 3776 875 3821 2.
897 3776 961 3821 32
996 3771 1181 3819 Ellam!
1216 3778 1265 3819 te
1284 3778 1503 3833 expectat
1520 3770 1656 3819 domi

595 3832 695 3883 Ad.
714 3834 768 3891 ii,
790 3840 839 3886 3.
858 3840 891 3885 7
930 3836 1018 3884 Me
1040 3842 1275 3899 expectat,
1298 3835 1470 3883 credo:
1505 3836 1649 3883 adibo

596 3898 692 3948 He.
715 3917 763 3954 v,
780 3904 831 3949 4.
858 3905 917 3955 15,
973 3899 1141 3957 Quid?
1175 3914 1332 3947 senem
1370 3900 1529 3961 quoad
1567 3916 1660 3946 ex-

596 3963 797 4025 pectatis
838 3966 1075 4012 vostrum?
1107 3963 1199 4011 Ph.
1232 3963 1267 4019 i,
1291 3968 1343 4012 2.
1364 3965 1430 4011 98
1482 3962 1646 4011 Meam

597 4036 755 4075 autem
786 4035 980 4076 mortem
1019 4036 1272 4091 expectant
1324 4025 1424 4075 Ad.
1446 4042 1498 4083 v,
1515 4031 1564 4075 4.
1583 4033 1648 4077 20

597 4090 751 4155 Atqui
790 4094 1095 4155 expectabam
1134 4091 1325 4155 quidem
1383 4089 1446 4137 A.
1467 4090 1524 4146 ii,
1546 4097 1594 4140 6.
1615 4097 1652 4141 4

599 4152 644 4225 9
668 4156 731 4201 mi
754 4156 971 4211 Chreme,
988 4164 1034 4203 te
1050 4157 1202 4220 ipsum
1218 4156 1521 4218 expectabam
1555 4155 1649 4203 Eu.

598 4231 665 4271 Ν.
695 4222 744 4267 6.
778 4226 807 4267 5
864 4221 987 4277 Cum
1026 4221 1204 4269 interea
1236 4235 1416 4282 semper
1452 4226 1649 4267 mortem

598 4285 901 4343 expectabam
922 4285 1068 4337 miset
1100 4284 1195 4335 He.
1214 4284 1288 4343 iii,
1310 4288 1361 4334 4.
1384 4288 1417 4332 8
1462 4284 1646 4347 Expec-

1565 415 1810 470 INDEX
1861 423 2016 470 ,ῑῆ

1727 567 1857 622 tabe,
1879 565 1996 612 dum
2019 562 2270 612 venit'Eu.
2291 562 2326 620 i,
2341 567 2391 614 2.
2417 568 2512 615 126
2542 562 2684 620 Qulcr,
2697 561 2790 614 mi·

1725 629 1776 680 hi
1815 645 1941 678 nunc
1986 629 2138 683 affers,
2177 629 2476 691 quamobrem
2515 637 2785 693 expectem,

1727 700 1810 741 aut
1827 693 2043 755 sperem?
2077 692 2168 740 Ph.
2191 708 2236 753 v,
2258 698 2306 742 8.
2331 697 2396 743 36
2429 693 2516 741 Me
2538 694 2742 742 somnies
2763 711 2794 744 τὴ

1727 773 1804 805 me
1825 765 2080 820 expectes:
2114 757 2178 803 de
2209 769 2284 804 me
2323 756 2503 819 cogites
2556 758 2649 806 Eu.
2672 758 2708 815 i,
2729 762 2784 808 2.

1730 824 1825 871 114
1859 821 1936 868 Ne
1957 837 2032 868 me
2053 821 2220 868 frustra
2240 820 2337 871 illic
2350 829 2568 883 expectet
2599 821 2695 869 He.
2709 821 2792 878 iii,

1725 888 1776 934 4.
1798 889 1861 934 24
1897 885 2026 932 Mihi
2045 900 2172 936 nunc
2187 900 2300 933 cura
2313 892 2403 940 est,
2421 893 2474 933 ut
2487 899 2548 932 ne
2566 885 2645 932 cui
2660 901 2784 934 meze

1728 948 2048 1013 longinquitas
2072 948 2224 996 aetatis
2246 950 2416 1004 obstet,
2431 958 2682 998 mortemve
2697 965 2786 998 ex·-

1728 1022 1888 1075 pectet
1907 1027 2058 1062 meam
2093 1012 2190 1061 He.
2209 1013 2274 1069 iv,
2295 1017 2345 1062 2.
2363 1017 2430 1062 20
2461 1012 2539 1060 Ne
2560 1021 2787 1075 expecto-⁶

1726 1077 1806 1135 tis,
1823 1079 1934 1125 dum
1948 1085 2119 1126 exeant
2132 1078 2230 1126 huc
2259 1077 2351 1126 Eu.
2366 1094 2414 1132 v,
2428 1082 2481 1127 6.
2496 1080 2562 1126 16
2591 1077 2790 1127 Dehinc-

1727 1157 1788 1189 ne
1819 1143 2072 1204 expectetis
2107 1149 2434 1204 argumentum
2465 1140 2636 1190 fabulas
2679 1141 2786 1190 Ad.

1726 1205 1854 1258 Prol.
1875 1211 1940 1254 22
1973 1204 2050 1255 Ita
2070 1221 2176 1253 eum
2199 1213 2512 1269 expectarem,
2525 1212 2578 1253 ut
2594 1220 2675 1270 par
2691 1207 2790 1255 fuit.

1728 1269 1821 1324 Ph.
1846 1271 1882 1332 i,
1902 1275 1950 1320 3.
1972 1273 2003 1318 3
2053 1268 2268 1332 Longum
2303 1279 2380 1317 est
2411 1285 2500 1317 nos
2537 1270 2669 1318 illum
2699 1287 2784 1319 ex·

1725 1342 1932 1397 pectere,
1951 1333 2063 1380 dum
2084 1341 2220 1382 exeat
2253 1334 2317 1382 A.
2337 1350 2392 1390 v„
2408 1339 2458 1385 6.
2482 1338 2544 1383 13
2595 1330 2794 1384 Dixtin'·

1727 1399 1925 1454 dudum,
1947 1396 2078 1444 illam
2099 1397 2291 1454 dixisse,
2313 1412 2416 1445 sese
2437 1405 2686 1460 expectare
2723 1399 2782 1451 fi.

1729 1462 1841 1510 lium
1862 1463 1879 1509 ?
1923 1461 2036 1536 'Ii-e..
2047 1461 2118 1518 iii,
2141 1468 2190 1510 5.
2216 1466 2242 1511 1
2299 1461 2384 1509 Sto
2421 1469 2700 1537 expectans,
2739 1463 2784 1512 si

1727 1527 2268 1653 &dgremdldlorltumilt'edrgxmti
2287 1525 2786 1653 vffiziriginiaffgrssss

1728 1654 1855 1712 dem,
1877 1661 2203 1718 expectantem
2223 1653 2240 1701 ἓ
2287 1652 2387 1704 Ad.
2411 1654 2478 1711 iv,
2499 1660 2550 1703 6.
2570 1659 2636 1707 40
2682 1654 2794 1704 Ubi·

1728 1717 1776 1768 t'e
1798 1725 2095 1782 expectatum
2129 1717 2347 1781 ejecisset
2382 1718 2505 1768 foras
2553 1718 2652 1767 Ad.
2674 1718 2711 1775 i,
2727 1725 2781 1771 2.

1725 1787 1793 1832 29
1826 1784 1871 1832 Ο
1895 1785 1960 1830 mi
1979 1790 2244 1847 expectate,
2267 1782 2396 1838 salve
2426 1782 2548 1830 Hea-
2569 1783 2628 1844 ii,
2646 1786 2696 1832 4.
2713 1787 2790 1833 26-

1726 1846 1886 1896 Frater
1902 1855 1975 1896 est
1988 1848 2308 1910 expectandus
2327 1847 2444 1895 mihi
2465 1847 2556 1895 Ph.
2577 1847 2631 1903 ii,
2651 1853 2700 1896 4.
2714 1852 2780 1898 20

1793 1912 2026 1975 Expedio.
2090 1911 2378 1972 Impeditum
2401 1911 2450 1957 in
2471 1926 2528 1964 ea
2561 1911 2778 1973 expedivi

1727 1976 1934 2028 animum
1952 1991 2107 2024 meum
2149 1975 2246 2025 He.
2267 1974 2340 2032 iii,
2365 1979 2417 2024 1.
2436 1979 2495 2024 17
2551 1974 2779 2024 Dilucide

1727 2039 1962 2154 ῗὲἳῗὴὲ·
1983 2039 2784 2166 ἓὲὼῗ.ε“ἷὲῗιιὲἕ.ο’ἓὲῗρέἓῗίοὲἶὲ

1807 2140 1818 2154 ο
1875 2138 1890 2160 ⁸
1952 2139 1968 2155 ο
2617 2139 2632 2161 2
2663 2153 2668 2160 .

1729 2182 1829 2216 sese
1867 2169 2108 2232 expedivit
2157 2169 2246 2216 Ph.
2270 2184 2316 2224 v,
2336 2172 2386 2218 4.
2408 2172 2442 2218 4
2499 2167 2671 2216 Viden’
2706 2183 2784 2217 me

1728 2231 1820 2279 tuis
1840 2232 2048 2282 consiliis
2087 2232 2366 2296 impeditum
2404 2233 2544 2280 esse?
2591 2232 2687 2280 Da.
2709 2236 2779 2282 At

1719 2294 1822 2358 jam
1860 2297 2126 2360 expediam.
2183 2297 2268 2346 Pa.
2294 2296 2564 2361 Expedies?
2617 2296 2684 2346 A.
2708 2298 2786 2354 iii,

1726 2367 1777 2410 6.
1802 2365 1857 2410 11
1921 2360 2060 2408 Vah!
2100 2360 2337 2423 quomodo
2355 2376 2431 2408 me
2452 2376 2507 2408 ex
2525 2361 2613 2408 hac
2632 2377 2786 2425 expe·

1726 2422 1853 2471 diam
1875 2425 2044 2472 turba?
2077 2426 2176 2473 Ad.
2197 2425 2265 2482 iv,
2283 2430 2332 2475 4.
2357 2431 2386 2472 5
2445 2424 2572 2472 Illud
2593 2426 2780 2478 durum.

1727 2488 1819 2557 Ge<
1856 2488 1960 2553 Ego
2007 2490 2252 2553 expediam
2273 2506 2288 2539 ι
2329 2490 2432 2537 sine
2485 2490 2578 2540 Ph.
2602 2490 2654 2547 ii,
2677 2497 2725 2544 1.
2747 2496 2780 2541 8

1727 2551 1850 2601 Iram
1873 2554 2126 2617 expedies:
2162 2570 2340 2601 rursum
2362 2554 2410 2599 in
2435 2556 2626 2617 gratiam
2644 2556 2776 2615 resti-

1727 2624 1832 2665 tues
1870 2617 1964 2667 He.
1987 2618 2061 2679 iii,
2083 2624 2129 2667 1.
2156 2623 2214 2667 11
2267 2617 2374 2680 Age
2395 2618 2528 2675 dum,
2549 2620 2640 2666 hoc
2661 2618 2780 2668 mihi

1724 2682 1892 2743 expedi
1911 2683 2108 2745 primum
2141 2681 2233 2729 Eu.
2253 2682 2316 2739 iv,
2331 2686 2380 2731 4.
2397 2686 2460 2731 27
2494 2682 2626 2731 Istuc
2642 2685 2776 2746 quiea

1723 2744 1840 2807 quid
1853 2755 1943 2805 est,
1962 2748 2158 2811 primum
2177 2746 2351 2811 expedi
2363 2746 2455 2794 Eu.
2471 2763 2516 2803 v,
2535 2752 2582 2797 6.
2597 2753 2662 2797 20
2681 2749 2776 2795 Ex-

1723 2809 1802 2871 ple
1817 2810 2022 2858 animum
2039 2812 2112 2866 iis,
2130 2819 2270 2874 teque
2288 2812 2378 2858 hoc
2393 2810 2583 2859 crimine
2603 2814 2780 2875 expedi

1723 2872 1817 2921 He.
1840 2891 1886 2932 v,
1910 2880 1960 2925 1.
1980 2880 2045 2925 28
2095 2874 2174 2931 Id,
2197 2875 2236 2922 si
2260 2884 2412 2949 potes,
2434 2876 2574 2923 verbo
2604 2878 2777 2940 expedi

1723 2936 1813 2987 Ph.
1838 2938 1872 2999 i,
1893 2944 1941 2989 4.
1965 2944 2028 2989 20
2063 2938 2132 2987 Αι
2147 2939 2215 2988 sic
2231 2940 2388 2995 citius,
2411 2940 2491 3001 qui
2512 2949 2558 2987 te
2580 2941 2780 3003 expedi-

1722 3016 1774 3049 as
1795 3003 1870 3050 bis
1893 3004 2126 3062 aerumnis,
2151 3004 2350 3067 reperias
2383 3004 2477 3051 He.
2498 3004 2570 3061 iii,
2599 3010 2642 3055 l.
2667 3010 2698 3054 8

1787 3066 2014 3130 Expedit.
2078 3067 2284 3129 Expedit
2318 3070 2463 3115 bonas
2505 3084 2608 3117 esse
2645 3070 2792 3117 vobis-

1722 3129 1845 3179 Hea.
1866 3132 1921 3193 ii,
1943 3136 1990 3181 4.
2013 3136 2043 3181 8
2076 3131 2388 3187 Quamobrem
2413 3132 2624 3194 accipere
2648 3136 2780 3183 hunc

1723 3194 1840 3243 mihi
1861 3195 2082 3259 expediat
2103 3202 2278 3242 metum
2310 3194 2432 3242 Hea.
2457 3195 2508 3251 ii,
2524 3201 2573 3244 3.
2587 3202 2651 3245 96
2674 3198 2774 3245 Mi-

1721 3258 1868 3321 hique
1892 3266 1942 3306 ut
1962 3260 2138 3307 discere
2154 3274 2301 3317 novas
2321 3258 2542 3321 expediat
2557 3258 2652 3307 He.
2675 3260 2788 3319 Alt..

1721 3322 1851 3373 Prol.
1872 3327 1939 3373 49
1992 3322 2249 3386 Nostrapte
2289 3324 2434 3386 culpa
2466 3322 2682 3389 facimus,
2720 3335 2788 3375 ut.

1723 3388 1870 3435 malos
1892 3388 2111 3451 expediat
2132 3403 2234 3435 esse
2267 3388 2358 3436 Ph.
2376 3404 2423 3446 v,
2445 3394 2492 3438 2.
2517 3393 2543 3437 1

1787 3452 2006 3515 Expello.
2069 3453 2272 3501 Inventa
2309 3460 2381 3500 est
2419 3468 2576 3511 causa,
2598 3469 2692 3517 qua
2727 3464 2774 3501 te

1721 3516 2009 3579 expellerent
2039 3517 2162 3565 Hea.
2178 3533 2226 3574 v,
2244 3522 2291 3566 2.
2308 3521 2372 3567 36
2403 3516 2575 3580 Neque
2593 3516 2782 3577 potuis-

1721 3595 1772 3633 se
1795 3596 2002 3645 unquam
2024 3583 2085 3630 ab
2103 3584 2191 3630 hac
2214 3598 2286 3630 me
2307 3582 2540 3645 expellere
2572 3581 2700 3633 Hea.
2720 3581 2787 3640 ii,

1786 3707 2108 3772 Expergiscor.
2173 3709 2318 3759 Nunc
2351 3726 2508 3775 porro,
2527 3700 2778 3768 AEschine,

1720 3773 2071 3835 expergiscere!
2103 3775 2204 3822 Ad.
2225 3775 2289 3833 iv,
2313 3780 2362 3825 4.
2377 3780 2438 3825 21

1785 3836 2023 3899 Experior.
2089 3838 2238 3901 Quin,
2273 3856 2379 3887 cum
2414 3856 2536 3903 opus
2568 3846 2655 3892 est,
2690 3838 2772 3885 be-

1719 3900 1940 3948 neficium
1961 3918 2136 3950 rursum
2167 3904 2212 3950 ei
2251 3904 2512 3967 experimur
2546 3902 2772 3951 reddere?

1720 3963 1814 4014 Ph.
1836 3965 1906 4023 iii,
1928 3970 1979 4015 3.
2001 3973 2030 4015 5
2086 3966 2212 4017 Nam
2235 3968 2379 4016 fuisse
2399 3984 2510 4031 erga
2542 3982 2615 4014 me
2657 3966 2772 4013 miro

1718 4026 1931 4092 ingenio,
1949 4039 2165 4094 expertus
2188 4047 2289 4079 sum
2312 4032 2408 4079 He.
2424 4032 2495 4089 iii,
2517 4036 2568 4079 5.
2587 4034 2652 4077 39
2674 4029 2788 4077 Ex-.

1720 4094 1870 4155 periar
1899 4094 1998 4144 Ad.
2020 4095 2090 4154 iii,
2108 4102 2158 4147 2.
2181 4100 2246 4145 52
2285 4097 2580 4158 Quapropter
2602 4092 2774 4150 enitar,

1719 4157 1904 4216 faciam,
1922 4160 2132 4222 experiar
2163 4160 2260 4209 Ad.
2273 4160 2343 4215 iii,
2360 4164 2479 4209 4.61
2513 4158 2660 4206 Ludis
2677 4157 2772 4204 for-

1717 4229 1840 4273 tasse
1863 4240 1953 4274 me.
1987 4224 2073 4287 sy.
2095 4225 2207 4288 Ipsa
2235 4241 2287 4273 re
2321 4224 2591 4289 experibere
2644 4220 2775 4273 Hea-

1718 4285 1782 4350 iv,
1801 4292 1852 4337 6.
1871 4288 1936 4339 20
1989 4288 2098 4338 Hoc
2119 4305 2274 4338 verum
2298 4296 2388 4349 est,
2409 4296 2454 4338 et
2475 4288 2582 4353 ipsa
2602 4303 2652 4335 re
2687 4302 2770 4351 ex-
