3192 4975
615 421 944 499 'cccxlviii

633 603 862 658 speratam
880 651 888 656 -
905 590 1199 639 amitterem?
1233 589 1325 638 Eu.
1359 589 1431 647 iii,
1455 596 1501 640 ⁵.
1523 595 1588 639 67
1638 589 1684 639 Ο

631 657 852 720 Jupiter!
889 665 1130 705 tanmmne
1173 669 1277 704 esse
1315 655 1370 703 in
1413 655 1569 703 animo
1610 655 1684 704 in·-

627 721 851 770 scitiam?
887 719 1010 770 Hes.
1043 721 1112 778 iv,
1137 725 1182 769 1.
1205 723 1266 769 17
1321 719 1418 768 Hie
1449 735 1522 768 me
1555 735 1685 786 mag-

617 785 772 834 ·nifice
791 786 954 844 effero,
989 787 1070 848 qui
1106 785 1198 832 vim
1237 793 1412 832 tantam
1449 785 1500 831 in
1521 801 1614 840 me,
1638 794 1687 832 et

629 857 911 928 potestatem
949 851 1144 897 babeam
1179 856 1321 896 tantae
1345 849 1525 896 astutia:
1565 849 1686 898 Heu.

631 931 697 974 iv,
721 920 767 963 3.
792 920 856 963 82
905 914 1125 970 Gaudeo,
1159 921 1336 962 tautam
1369 913 1601 960 fortunam
1624 915 1686 962 de

628 980 886 1092 ilmpgoviso
925 995 1032 1090 essg
1063 979 1148 1090 ltiis²
1173 979 1331 1090 {uittam
1366 979 1456 1091 1³2.
1471 995 1536 1092 ἔό
1551 982 1687 1089 ὃόἒιξ

661 1059 950 1091 mesinre
1033 1059 1141 1090 na.
1234 1057 1380 1099 ειν,
1437 1077 1449 1091 .
1673 1079 1683 1088 .

631 1109 823 1172 iniquus
862 1123 947 1166 es;
980 1108 1062 1170 qui
1099 1123 1174 1156 me
1211 1115 1370 1155 tacere
1389 1108 1450 1154 de
1485 1123 1534 1154 re
1558 1115 1689 1154 tanta

635 1171 844 1236 postules
875 1173 998 1223 Hes.
1021 1189 1066 1228 v,
1105 1177 1156 1221 8.
1189 1177 1224 1221 9
1273 1172 1417 1229 Quod
1453 1172 1512 1218 ad
1555 1171 1686 1219 illum

625 1239 820 1294 ·attinet,
841 1237 1001 1296 talem,
1039 1237 1123 1285 tali
1146 1251 1330 1300 genere,
1351 1243 1492 1300 atque
1513 1236 1688 1291 animo,

635 1310 798 1349 natum
833 1317 890 1350 ex
924 1309 1056 1350 tanta
1089 1301 1264 1348 familia
1300 1299 1398 1348 Ad.
1438 1301 1506 1356 iii,
1542 1305 1589 1350 1.
1625 1305 1688 1350 10

633 1366 848 1414 Tantane
868 1367 1088 1414 affectum
1111 1379 1392 1430 quemquam
1415 1381 1516 1412 esse
1539 1367 1688 1411 homi-

627 1445 744 1478 nem
767 1431 1000 1478 audacia?
1036 1430 1125 1477 Pb.
1160 1447 1208 1487 v,
1231 1435 1278 1479 7.
1305 1434 1369 1479 84
1419 1429 1498 1476 Au
1522 1429 1689 1476 Fortu-

633 1511 744 1542 nam
775 1495 1057 1556 collaudem,
1091 1509 1198 1558 quse
1235 1494 1530 1558 gubernatrix
1561 1494 1686 1543 fuit:

635 1575 742 1624 que
759 1567 838 1607 tot
873 1575 965 1620 res,
1003 1565 1171 1616 tantas,
1205 1567 1300 1607 tam
1342 1567 1609 1624 opportune
1642 1559 1692 1605 in

635 1639 782 1671 unum
835 1625 1068 1672 conclusit
1096 1624 1260 1671 diem?
1313 1624 1405 1671 Eu'.
1449 1639 1494 1680 v,
1529 1629 1579 1672 9.
1628 1627 1688 1670 17

627 1688 868 1752 'Nunquid
889 1696 964 1737 est
999 1689 1126 1736 aliud
1159 1688 1268 1736 mali
1303 1688 1540 1744 damnive,
1562 1689 1691 1751 quod

637 1768 734 1800 non
770 1753 957 1809 dixeris,
979 1753 1243 1815 reliquom?
1278 1752 1363 1800 Pa.
1395 1752 1599 1800 Tantum
1622 1761 1695 1800 est

637 1817 733 1864 Eu.
769 1833 817 1878 v,
839 1822 887 1865 6.
921 1822 987 1866 26
1018 1816 1251 1872 Chreme,
1275 1824 1517 1865 tantumne
1539 1824 1613 1864 est
1633 1818 1693 1864 ab

637 1897 688 1930 re
711 1891 792 1928 tua
813 1882 900 1929 otii
929 1883 1036 1934 tibi,
1060 1882 1214 1930 aliena
1235 1890 1290 1930 ut
1309 1883 1478 1930 cures?
1515 1881 1636 1930 Hea.
1658 1881 1694 1939 i,

639 1951 687 1995 1.
710 1950 772 1994 28
808 1946 957 1993 Minis
979 1947 1146 2009 viginti
1165 1955 1219 1994 tu
1237 1947 1364 1992 illam
1383 1946 1565 2005 emisti3
1585 1962 1693 2011 quae

639 2025 712 2058 res
733 2011 816 2058 tibi
843 2018 992 2058 vortat
1013 2011 1165 2058 male!
1201 2011 1379 2074 argenti
1403 2019 1584 2060 santum
1608 2012 1693 2058 da-

637 2075 766 2123 bitur
795 2075 891 2124 Ad.
911 2075 965 2134 ii,
989 2080 1035 2124 l.
1070 2079 1134 2124 88
1183 2075 1297 2122 Non
1339 2075 1494 2122 hercle
1524 2075 1695 2132 verbis,

641 2139 890 2196 Parmeno,
923 2140 1018 2188 dici
1055 2148 1214 2204 potest
1243 2147 1445 2196 tantum,
1483 2155 1623 2202 quam
1646 2155 1695 2187 re

641 2204 744 2266 ipsa
765 2205 984 2267 navigare
1023 2203 1372 2254 incommodum
1399 2213 1470 2252 est
1506 2205 1601 2252 He.
1622 2204 1695 2260 iii,

636 2272 688 2317 4.
725 2273 755 2318 8
805 2269 951 2316 Scio:
992 2277 1236 2318 tantumne
1287 2269 1391 2317 est?
1443 2269 1533 2316 Ba.
1567 2269 1695 2316 Tan·

641 2340 740 2380 tum
773 2333 868 2380 He.
899 2337 1014 2393 v‚3.
1040 2339 1098 2382 15
1159 2333 1254 2381 Ubi
1292 2349 1368 2380 me
1403 2334 1562 2381 dixero
1583 2334 1696 2381 dare

641 2397 780 2452 tanti,
815 2403 956 2443 testes
988 2398 1132 2444 faciet
1161 2398 1288 2444 illico
1320 2396 1419 2444 Ad.
1455 2397 1508 2452 ii,
1547 2403 1594 2445 l.
1632 2399 1698 2446 49

641 2460 753 2516 Qua
771 2460 971 2507 audacia
991 2466 1171 2507 tantum
1185 2461 1367 2508 facinus
1387 2463 1566 2509 audet?
1601 2461 1695 2525 Py.

641 2524 776 2583 Quid
804 2523 874 2571 ita
911 2524 1126 2572 tanturn?
1162 2522 1252 2572 Eu.
1288 2539 1334 2585 v,
1369 2531 1416 2573 5.
1452 2529 1512 2574 17
1565 2525 1696 2583 Quid

641 2591 704 2636 de
743 2596 790 2639 te
823 2596 1004 2635 tantum
1039 2588 1283 2637 meruisti?
1315 2588 1438 2637 Hea.
1474 2588 1512 2644 i,
1550 2595 1596 2638 l.
1632 2594 1690 2638 31

641 2654 737 2701 Sed
774 2663 824 2701 te
847 2654 999 2708 miror,
1038 2654 1254 2709 Chreme,
1289 2660 1384 2699 tam
1418 2668 1572 2714 mane,
1612 2654 1697 2716 qui

640 2718 742 2767 lieri
764 2726 946 2765 tantum
967 2718 1138 2765 biberis
1172 2718 1293 2765 Hea-
1325 2718 1400 2773 iii,
1421 2722 1470 2767 2.
1493 2724 1524 2766 8
1569 2718 1695 2765 Tan-

641 2790 742 2829 tum
765 2790 837 2830 sat
858 2783 1030 2829 habes?
1064 2782 1187 2830 Hea.
1207 2784 1272 2844 iv,
1293 2786 1341 2829 8.
1363 2785 1428 2831 40
1479 2781 1548 2829 Ut
1567 2796 1696 2831 nunc

533 2851 542 2861 ‘
641 2847 919 2895 Menedemi
957 2847 1108 2894 vicem
1145 2847 1330 2895 miseret
1369 2862 1477 2906 me3
1511 2855 1695 2894 tantum

641 2912 888 2960 devenisse
926 2911 987 2958 ad
1017 2926 1126 2959 eum
1159 2910 1270 2959 mali
1318 2910 1440 2958 Hea.
1475 2912 1541 2967 iv,
1579 2917 1628 2959 5.
1666 2918 1697 2961 2

645 2976 776 3032 Quid
799 2992 889 3039 ego
911 2984 1093 3023 tantum
1131 2974 1316 3023 sceleris
1337 2974 1505 3022 admisi
1525 2976 1696 3023 miser?

641 3040 768 3089 Hes.
789 3056 836 3097 v,
860 3046 908 3089 2.
931 3043 962 3088 8
995 3039 1268 3088 Discrucior
1287 3040 1433 3087 animi
1453 3058 1464 3087 :
1501 3041 1699 3089 hoccine

646 3106 708 3153 de
749 3105 999 3167 improviso
1019 3105 1130 3153 mali
1164 3105 1278 3151 mihi
1300 3104 1446 3167 objici
1482 3107 1699 3153 tantum?

643 3169 728 3216 ut!
780 3170 876 3217 Ad.
910 3168 979 3227 iv,
1023 3174 1072 3217 4.
1108 3174 1140 3219 2
1193 3168 1340 3215 Satin’
1379 3168 1428 3215 id
1465 3171 1571 3217 est?
1606 3168 1699 3219 Ge.

645 3233 824 3281 Nescio
863 3232 1050 3280 hercle:
1083 3240 1264 3280 tantum
1296 3232 1454 3296 jussus
1473 3249 1576 3281 sum
1609 3236 1698 3284 Ph.

640 3299 712 3358 iv,
731 3302 781 3347 4.
801 3302 835 3347 2
885 3297 1084 3345 Hiccine
1125 3305 1179 3343 ut
1199 3312 1227 3343 a
1249 3298 1383 3344 nobis
1405 3300 1494 3345 boc
1517 3306 1701 3347 tantum

643 3363 824 3424 argenti
845 3362 1041 3416 auferat,
1064 3368 1156 3407 tam
1181 3370 1340 3424 aperte
1354 3362 1584 3410 irridens?
1608 3364 1700 3415 Ph.

539 3442 559 3458 ·
640 3440 692 3489 v,
714 3430 761 3474 ⁷.
783 3430 847 3474 62
897 3425 992 3473 Vix
1015 3440 1114 3471 sum
1152 3428 1282 3489 apud
1311 3442 1401 3482 me,
1423 3427 1493 3475 ita
1514 3428 1699 3476 animus

642 3499 905 3537 commotus
925 3497 996 3537 est
1017 3498 1160 3546 metu,
1185 3506 1288 3554 spe,
1312 3492 1504 3553 gaudio,
1530 3494 1700 3541 miran-

643 3555 712 3601 do
733 3555 824 3604 hoc
843 3560 994 3610 tanto,
1027 3562 1120 3602 tam
1141 3558 1387 3618 repentino
1410 3558 1533 3604 bono
1566 3559 1628 3606 A.
1654 3576 1700 3616 v,

647 3624 697 3668 4.
721 3624 782 3668 85
836 3619 956 3676 Quis
975 3619 1014 3666 is
1036 3628 1108 3667 est
1127 3628 1222 3667 tam
1248 3629 1414 3683 potens
1437 3638 1542 3669 cum
1567 3630 1700 3670 tanto

640 3700 837 3733 >munere
857 3684 984 3732 hoc?
1017 3684 1108 3732 Eu.
1132 3684 1185 3745 ii,
1204 3690 1251 3733 8.
1271 3692 1331 3734 61
1371 3687 1446 3734 Ita
1466 3702 1592 3735 nunc
1612 3688 1700 3735 im-

645 3757 856 3860 pali'ratum
879 3749 1034 3797 subito
1056 3757 1190 3797 tanta
1211 3758 1258 3799 te
1279 3750 1556 3816 impendent
1576 3752 1701 3801 mala

724 3848 737 3863 s
760 3813 792 3869 ἰ.
817 3818 865 3863 4.·
885 3818 916 3865 2
1463 3824 1468 3826 Λ

709 3877 1056 3927 Tardiusculus.
1136 3878 1376 3928 Videlicet
1409 3880 1492 3927 ille
1531 3880 1701 3929 cliniae

649 3956 807 3990 servus
824 3943 1140 3992 tardiusculus
1162 3951 1235 3991 est
1265 3943 1382 3993 Hea.
1407 3945 1477 4000 iii,
1497 3948 1546 3995 2.
1569 3950 1603 3994 4

713 4007 912 4055 Tardus.
979 4008 1154 4056 Fatuus
1173 4016 1262 4065 est,
1279 4008 1502 4069 insulsus,
1523 4010 1701 4065 tardus,

651 4072 803 4120 stertit
835 4078 1093 4136 noctesque
1131 4080 1181 4121 et
1217 4074 1317 4120 dies
1351 4072 1442 4122 Eu.
1477 4090 1527 4128 v,
1563 4078 1612 4123 9.
1636 4078 1701 4122 49

647 4136 866 4185 'Pron-mm
887 4137 1004 4185 nihil
1023 4138 1252 4201 intelligo.
1274 4138 1358 4201 Sy.
1383 4138 1514 4185 Hui!
1542 4140 1702 4185 tardus

645 4212 698 4245 es
731 4197 853 4248 Hea.
876 4202 941 4259 iv,
963 4208 1012 4251 5.
1035 4207 1100 4251 28

709 4262 918 4313 Techna.
984 4266 1288 4314 Parmenonis
1327 4274 1420 4314 tam
1457 4265 1556 4313 scio
1600 4282 1701 4314 esse

649 4325 772 4375 hanc
803 4330 1039 4393 technam,
1073 4346 1215 4395 quam
1237 4346 1314 4379 me
1335 4331 1490 4380 vivere
1521 4328 1615 4378 Eu.
1636 4331 1701 4389 iv,

1600 441 1840 490 {NDEX

1754 595 1806 641 4.
1830 595 1889 641 51
1926 589 2044 638 Palli
2066 597 2115 640 te
2134 590 2259 639 sinas
2280 589 2463 638 technis
2476 605 2561 653 per
2577 589 2809 642 servulum

1761 655 1879 704 Hes.
1902 655 1969 716 iii,
1993 660 2038 704 1.
2066 660 2133 705 62
2836 657 2845 666 ’

1820 718 2034 770 Tectum.
2116 717 2299 776 Victus,
2342 718 2552 780 vestitus,
2604 736 2700 784 quo
2752 721 2808 770 in

1758 792 1933 833 tectum
1958 793 2004 832 te
2026 792 2239 847 receptes
2272 783 2395 832 Hea.
2414 800 2460 838 v,
2482 788 2528 832 2.
2552 787 2611 832 16

1820 849 2013 898 Tecum.
2081 849 2251 902 Crede,
2286 863 2537 912 numquam
2570 849 2711 896 hodie
2736 857 2812 898 te-

1758 929 1864 962 cum
1883 923 2271 962 commutaturum
2294 921 2471 977 patrem
2494 929 2591 960 esse
2612 914 2809 962 verbum

1760 977 1823 1025 A.
1860 979 1913 1036 ii,
1936 982 1987 1028 4.
2018 983 2049 1027 ⁷
2103 978 2255 1025 Aiunt
2288 985 2442 1026 tecum
2483 985 2587 1040 post
2624 978 2813 1025 duobus

1758 1041 2067 1091 concubuisse
2088 1057 2193 1090 eam
2214 1043 2450 1090 mensibus
2472 1041 2563 1090 He.
2586 1042 2653 1096 iii,
2676 1046 2723 1090 3.
2738 1047 2810 1090 83

1758 1107 1896 1170 Ipsus
1918 1115 2006 1162 est,
2026 1107 2085 1154 de
2110 1121 2205 1170 quo
2228 1107 2305 1155 hic
2325 1108 2517 1169 agebam
2540 1114 2691 1153 tecum
2711 1106 2812 1154 He.

1758 1173 1830 1227 iii,
1852 1179 1900 1220 6.
1922 1178 1950 1219 6
1984 1170 2163 1219 Tecum
2178 1169 2295 1220 nihil
2317 1172 2381 1219 rei
2400 1171 2553 1230 nobis,
2572 1171 2814 1234 Demipho

1758 1245 1831 1284 est
1863 1237 1952 1284 Ph.
1969 1237 2020 1294 ii,
2042 1240 2090 1285 3.
2112 1240 2176 1284 74
2209 1235 2317 1283 Una
2342 1243 2493 1283 tecum
2511 1235 2652 1295 buna,
2674 1236 2817 1292 mala,

1758 1301 2057 1348 tolerabimus
2091 1300 2178 1347 Ph.
2224 1301 2293 1358 iii,
2328 1305 2376 1349 8.
2400 1305 2463 1349 23
2514 1299 2637 1348 Vide
2672 1315 2813 1362 porro

1762 1366 1885 1415 Cum

1822 1429 1969 1494 Tego.
2035 1427 2238 1492 Injurias
2274 1429 2360 1476 viri
2392 1443 2555 1476 omnes
2592 1427 2723 1484 ferre,
2763 1436 2820 1476 et

1756 1501 1918 1558 tegere
1940 1493 2249 1542 contumelias
2280 1493 2375 1540 He.
2398 1493 2430 1549 i,
2452 1497 2501 1542 2.
2522 1496 2583 1541 91
2632 1493 2817 1540 Trium-

1798 1560 1877 1620 ho,
1901 1557 2076 1606 silicet
2118 1575 2191 1606 me
2234 1558 2374 1605 latere
2412 1566 2540 1606 tecto
2564 1558 2816 1605 abscedere

1812 1639 1883 1670 ea.
1918 1623 1981 1679 iv,
2020 1629 2068 1672 2.
2104 1629 2133 1671 5
2188 1623 2281 1670 Per
2298 1639 2401 1670 eam
2426 1630 2472 1668 te
2504 1625 2819 1678 obsecramus,

1760 1689 1833 1735 uti
1855 1689 2051 1736 adversa
2072 1687 2175 1751 ejus
2200 1703 2283 1750 per
2316 1699 2360 1735 te
2400 1695 2541 1748 tecta,
2578 1688 2819 1750 tacitaque

1764 1754 1891 1817 apud
1914 1767 2076 1800 omnes
2098 1753 2221 1800 sient
2252 1749 2345 1800 He.
2366 1751 2434 1808 iii,
2458 1756 2504 1800 8.
2524 1755 2591 1800 28

1826 1817 2023 1880 Tegula.
2090 1815 2247 1864 Deum
2272 1831 2372 1864 sese
2388 1818 2434 1862 in
2456 1817 2687 1863 hominem
2701 1831 2823 1863 con-

1766 1883 1988 1941 vertisse;
2020 1889 2073 1930 et
2108 1897 2191 1944 per
2212 1881 2386 1929 alienas
2420 1882 2599 1944 tegulas
2637 1882 2819 1929 venisse

1762 1945 2026 1994 clanculum
2077 1945 2169 1992 Eu.
2209 1945 2279 2005 iii,
2312 1951 2361 1996 5.
2398 1950 2463 1994 40
2510 1945 2693 2008 Anguis
2734 1962 2825 2010 per

1760 2011 2040 2074 impluvium
2060 2009 2242 2058 decidit
2264 2011 2326 2056 de
2369 2011 2539 2074 tegulis
2576 2011 2656 2057 Ph.
2678 2011 2744 2068 iv,
2764 2015 2823 2061 4.

1829 2139 1961 2186 Tela.
2008 2137 2266 2186 Texentem
2282 2139 2422 2186 telam
2444 2139 2649 2186 studiose
2669 2139 2823 2202 ipsam

1766 2203 2062 2253 offendimus.
2128 2201 2305 2250 Mulier
2339 2203 2479 2250 telam
2512 2205 2685 2252 deserit
2703 2221 2823 2252 con-

1764 2267 1899 2315 tinuo
1933 2267 2057 2316 Hea.
2080 2268 2133 2325 ii,
2171 2271 2219 2316 8.
2242 2271 2323 2316 44.
2355 2273 2419 2318 64
2466 2269 2611 2324 Lana,
2634 2284 2689 2316 ac
2724 2269 2826 2316 tela

1766 2335 1940 2380 victum
1962 2332 2212 2396 quaeritans
2246 2331 2308 2381 A.
2330 2331 2366 2390 i,
2389 2339 2431 2382 1.
2455 2337 2518 2382 48

1830 2397 2136 2458 Temerarius,
2156 2412 2202 2454 a,
2240 2413 2336 2444 um.
2398 2397 2521 2444 Sanc
2544 2397 2625 2461 pol
2646 2397 2728 2444 illa
2752 2404 2825 2444 te-

1768 2459 1975 2509 mulenta
2009 2469 2081 2509 est
2120 2461 2301 2521 mulier,
2337 2468 2385 2510 et
2422 2461 2663 2511 temeraria
2695 2461 2761 2511 A.
2788 2462 2825 2519 i,

1830 2588 2042 2638 Temere.
2108 2592 2201 2639 Sed
2224 2591 2329 2639 dico
2349 2590 2451 2646 tibi,
2472 2604 2532 2637 ue
2550 2597 2723 2637 temere
2746 2590 2824 2636 fa-

1770 2655 1868 2701 cias
1900 2654 1961 2701 A.
2000 2656 2035 2719 i,
2072 2660 2120 2704 2.
2158 2660 2221 2705 34
2266 2655 2377 2702 Non
2414 2661 2586 2703 temere
2624 2663 2729 2714 est3
2776 2663 2828 2701 et

1771 2732 2025 2780 propersns
2062 2721 2193 2769 venit
2224 2718 2313 2767 Eu.
2346 2720 2397 2775 ii,
2427 2724 2474 2769 2.
2512 2724 2577 2768 60
2626 2718 2825 2776 Nescio,

1771 2785 1887 2844 quid
1910 2785 2050 2831 tristis
2072 2793 2143 2833 est
2166 2802 2178 2832 ε
2204 2799 2297 2831 non
2321 2791 2493 2831 temere
2511 2792 2581 2831 est
2600 2801 2611 2829 ε
2648 2791 2825 2841 metuo,

1773 2849 1887 2909 quid
1912 2849 2001 2895 siet
2032 2848 2153 2898 Hea.
2186 2850 2249 2905 iv,
2274 2852 2321 2898 1.
2339 2854 2370 2898 7
2422 2846 2537 2895 Non
2557 2856 2629 2895 est
2651 2856 2824 2895 temere

1772 2911 1896 2962 Hea.
1932 2912 1996 2970 iv,
2018 2919 2067 2963 4.
2108 2918 2172 2963 19
2206 2912 2328 2971 'Quo
2370 2914 2517 2976 magis
2553 2927 2711 2960 omnes
2748 2928 2824 2959 res

1772 2978 1975 3034 cautius,
1996 2994 2057 3025 ne
2096 2985 2267 3026 temere
2308 2978 2495 3034 faciam,
2532 2993 2699 3025 securo
2731 2976 2825 3025 He.

1770 3058 1819 3099 v,
1846 3047 1892 3092 l.
1916 3047 1975 3093 ll
2010 3041 2089 3089 An
2112 3051 2282 3091 temere
2302 3044 2555 3107 quicquam
2573 3042 2827 3089 Parmeno-

2375 3108 2392 3140 ,
2519 3111 2527 3121 .

1770 3122 1882 3219 ἔξω
1924 3106 2385 3236 ἓὲῗρἑῖῗῖὶῶἶέἶί
2421 3106 2827 3233 .ffi?it.11;2¹go⁸?.

1772 3250 1863 3293 me,
1889 3236 2003 3299 quin
2036 3236 2128 3286 Plu.
2152 3238 2214 3291 ir,
2240 3242 2286 3285 5.
2306 3242 2339 3285 2
2380 3236 2535 3293 Quam
2560 3250 2685 3298 saepe
2707 3235 2827 3283 forte

1774 3308 1945 3347 temere
1979 3302 2220 3357 eveniunt,
2254 3316 2361 3365 quae
2398 3316 2497 3347 non
2532 3302 2707 3347 audeas
2736 3316 2825 3363 op-

1772 3365 1891 3413 tare!
1929 3365 2079 3427 Ph.v,
2104 3372 2149 3415 1.
2172 3370 2235 3415 3⁰
2268 3366 2344 3413 Sic
2366 3364 2487 3412 erit:
2523 3381 2619 3411 nou
2652 3372 2828 3412 temere

1772 3429 1882 3476 dico
1915 3428 2005 3477 Ph.
2028 3434 2138 3491 ν,8.
2167 3434 2229 3480 19
2276 3428 2389 3479 Non
2412 3430 2493 3493 poi
2529 3437 2700 3477 temere
2732 3436 2824 3484 est,

1772 3495 1899 3557 quod
1924 3502 1973 3541 tu
1996 3503 2089 3541 tam
2112 3495 2261 3543 times.
2329 3494 2601 3557 Priusquam
2637 3495 2727 3540 huc
2746 3508 2825 3539 re-

1774 3560 1978 3621 spondes
2003 3567 2192 3616 temere,
2214 3559 2325 3607 audi
2359 3558 2451 3607 Pb.
2472 3575 2518 3615 v,
2541 3564 2589 3609 8.
2610 3562 2657 3607 9.
2680 3562 2744 3605 48

1836 3623 2133 3685 Temperans.
2152 3624 2221 3671 Ex
2242 3640 2337 3687 qua
2360 3639 2407 3671 re
2429 3624 2580 3671 minus
2602 3623 2665 3670 rei
2684 3622 2827 3677 foret,

1772 3695 1856 3734 aut
1874 3687 2008 3735 famae
2029 3696 2292 3752 temperans
2309 3689 2399 3736 Ph.
2420 3689 2474 3750 ii,
2495 3693 2539 3737 l.
2562 3693 2621 3739 41
2658 3686 2828 3733 Homi-

1773 3750 1847 3798 nis
1862 3752 1999 3813 frugi,
2022 3761 2072 3800 et
2092 3754 2393 3817 temperantis
2410 3754 2601 3801 functus
2620 3752 2825 3801 officium

1773 3815 1898 3863 ΗΘΒ.
1916 3816 1984 3873 iii,
2004 3821 2051 3865 3·
2072 3820 2137 3866 19

1837 3880 2124 3944 Tempestas.
2190 3882 2265 3929 Ita
2304 3898 2451 3947 usque
2475 3882 2671 3930 adversa
2706 3888 2821 3927 tem-

1774 3952 1956 4009 pestate
1978 3946 2049 3993 usi
2073 3962 2230 3994 sumus
2254 3946 2349 3995 He.
2368 3948 2436 4004 iii,
2458 3952 2507 3996 4.
2530 3951 2561 3995 9

1838 4008 2103 4073 Templum.
2188 4011 2261 4059 At
2312 4027 2451 4075 quem
2496 4010 2688 4059 Deum?
2726 4007 2827 4119 1{ui

1775 4075 1953 4137 templa
1974 4076 2078 4123 coeli
2101 4088 2281 4125 summa
2300 4078 2461 4125 sonitu
2492 4074 2697 4125 concutit
2776 4088 2829 4123 u.

1772 4138 1843 4195 iii,
1868 4145 1916 4187 5.
1936 4144 1999 4189 42

1836 4203 2060 4267 Tempus.
2127 4204 2257 4254 Dum
2296 4213 2479 4269 tempus
2516 4206 2577 4251 ad
2608 4218 2711 4251 eam
2728 4216 2830 4249 rem

1772 4268 1918 4328 tulit3
1952 4269 2038 4317 sivi
2072 4268 2137 4317 A.
2168 4270 2204 4327 i,
2224 4274 2273 4319 2.
2297 4275 2359 4319 17
2404 4268 2549 4326 Hem,
2584 4268 2636 4316 id
2660 4276 2707 4315 te
2728 4282 2829 4322 oro,

1778 4340 1831 4381 ut
1850 4341 1961 4383 aute
1978 4348 2155 4392 eamus,
2176 4337 2288 4383 dum
2310 4342 2495 4399 tempus
2518 4335 2671 4390 datur,
2692 4334 2829 4381 dum-
