3192 4975
1252 449 1327 496 ΙΝ
1378 447 1850 497 TERENTIUM.

428 595 603 646 vortite
633 595 696 644 A.
722 593 849 644 Ptol.
871 598 905 642 8
928 607 934 612 ·
958 592 1027 642 At
1066 593 1169 642 tibi·
1187 593 1259 652 Di
1290 595 1486 658 dignum

433 661 574 710 factis
614 660 805 710 exitium
850 658 989 706 duint
1038 657 1104 708 A.
1127 659 1194 716 iv,
1218 665 1264 708 1.
1295 664 1357 708 43
1415 659 1483 707 Di

430 725 521 774 tibi
554 733 716 772 omnes
748 725 818 784 id,
844 723 970 784 quod
1005 738 1056 772 es
1090 723 1283 786 dignus,
1310 723 1483 772 duint!

433 789 528 839 Ph.
550 788 626 850 iii,
646 793 697 837 2.
720 791 783 835 34
822 787 927 850 Ego
946 787 1137 844 curabo,
1161 803 1223 834 ne
1246 787 1362 850 quid
1385 803 1487 836 ver·

432 853 595 903 borum
618 851 754 899 duint
789 851 877 898 ΡΙ).
898 851 965 911 iv,
986 857 1032 900 5.
1053 857 1078 900 1
1128 851 1333 908 Malum,
1356 853 1485 914 quod

430 916 515 967 isti
536 916 605 964 Di
629 914 844 978 Deaeque
866 931 1028 963 omnes
1050 915 1187 964 duint
1206 915 1219 962 Ι
1256 916 1345 965 ΡΙ).
1367 933 1416 977 v,
1438 921 1485 968 7.

430 984 495 1030 83
552 980 622 1028 Di
664 979 833 1026 melius
876 980 1016 1026 duint
1038 979 1049 1028 Ι
1109 979 1201 1027 ΡΙ).
1244 996 1291 1036 v,
1336 984 1383 1029 8.
1422 984 1485 1029 16

429 1043 569 1092 Hanc
592 1044 735 1091 fidem
757 1043 866 1103 sibi,
898 1059 971 1092 me
1004 1044 1280 1104 obsecravit,
1316 1051 1369 1091 ut
1399 1045 1485 1091 da·

427 1121 527 1156 rem
542 1108 626 1162 ,A.
650 1108 702 1164 ii,
725 1112 775 1156 3.
795 1111 859 1156 28
892 1107 1002 1163 Quo
1025 1122 1151 1154 nunc
1178 1124 1249 1164 me
1264 1108 1484 1171 praecipi-

428 1178 525 1220 tem
546 1172 705 1219 darem
729 1170 794 1218 A.
815 1171 889 1232 iii,
911 1176 960 1221 4.
983 1176 1045 1221 27
1079 1171 1243 1218 Filiam
1260 1180 1313 1218 ut
1324 1173 1483 1220 darem

426 1234 482 1284 in
506 1236 806 1296 seditionem,
825 1243 967 1299 atque
987 1235 1185 1284 incertas
1208 1237 1396 1298 nuptias
1422 1236 1480 1286 A.

426 1315 479 1355 v,
509 1305 553 1348 1.
579 1305 635 1348 11
674 1299 883 1347 Dissolvi
905 1315 997 1356 me,
1020 1299 1196 1347 otiosus
1220 1315 1407 1362 operam
1430 1309 1485 1348 ut

429 1363 521 1415 tibi
543 1364 701 1410 darem
734 1363 857 1411 Hea.
880 1362 952 1425 iii,
976 1368 1023 1411 1.
1049 1368 1143 1413 102
1176 1364 1484 1412 Adolescenti

426 1427 521 1490 ipsi
542 1428 767 1490 eriperem
789 1426 981 1475 oculos:
1004 1436 1115 1490 post
1132 1429 1234 1476 haec
1266 1429 1481 1492 praecipi-

426 1498 522 1546 tem
542 1493 701 1538 darem
735 1492 830 1540 Ad.
851 1491 924 1552 iii,
946 1496 995 1540 2.
1016 1497 1081 1544 20
1120 1490 1191 1539 At
1212 1493 1289 1540 hic
1312 1493 1483 1541 dehor-

430 1561 553 1602 tatus
575 1564 647 1605 est
668 1571 759 1612 me,
782 1571 841 1602 ne
862 1555 989 1604 illam
1012 1556 1097 1603 tibi
1123 1557 1281 1604 darem
1320 1557 1411 1605 ΡΙ).
1434 1575 1481 1615 v,

428 1623 478 1669 7.
502 1623 561 1668 17
615 1618 729 1666 Non
750 1635 839 1682 ego
862 1619 1097 1676 dicebam,
1126 1621 1181 1666 in
1204 1629 1481 1683 perpetuum

426 1681 555 1732 illam
589 1683 660 1731 illi
701 1691 751 1731 ut
786 1684 921 1732 dares
976 1684 1101 1736 Hea.
1125 1685 1189 1745 iv,
1207 1691 1253 1732 5.
1278 1690 1339 1734 33
1389 1686 1479 1734 Ar-

428 1755 620 1810 gentum
665 1755 720 1796 ut
757 1748 893 1795 dares
947 1747 1073 1798 Hea.
1110 1765 1158 1803 v,
1184 1753 1229 1797 1.
1248 1753 1313 1798 20
1372 1749 1481 1800 Tibi

425 1811 623 1874 quidem,
642 1818 716 1859 est
747 1811 861 1859 olim
895 1812 1017 1868 dies,
1056 1828 1197 1876 quam
1242 1813 1302 1860 ad
1347 1813 1482 1862 dares

425 1875 554 1931 hnic,
575 1876 837 1938 praestituta
882 1876 973 1926 ΡΙ).
996 1876 1065 1932 iii,
1089 1881 1136 1926 2.
1161 1881 1225 1926 39
1280 1876 1480 1926 Unicum

424 1948 617 2004 gnatam
659 1955 790 1990 suam
832 1955 939 1988 cum
984 1942 1097 1989 dote
1151 1956 1331 1988 summa
1382 1942 1479 1989 filio

426 2019 619 2062 uxorem
641 2012 695 2054 ut
716 2005 849 2059 daret
880 2003 941 2052 A.
964 2005 999 2060 i,
1027 2010 1069 2054 1.
1088 2009 1150 2056 74
1210 2004 1341 2054 Emit
1382 2005 1479 2054 Eu-

426 2070 653 2126 nuchum,
674 2069 963 2131 quemdono
986 2069 1098 2120 huic
1132 2070 1265 2116 daret
1317 2068 1408 2117 Eu.
1433 2086 1479 2128 v,

422 2136 475 2180 6.
497 2137 557 2182 13
614 2132 759 2182 Unde
800 2140 925 2180 esset
966 2133 1275 2188 adolescenti,
1318 2135 1481 2184 amicae

457 2198 553 2244 uod
576 2197 709 2254 daret
738 2196 864 2248 Hea.
889 2197 957 2258 iii,
978 2201 1027 2246 2.
1048 2201 1111 2247 23
1167 2196 1298 2252 Non,
1335 2197 1376 2243 si
1410 2213 1480 2245 re-

460 2261 587 2316 isset,
603 2261 650 2310 ei
667 2268 799 2324 pater
814 2261 999 2308 veniam
1015 2262 1147 2310 daret
1164 2261 1181 2308 ?
1216 2260 1309 2308 Ge.
1329 2260 1481 2312 Ille-ne

424 2322 689 2372 indotatam
732 2324 979 2388 virginem,
1040 2332 1183 2388 atque
1222 2325 1481 2388 ignobilem

426 2390 559 2436 daret
581 2389 687 2438 illi?
720 2390 812 2439 ΡΙ).
834 2391 870 2447 i,
893 2394 939 2439 2.
962 2393 1044 2439 69.
1066 2394 1127 2439 71
1175 2388 1244 2436 Ut
1266 2389 1479 2452 praeeipi-

425 2454 675 2511 oem,hanc
706 2453 841 2503 daret
893 2454 985 2504 Ph.
1008 2454 1075 2511 iv,
1097 2457 1145 2503 3.
1167 2457 1231 2503 20
1283 2453 1334 2501 Si
1377 2455 1481 2519 quis

422 2518 557 2566 daret
598 2519 827 2567 talentum
864 2534 1087 2583 magnum
1141 2516 1229 2565 Ph.
1252 2519 1320 2575 iv,
1342 2524 1391 2568 3.
1416 2524 1481 2569 38

422 2580 535 2637 sed,
566 2582 618 2631 id
660 2583 787 2646 quod
827 2582 901 2629 lex
924 2584 1085 2646 jubet,
1116 2583 1276 2630 dotem
1307 2584 1482 2632 daretis

424 2645 517 2696 Ph.
539 2646 595 2701 ii,
621 2651 667 2695 1.
690 2649 752 2696 67
803 2647 968 2703 Quod,
990 2647 1079 2694 nisi
1102 2648 1211 2702 hoc,
1234 2648 1483 2695 consilium

422 2710 623 2760 darent?
660 2710 724 2759 A.
745 2710 812 2767 iv,
837 2715 887 2759 1.
911 2715 973 2763 45
1009 2710 1155 2771 Mihi,
1200 2710 1285 2773 qui
1317 2710 1367 2758 id
1402 2712 1486 2759 de-

423 2774 593 2822 dissem
617 2774 884 2831 consilium,
920 2775 1022 2837 egit
1056 2775 1226 2837 gratias
1279 2773 1379 2821 Ad.
1413 2774 1487 2831 iii,

420 2840 473 2887 3.
493 2843 555 2887 14
585 2839 751 2888 Situm
767 2854 865 2885 non
885 2838 1078 2893 dedero,
1098 2854 1241 2885 unam
1263 2844 1489 2899 praeterea

421 2903 584 2951 horam
629 2918 691 2949 ne
734 2909 959 2963 oppertus
992 2902 1084 2948 sies
1132 2902 1225 2949 ΡΙ).
1262 2902 1329 2957 iii,
1350 2905 1399 2949 2.
1422 2905 1489 2951 29

421 2962 589 3028 Atque
609 2964 721 3011 huic
742 2965 921 3027 aliquid
944 2964 1187 3027 paululum
1214 2980 1307 3025 prae
1341 2979 1486 3011 manu

420 3030 629 3085 dederis,
656 3029 780 3075 unde
803 3035 963 3075 utatur
998 3028 1089 3075 Ad.
1114 3044 1159 3081 v,
1178 3032 1226 3077 9.
1248 3032 1317 3078 24
1351 3028 1485 3085 Quid

419 3093 571 3142 facias
590 3092 682 3149 illi,
704 3092 788 3155 qui
811 3092 995 3141 dederit
1017 3092 1237 3139 damnum
1270 3101 1352 3139 aut
1386 3108 1483 3139 ma-

422 3158 519 3211 lum
539 3158 557 3206 ?
593 3156 658 3205 A.
679 3156 713 3213 i,
733 3162 777 3205 1.
803 3160 899 3207 no
932 3156 1027 3205 Cur
1040 3163 1195 3219 partes
1213 3156 1311 3203 seni
1330 3155 1487 3205 Poeta

424 3222 626 3279 dederit,
655 3236 763 3285 quae
796 3216 909 3269 sunt
939 3220 1311 3269 adolescentium
1360 3220 1483 3269 Hea.

422 3285 550 3337 Prol-
570 3290 603 3335 2
654 3285 723 3342 Is,
747 3286 873 3348 qnod
898 3284 1013 3333 mihi
1035 3285 1096 3333 de
1117 3286 1207 3333 hac
1231 3300 1280 3333 re
1302 3285 1486 3333 dederit

422 3350 691 3407 consilium,
716 3349 764 3397 id
790 3364 959 3412 sequar
991 3348 1089 3396 Ad.
1112 3349 1183 3403 iii,
1204 3354 1249 3398 4.
1274 3352 1337 3399 54
1392 3350 1485 3397 Ph.

422 3412 481 3476 ii,
500 3418 549 3463 4.
570 3419 631 3467 21
692 3412 787 3461 Cui
808 3414 950 3461 verba
972 3414 1081 3461 dare
1104 3413 1293 3461 difficile
1316 3420 1388 3460 est
1418 3412 1485 3463 A.

420 3478 458 3533 i,
482 3482 532 3529 3.
557 3482 590 3527 6
639 3478 845 3526 Uxorem
882 3478 1093 3525 decrerat
1113 3478 1348 3525 dare-sese
1370 3478 1483 3524 mibi

423 3542 571 3591 hodie
605 3542 665 3589 A.
689 3542 725 3599 i,
748 3548 796 3591 5.
819 3546 848 3591 3
903 3542 1098 3599 Quanto
1136 3542 1279 3591 satius
1310 3549 1398 3597 est,
1436 3550 1483 3588 te

422 3606 475 3656 id
510 3608 621 3655 dare
655 3607 885 3670 operm?
940 3605 1005 3653 A.
1040 3606 1098 3667 ii,
1118 3609 1212 3654 1.7
1275 3604 1355 3651 Ait
1391 3604 1499 3653 tibi-

424 3686 615 3717 uxorem
660 3673 772 3719 dare
816 3685 917 3719 sese
962 3669 1106 3717 hodie
1161 3668 1225 3716 A.
1264 3668 1394 3727 ii-,..2.
1422 3674 1484 3717 16

422 3733 555 3783 Num
576 3734 673 3782 filio
695 3735 881 3785 videtur
913 3750 1102 3781 uxorem
1140 3729 1289 3781 dar'e'?
1342 3732 1407 3781 A.
1427 3733 1481 3793 ii,

424 3804 474 3847 6.
494 3802 557 3847 21
617 3799 762 3856 Quod
801 3798 923 3861 jussi
966 3798 1012 3846 ei
1051 3801 1161 3845 dare
1197 3796 1375 3853 bibere,
1435 3804 1486 3845 et

423 3871 652 3926 quantum
670 3862 912 3927 imperavi,
934 3863 1045 3909 date
1077 3862 1138 3909 A.
1161 3862 1341 3919 iii,2.4
1378 3860 1484 3909 Nec

423 3927 693 3989 postulabat
714 3941 841 3977 nunc
863 3927 1109 3988 quisquam
1146 3942 1335 3973 uxorem
1371 3927 1483 3974 dare

421 3991 575 4053 A..iv‚
597 3997 640 4041 1.
664 3995 727 4041 33
785 3990 927 4038 Velle
958 4006 1009 4037 se
1049 3989 1180 4037 illam
1213 3989 1332 4037 mihi
1372 3990 1483 4039 dare

424 4054 517 4103 Eu.
551 4056 589 4112 i,
612 4060 663 4105 2.
681 4060 744 4107 61
814 4053 988 4113 Quaeso
1028 4055 1181 4103 hercle
1226 4061 1279 4100 ut
1324 4053 1483 4112 liceat,

422 4134 543 4181 pace
566 4120 695 4183 quod
720 4120 803 4167 fiat
826 4128 925 4175 tua,
948 4118 1058 4165 dare
1081 4118 1193 4167 huic
1215 4134 1321 4181 quae
1344 4118 1477 4165 volu·

424 4198 528 4231 mus
561 4184 655 4231 Eu.
677 4182 749 4241 iii,
772 4188 821 4232 2.
843 4187 907 4232 14
950 4182 1066 4245 Ipsa
1088 4184 1360 4231 accumbere
1382 4198 1481 4229 me·

424 4262 549 4303 cum,
572 4248 691 4296 mihi
708 4262 809 4294 sese
832 4249 963 4307 date,
995 4262 1254 4294 sermonem
1276 4262 1481 4309 quaerere

424 4308 519 4363 Eu.
538 4312 611 4369 iii,
632 4318 681 4362 3.
708 4316 768 4361 10
800 4311 986 4363 Dixtin’
1022 4313 1108 4359 hos
1130 4312 1249 4359 mihi
1270 4312 1371 4361 dies
1394 4311 1481 4359 soli

558 4392 733 4457 Daph.
752 4397 802 4443 et
830 4393 946 4445 Vtar.
970 4392 1101 4443 Clas.

1424 4394 1535 4463 Iud.
1562 4392 1756 4443 Terent.

2371 434 2624 500 lxxxix

1567 595 1782 644 darete?
1818 595 1907 646 Eu.
1930 597 1994 652 iv,
2017 601 2066 648 7.
2089 601 2154 648 23
2200 595 2370 660 Neque
2409 599 2490 660 pol
2523 616 2621 648 ser·-

1568 660 1776 708 vandum
1798 660 1884 708 tibi
1905 661 2156 724 quicquam
2179 661 2288 710 dare
2328 663 2474 710 ausim
2530 663 2623 714 Eu.

1570 739 1617 779 v,
1639 729 1688 774 2.
1713 728 1782 774 65.
1811 723 1954 772 Nunc
1977 741 2084 773 cum
2106 725 2207 773 sine
2231 741 2397 788 magno
2416 727 2623 778 intertri-

1568 794 1730 836 mento
1753 804 1847 835 non
1891 797 2046 852 potest
2079 789 2255 844 haberi,
2293 790 2477 852 quidvis
2514 793 2626 842 dare

1568 853 1706 914 cupis
1751 852 1872 900 Hea.
1894 853 1969 910 iii,
1996 858 2042 903 1.
2065 858 2130 904 40
2185 853 2254 904 Ut
2291 869 2352 901 ne
2399 853 2622 906 scientem

1568 915 1744 964 sentiat
1785 925 1832 966 te
1866 918 1918 966 id
1957 919 2046 966 sibi
2082 919 2193 965 dare
2248 917 2366 965 Hes.
2391 917 2462 978 iii,
2487 925 2531 968 1.
2557 925 2623 972 59

1568 979 1697 1028 Dare
1719 981 1995 1045 denegaris3
2029 982 2122 1030 ibit
2144 983 2202 1029 ad
2227 982 2343 1029 illud
2372 982 2498 1040 ilico,
2529 1000 2624 1046 quo

1567 1059 1782 1092 maxume
1805 1046 1933 1108 apud
1957 1054 2004 1094 te
2027 1063 2077 1094 se
2101 1046 2252 1094 valere
2285 1045 2456 1096 sentiet
2501 1047 2626 1097 Hea-

1564 1107 1640 1164 iii,
1679 1115 1724 1158 1.
1759 1114 1825 1160 78
1881 1109 2038 1174 Cupio
2081 1111 2150 1158 illi
2191 1111 2321 1166 dare,
2360 1111 2487 1173 quod
2524 1113 2626 1160 volt

1566 1171 1691 1222 Hea.
1718 1172 1788 1230 iii,
1813 1179 1858 1225 1.
1882 1179 1944 1224 87
1995 1175 2188 1231 Dicam,
2213 1181 2264 1221 ut
2286 1175 2513 1232 dixeram,
2535 1178 2622 1224 ho-

1567 1236 1646 1284 die
1671 1253 1765 1285 non
1791 1253 1927 1300 posse
1953 1239 2027 1286 his
2067 1239 2178 1286 dare
2229 1238 2354 1287 Hea.
2391 1237 2462 1296 iii,
2487 1245 2533 1289 l.
2557 1245 2621 1290 95

1566 1298 1644 1348 Re
1665 1301 1764 1364 ipsa
1787 1317 1922 1364 spem
1941 1303 2048 1350 vitae
2088 1304 2200 1350 dare
2249 1302 2372 1350 Hes.
2398 1303 2464 1360 iv,
2489 1307 2534 1351 1.
2556 1309 2620 1354 23

1566 1362 1748 1413 Decem
1773 1367 1940 1422 minas,
1960 1383 2075 1429 quas
2100 1367 2215 1415 mihi
2235 1368 2346 1414 dare
2380 1365 2622 1430 pollicitus

1564 1437 1637 1476 est
1671 1430 1793 1478 Hea.
1815 1431 1880 1487 iv,
1904 1436 1952 1480 4.
1975 1436 2006 1480 2
2063 1431 2189 1480 Volo
2213 1439 2259 1479 te
2282 1432 2392 1479 dare
2415 1447 2623 1494 operam,

1564 1501 1620 1539 ut
1660 1493 1762 1550 fiat,
1803 1511 1963 1542 verum
1989 1495 2102 1543 -alia
2134 1495 2206 1542 via
2257 1495 2383 1544 Hea.
2404 1495 2470 1552 iv,
2489 1501 2536 1544 5.
2558 1501 2622 1548 41

1563 1555 1742 1605 Nonne
1763 1559 1812 1607 id
1834 1559 2063 1622 flagitium
2087 1567 2176 1616 est,
2200 1567 2247 1606 te
2262 1559 2362 1606 aliis
2376 1560 2624 1608 consilium

1566 1622 1696 1680 dare,
1717 1623 1828 1671 foris
1848 1639 2008 1685 sapere
2029 1641 2044 1684 ;
2068 1624 2154 1672 tibi
2177 1639 2272 1670 non
2297 1639 2433 1686 posse
2455 1625 2624 1672 auxili-

1566 1685 1718 1734 arier?
1773 1687 1896 1734 Hea.
1917 1704 1965 1745 v,
1990 1693 2034 1736 1.
2056 1693 2122 1737 49
2177 1687 2291 1743 Ubi,
2335 1687 2412 1736 cui
2457 1688 2622 1738 decuit

1564 1749 1734 1812 primo,
1758 1752 1848 1798 tibi
1868 1766 1964 1799 non
1991 1752 2124 1800 licuit
2162 1767 2245 1815 per
2276 1759 2324 1799 te
2357 1751 2474 1799 mihi
2511 1753 2622 1800 dare

1564 1813 1688 1866 Hea.
1710 1832 1756 1870 v,
1773 1820 1822 1864 2.
1845 1820 1908 1864 12
1941 1815 1990 1862 N
1993 1832 2055 1863 on
2077 1816 2262 1866 fratrem
2280 1816 2412 1864 videt
2429 1816 2494 1864 rei
2511 1817 2624 1864 dare

1565 1880 1791 1940 operam?
1826 1879 1926 1928 Ad.
1948 1879 1982 1935 i,
2005 1885 2054 1930 2.
2081 1884 2141 1928 15
2200 1879 2296 1928 Ubi
2338 1896 2414 1927 me
2457 1881 2622 1928 dixero

1562 1942 1675 1990 dare
1698 1943 1832 2002 tanti,
1868 1950 2008 1991 testes
2041 1943 2186 1994 faciet
2219 1944 2329 1992 ilico
2379 1943 2476 1994 Ad.
2501 1945 2552 2001 ii,
2576 1951 2624 1995 1.

1561 2009 1629 2055 49
1663 2007 1874 2070 AEquom
1893 2015 1980 2064 est,
2005 2015 2051 2055 te
2069 2023 2276 2070 operam,
2300 2015 2354 2054 ut
2385 2009 2486 2064 fiat,
2510 2010 2623 2056 dare

1561 2069 1661 2117 Ad.
1698 2088 1744 2127 v,
1769 2077 1816 2119 8.
1841 2076 1902 2120 10
1959 2071 2114 2126 Quam
2163 2073 2274 2122 dare
2319 2088 2525 2134 operam,
2568 2073 2621 2120 id

1562 2133 1698 2189 scire,
1757 2135 1804 2181 ui
1826 2149 1912 2181 nos
1933 2135 2116 2184 oderit?
2165 2134 2258 2182 He.
2285 2135 2354 2192 iv,
2379 2141 2423 2183 l.
2449 2141 2514 2185 38
2561 2136 2622 2184 Id

1562 2198 1691 2258 quod
1747 2215 1802 2246 ex
1835 2197 1994 2260 jubet,
2030 2199 2190 2246 dotem
2234 2199 2348 2245 dare
2381 2199 2475 2248 Ph.
2497 2200 2550 2255 ii,
2575 2203 2623 2248 3.

1561 2265 1626 2309 63
1662 2260 1760 2310 Ubi
1781 2263 1952 2312 abusus
1976 2261 2056 2317 sis,
2099 2263 2361 2310 mercedem
2399 2263 2510 2310 dare
2547 2263 2624 2318 lex

1554 2322 1699 2386 jubet
1721 2325 1785 2383 ei,
1807 2333 1950 2389 atque
1991 2325 2204 2374 amittere
2225 2326 2242 2372 ?
2298 2327 2389 2374 Ph.
2412 2326 2465 2383 ii,
2489 2331 2536 2380 3.
2556 2332 2622 2378 67

1560 2387 1675 2437 Cras
1700 2405 1834 2437 mane
1857 2400 2100 2454 argentum
2121 2389 2238 2436 mihi
2259 2390 2394 2438 miles
2429 2392 2540 2438 dare
2571 2407 2622 2440 se

1558 2453 1681 2503 dixit
1728 2454 1818 2503 Ph.
1852 2453 1923 2512 iii,
1945 2459 1996 2506 2.
2018 2459 2082 2505 47
2137 2454 2188 2503 Si
2237 2455 2336 2503 volt
2378 2454 2620 2519 Demipho

1560 2519 1690 2574 dare,
1713 2528 1940 2582 quantum
1961 2520 2020 2566 ab
2045 2521 2132 2567 hac
2155 2520 2340 2583 accipio
2373 2518 2464 2568 ΡΙ).
2485 2520 2550 2577 iv,
2569 2526 2618 2571 3.

1560 2586 1626 2631 52
1675 2582 1799 2629 Nam
1840 2583 1909 2631 illi
1944 2583 2058 2631 mihi
2091 2585 2251 2631 dotem
2267 2583 2370 2646 jam
2391 2586 2621 2633 constitu·

1560 2654 1700 2693 erunt
1738 2648 1848 2695 dare
1903 2646 1996 2695 ΡΙ).
2043 2648 2109 2702 iv,
2133 2651 2180 2695 3.
2205 2652 2266 2697 71
2327 2647 2489 2706 Dicat,
2536 2665 2622 2699 nos

1560 2711 1673 2757 dare
1691 2725 1796 2757 eam
1818 2710 2092 2757 Phormioni
2115 2708 2318 2773 nuptum
2369 2708 2460 2759 ΡΙ).
2483 2714 2547 2768 iv,
2570 2720 2620 2763 5.

1560 2778 1591 2822 8
1648 2773 1736 2821 Ait
1758 2783 1954 2836 uterque
1975 2775 2065 2821 tibi
2082 2781 2365 2837 potestatem
2398 2775 2502 2838 ejus
2537 2774 2621 2822 h'a-

1559 2836 1729 2883 bendae
1754 2852 1803 2885 se
1826 2838 1936 2885 dare
1972 2837 2062 2885 Ph.
2084 2854 2133 2893 v,
2155 2842 2206 2885 6.
2227 2842 2292 2886 40
2326 2838 2374 2885 Si
2414 2838 2482 2884 vis
2505 2838 2622 2890 mihi

1559 2916 1752 2949 uxorem
1775 2902 1905 2960 dare,
1935 2916 2078 2965 quam
2099 2900 2414 2964 despondisti,
2453 2903 2624 2951 ducam

1561 2964 1654 3012 Ph.
1699 2981 1745 3021 v,
1783 2968 1832 3014 7.
1871 2970 1931 3015 31
2006 2965 2268 3023 Exclamat,
2312 2966 2480 3027 furem,
2526 2982 2624 3017 non

1560 3026 1781 3085 Poetam,
1819 3029 2024 3075 fabulam
2065 3030 2267 3085 dedisse,
2303 3036 2354 3077 et
2387 3031 2502 3078 nihil
2537 3032 2621 3079 de-

1559 3093 1684 3139 disse
1743 3093 1990 3140 verborum
2035 3102 2190 3141 tamen
2251 3092 2342 3143 Eu.
2386 3094 2511 3141 Ptol.
2557 3101 2622 3145 24

1558 3155 1696 3205 Itane
1721 3157 1830 3205 hinc
1857 3156 2009 3205 abisse
2029 3174 2040 3203 ε
2073 3165 2124 3205 et
2145 3157 2288 3204 vitam
2311 3166 2438 3205 tuam
2461 3166 2620 3222 tutan·-

1557 3221 1668 3267 dam
1708 3221 1812 3269 aliis
1861 3220 2086 3269 dedisse?
2139 3222 2230 3269 ΡΙ).
2254 3221 2324 3279 iii,
2355 3226 2397 3270 1.
2420 3226 2450 3271 2
2504 3222 2624 3271 Mea

1558 3284 1663 3347 lege
1706 3294 1839 3344 utar3
1883 3293 1938 3333 ut
1972 3285 2127 3349 potior
2167 3287 2245 3345 sit,
2278 3285 2362 3348 qui
2401 3287 2527 3347 prior
2559 3284 2619 3333 ad

1557 3350 1765 3396 dandum
1785 3357 1857 3397 est
1889 3350 1981 3398 Ph.
2005 3351 2056 3405 ii,
2074 3354 2120 3401 2.
2139 3353 2204 3399 48
2240 3350 2288 3397 Si
2307 3349 2353 3397 id
2369 3350 2424 3397 fit
2442 3351 2621 3409 dando,

1558 3421 1698 3476 atque
1734 3414 2057 3478 obsequendo,
2091 3429 2186 3461 non
2231 3415 2510 3477 posteriores
2550 3416 2620 3465 fe-

1556 3492 1652 3527 ram
1691 3476 1792 3529 Ad.
1813 3496 1861 3533 v,
1883 3482 1934 3527 4.
1955 3482 2021 3527 26
2074 3478 2240 3527 Fidem
2276 3480 2412 3536 dans,
2451 3478 2620 3541 jurans

1558 3556 1609 3587 se
1649 3541 1780 3589 illam
1819 3543 2068 3590 ducturum
2113 3544 2302 3589 domum
2355 3542 2451 3590 Ad.
2473 3542 2548 3599 iii,
2572 3549 2622 3594 4.

1558 3609 1621 3654 27
1680 3604 1837 3668 Egon’
1859 3606 1936 3654 cui
1972 3608 2164 3656 daturus
2199 3621 2297 3654 non
2327 3622 2448 3667 sum,
2487 3614 2538 3652 ut
2577 3608 2624 3654 ei

1560 3668 1919 3732 despondeam?
1955 3670 2077 3720 Hea.
2096 3672 2162 3728 iv,
2185 3676 2237 3719 5.
2257 3674 2321 3719 36
2353 3669 2618 3731 Argentum

1556 3734 1762 3787 haberes,
1793 3735 1920 3797 quod
1943 3736 2135 3781 daturus
2150 3734 2254 3797 jam
2278 3734 2351 3781 fui
2406 3734 2531 3780 Hea.
2554 3735 2618 3793 iv,

1556 3802 1608 3846 6.
1633 3802 1696 3846 13
1747 3797 1970 3860 Denique
2000 3798 2072 3845 ita
2093 3805 2193 3845 tum
2216 3798 2412 3845 discedo
2433 3798 2492 3845 ab
2515 3798 2618 3855 illo,

1556 3869 1612 3907 ut
1633 3862 1712 3925 qui
1737 3877 1786 3909 se
1810 3862 1953 3909 filiam
1976 3869 2118 3925 neget
2139 3864 2357 3910 daturum
2405 3860 2471 3910 A.
2505 3862 2549 3926 j,
2572 3866 2622 3910 1.

1559 3930 1654 3974 122
1697 3926 1804 3983 Ibo,
1831 3941 1886 3974 ac
1908 3926 2084 3983 dicam,
2105 3934 2160 3972 ut
2181 3926 2403 3981 dixeram,
2427 3940 2617 3988 operam

1556 3990 1774 4037 daturum
1797 4006 1873 4037 me
1924 3990 2046 4039 Hea.
2072 3990 2143 4047 iii,
2168 3996 2216 4040 1.
2238 3993 2302 4039 95
2358 3989 2418 4037 Id
2455 3990 2618 4037 amicae

1556 4054 1760 4102 dabitur.
1798 4054 1890 4105 ch.
1911 4054 2102 4103 Scilicet
2139 4056 2355 4102 daturum
2389 4052 2510 4101 Hea.
2546 4055 2619 4110 iv,

1554 4122 1608 4167 8.
1632 4123 1692 4168 17
1733 4118 1811 4167 An
1836 4118 2019 4182 legibus
2043 4120 2259 4166 daturum
2283 4132 2444 4181 poenas
2467 4118 2616 4177 dices,

1556 4182 1597 4229 si
1616 4182 1744 4229 illam
1766 4181 2000 4245 ejecerit?
2054 4182 2144 4229 Ph.
2186 4181 2253 4238 iv,
2285 4184 2335 4229 3.
2360 4186 2424 4231 22
2479 4182 2617 4231 Illam

1554 4245 1627 4295 illi
1650 4254 1805 4295 tamen
1832 4256 1937 4309 post
1957 4248 2168 4295 daturam
2220 4246 2344 4299 Hea.
2386 4245 2463 4303 iii,
2483 4252 2530 4297 3.
2550 4252 2615 4299 43

1554 4310 1733 4359 Verum
1756 4310 1916 4376 aliquo
1941 4321 2080 4377 pacto
2104 4312 2244 4361 verba
2267 4326 2342 4362 me
2371 4310 2445 4359 his
2476 4313 2614 4361 datu-

2427 4391 2493 4439 M
