3192 4975
1226 438 1301 486 ns·
1351 425 1830 488 ruitum-mu.
2571 419 2624 492 li

504 586 635 637 etto.
700 586 798 635 Abi
816 586 927 642 cito,
950 595 996 634 et
1020 588 1257 649 suspende
1289 596 1337 636 te
1370 587 1432 635 A.
1454 585 1488 645 i,

437 657 489 702 6.
512 656 577 702 20
626 650 831 714 Ejiciat?
882 651 977 700 Da.
1026 651 1139 700 Cito
1175 651 1235 701 Α.
1272 652 1326 707 ii,
1365 657 1414 702 8.
1456 657 1489 702 8

439 717 557 772 Hui,
580 727 673 764 tam
708 716 840 764 cito?
890 716 1137 762 ridiculum
1170 714 1235 763 A.
1256 715 1332 772 iii,
1355 721 1402 767 1.
1426 720 1490 766 16

434 780 619 828 Nomen
652 787 747 828 tam
784 780 881 828 cito
905 779 1029 827 tibi?
1065 779 1248 828 Phania
1284 780 1349 830 A.
1370 797 1419 837 v,
1440 785 1489 830 4.

434 849 497 894 26
552 845 785 900 Labascit,
822 844 975 892 victus
1010 859 1107 891 uno
1146 846 1305 895 verbo.
1348 859 1487 908 quam

434 909 561 957 cito!
598 909 689 957 Eu.
723 908 761 964 i,
802 915 851 958 2.
874 911 940 958 98
988 907 1100 956 Cito
1130 910 1261 956 hunc
1304 911 1489 958 deduce

435 975 494 1020 ad
520 972 716 1020 militem
749 971 842 1020 Eu.
878 972 951 1026 iii,
992 977 1041 1020 8.
1078 977 1143 1022 82
1197 973 1351 1029 Quam
1388 974 1487 1023 cito

432 1046 543 1084 sunt
582 1045 851 1086 consecutur
898 1037 1144 1085 mulieres!
1180 1037 1301 1088 Heu.
1344 1038 1397 1094 ii,
1436 1043 1487 1089 8.

438 1107 533 1152 184
584 1100 665 1149 Ad
701 1102 1061 1149 misericordiam
1084 1103 1243 1150 ambos
1282 1103 1487 1152 adduces

431 1166 529 1214 cito
551 1166 677 1214 Hea.
697 1183 746 1224 v,
766 1171 818 1214 2.
842 1170 905 1214 42
954 1165 1097 1212 Haud
1118 1167 1215 1214 eito
1236 1167 1345 1214 mali
1370 1166 1487 1230 quid

426 1239 583 1278 ortum
606 1245 665 1278 ex
688 1232 775 1278 hoc
812 1230 872 1276 sit
906 1229 1094 1292 publice
1125 1229 1220 1278 Ad.
1254 1231 1323 1286 iii,
1348 1236 1398 1281 8.
1421 1236 1487 1283 89

429 1294 629 1342 Reddet
662 1295 747 1343 tibi
786 1295 883 1342 cito
919 1293 1010 1342 Ad.
1037 1310 1082 1349 v,
1098 1299 1148 1344 9.
1172 1300 1235 1344 24
1292 1296 1405 1345 Cito
1426 1297 1487 1346 ab

429 1375 493 1406 eo
526 1361 628 1407 haec
650 1359 717 1405 ira
736 1359 959 1406 abscedet
990 1357 1082 1405 He.
1109 1375 1154 1415 r,
1176 1364 1223 1409 2.
1252 1364 1308 1409 16
1354 1361 1485 1418 Quid

428 1422 479 1470 id
518 1423 623 1470 est?
666 1423 755 1472 Ch.
787 1422 977 1470 Tacitus
1012 1423 1155 1470 citius
1192 1424 1357 1473 audies
1391 1425 1483 1476 Eu.

427 1487 502 1544 iii,
524 1492 573 1536 6.
597 1491 661 1536 28
717 1486 786 1534 At
817 1486 884 1534 sic
912 1487 1067 1541 citius,
1090 1488 1170 1550 qui
1194 1496 1243 1536 te
1262 1491 1487 1551 expedias

428 1553 503 1599 liis
524 1553 757 1605 aerumnis,
779 1551 981 1614 reperias
1014 1551 1108 1600 He.
1134 1552 1206 1608 iii,
1232 1557 1275 1602 1.
1296 1559 1329 1602 8
1378 1554 1488 1610 Qu·

430 1631 507 1726 ge
524 1618 1039 1728 propgerfxmimamm
1056 1616 1197 1664 citius
1206 1618 1351 1665 eduxi
1364 1618 1487 1666 foras

482 1695 525 1727 e.
546 1695 616 1736 m,
672 1713 685 1727 .

497 1745 643 1794 Civis.
711 1743 826 1792 Au!
875 1746 1105 1804 obsecr03
1139 1761 1200 1792 an
1236 1759 1331 1792 non
1372 1746 1487 1794 civis

430 1810 537 1856 e'st?
571 1809 630 1856 A.
667 1809 731 1866 iv,
769 1813 820 1858 4.
860 1813 925 1857 42
975 1808 1091 1856 Ain'
1114 1810 1337 1857 tandem?
1369 1811 1486 1859 civis

430 1871 703 1938 Glycerium
728 1879 801 1921 est
822 1873 841 1920 ,³
872 1872 935 1920 A.
956 1889 1002 1930 v,
1025 1877 1075 1922 8.
1096 1878 1129 1923 4
1180 1873 1309 1923 Civis
1342 1877 1485 1924 modo

430 1939 531 1986 hoec
555 1939 617 1986 sit
649 1938 738 1985 Eu.
763 1953 808 1995 v,
831 1942 956 1987 2.61
1013 1938 1078 1986 Ut
1118 1953 1178 1987 ne
1211 1939 1325 2003 quid
1350 1947 1485 2004 turpe

432 2003 549 2050 civis
569 2003 617 2049 in
642 2019 691 2051 se
712 2003 981 2050 admitteret
1010 2002 1102 2050 ΡΙ).
1136 2002 1191 2059 ii,
1213 2008 1260 2052 8.
1280 2008 1345 2053 68
1400 2005 1485 2054 Ci-

429 2082 533 2116 vem
555 2066 763 2116 Atticam
788 2081 887 2114 esse
907 2067 1031 2115 hanc
1063 2067 1126 2115 A.
1150 2069 1187 2126 i,
1211 2073 1259 2118 8.
1286 2072 1365 2117 16.
1416 2070 1485 2126 iv,

430 2135 477 2180 4.
500 2135 583 2182 41.
616 2149 663 2187 v,
687 2138 736 2182 2.
762 2136 842 2180 18.
876 2131 971 2182 Ειι.
993 2131 1058 2188 iv,
1080 2137 1129 2182 7.
1148 2136 1230 2182 86.
1264 2132 1356 2180 ΡΙ).
1376 2132 1413 2189 i,
1436 2137 1485 2182 2.

428 2199 492 2245 64
536 2195 676 2242 Illam
698 2197 810 2244 hinc
827 2194 978 2244 civem
994 2211 1095 2244 esse
1114 2196 1248 2244 aiunt
1279 2195 1345 2245 A.
1368 2213 1413 2253 v,
1440 2203 1485 2247 1.

430 2263 492 2310 14
526 2260 757 2315 Adducti,
780 2260 859 2324 qui
884 2260 1009 2308 illam
1031 2261 1181 2309 civem
1195 2262 1307 2309 binc
1322 2261 1485 2310 dicant

429 2323 495 2373 A.
517 2342 566 2386 v,
586 2329 634 2373 8.
657 2330 718 2374 21
768 2325 905 2372 Meu’
927 2325 1095 2390 queris
1119 2326 1137 2372 ἰ
1170 2327 1262 2374 eho
1284 2332 1334 2372 tu
1358 2326 1483 2392 Gly-

426 2390 602 2436 cerium
624 2389 735 2438 hinc
770 2391 923 2438 civem
957 2405 1059 2437 esse
1096 2389 1203 2437 ais?
1236 2390 1298 2438 A.
1316 2407 1363 2447 v,
1384 2396 1432 2441 4.
1450 2398 1481 2441 6

426 2451 497 2501 Ex
520 2453 684 2503 Attica
700 2455 810 2504 hinc
828 2455 1084 2517 abreptam.
1108 2455 1198 2504 Ph.
1224 2456 1480 2506 Civemne?

424 2518 513 2565 ΤΙ).
547 2517 761 2568 Arbitror
790 2520 881 2567 Eu.
918 2519 955 2574 i,
991 2526 1039 2570 2.
1060 2525 1125 2567 80
1177 2520 1257 2568 An
1292 2521 1481 2583 paulum

426 2583 519 2631 boc
552 2598 654 2631 esse
690 2584 778 2632 tibi
820 2584 1020 2640 videtur,
1057 2584 1282 2647 virginem
1320 2587 1482 2635 vitiare

428 2646 611 2696 civem?
645 2648 736 2697 Eu.
764 2664 810 2705 v,
832 2653 882 2697 2.
906 2652 970 2697 19
1018 2649 1119 2697 Scis
1156 2664 1258 2697 eam
1282 2650 1391 2698 hinc
1414 2652 1481 2698 ci·

428 2727 531 2759 vem
552 2728 655 2761 esse
674 2714 691 2761 ?
714 2714 808 2763 Eu.
828 2730 875 2769 v,
899 2718 947 2761 6.
971 2717 1032 2761 10
1064 2713 1167 2761 Scis
1189 2713 1481 2775 Pamphilam

424 2791 576 2824 meam
596 2779 835 2825 inventam
856 2776 1005 2825 civem
1026 2778 1045 2823 ?
1067 2776 1155 2823 Eu.
1176 2794 1223 2834 v,
1240 2782 1289 2827 9.
1309 2784 1341 2827 6
1375 2778 1482 2826 Hoc

425 2850 672 2903 peccatum
696 2842 745 2888 in
767 2841 989 2902 virginem
1013 2848 1085 2887 est
1106 2840 1253 2888 civem
1288 2842 1379 2891 Ad.
1415 2844 1481 2897 iv,

424 2909 474 2954 7.
501 2910 533 2955 7
578 2907 755 2953 Praeter
776 2904 949 2951 civium
974 2918 1145 2949 morem
1168 2913 1311 2968 atque
1332 2906 1483 2969 legem

424 2969 487 3017 A.
528 2986 577 3023 v,
616 2974 661 3017 8.
696 2972 728 3017 8
784 2967 875 3014 Nae
912 2967 1168 3013 illiusmodi
1204 2968 1305 3030 jam
1348 2970 1483 3016 nobis

422 3047 598 3093 magna
620 3032 793 3080 civium
815 3031 1010 3093 penuria
1033 3038 1107 3077 est
1137 3032 1229 3078 Ad.
1250 3033 1321 3088 iii,
1344 3038 1393 3084 8.
1420 3038 1483 3083 87

422 3097 670 3158 Hospites,
694 3104 793 3143 tum
815 3096 973 3143 cives?
1007 3096 1098 3143 Ph.
1121 3095 1174 3152 ii,
1196 3100 1243 3147 2.
1271 3102 1330 3146 14

492 3161 690 3210 Civitas.
756 3161 813 3207 In
847 3176 943 3224 qna
973 3160 1163 3208 civitate
1206 3163 1395 3209 tandem
1432 3170 1481 3211 te

426 3225 645 3273 arbitrare
668 3226 820 3272 vivere
839 3226 855 3273 ?
880 3224 972 3271 Ad.
997 3226 1060 3281 iv,
1083 3232 1129 3273 5.
1157 3230 1215 3273 61

496 3290 650 3339 Clam.
716 3288 823 3338 Nec
860 3290 981 3337 clam
1013 3296 1061 3338 te
1098 3298 1173 3336 est
1202 3288 1264 3337 A.
1288 3289 1322 3345 i,
1340 3296 1390 3341 6.
1414 3297 1478 3341 52

429 3353 650 3417 Dumque
669 3361 781 3401 retas
796 3354 921 3409 tulit,
939 3354 1113 3401 amarit
1134 3371 1145 3401 ε
1168 3360 1264 3402 tum
1284 3355 1334 3402 id
1357 3356 1479 3404 clam

422 3417 493 3466 A.
519 3418 569 3473 ii,
590 3424 637 3467 6.
662 3422 722 3467 18
772 3418 849 3466 Ne
874 3418 979 3481 quis
1011 3418 1129 3465 sorte
1166 3420 1479 3468 internuntius

426 3482 545 3530 clam
570 3498 597 3530 a
616 3483 761 3531 milite
800 3485 861 3529 ad
892 3482 1031 3529 istam
1052 3482 1275 3530 cursitet?
1312 3484 1402 3532 Eu.
1422 3484 1477 3540 ii,

426 3551 476 3597 2.
502 3552 567 3596 56
599 3547 739 3595 Hanc
763 3555 812 3594 tu
836 3547 947 3594 milti
972 3547 1045 3593 vel
1068 3547 1133 3603 vi,
1152 3546 1223 3593 vel
1243 3548 1381 3603 clam,
1404 3550 1478 3595 vel

428 3612 635 3673 precario
656 3612 732 3659 fac
754 3613 907 3659 tradas
940 3611 1031 3657 Eu.
1052 3612 1102 3666 ii,
1126 3615 1174 3660 8.
1196 3616 1259 3659 27
1294 3611 1483 3659 Interea

428 3690 588 3723 aurum
613 3674 701 3724 sibi
722 3676 843 3725 clam
868 3676 1029 3723 mulier
1050 3674 1200 3722 demit
1232 3675 1326 3723 Eu.
1346 3677 1407 3729 iv,
1437 3683 1481 3726 ι.

423 3742 489 3789 ’18
538 3742 663 3791 Cum
684 3756 743 3787 eo
765 3741 886 3789 clam
916 3748 963 3787 te
984 3740 1205 3788 subduxti
1230 3740 1341 3787 mihi
1386 3740 1478 3791 Eu.

426 3804 491 3861 iv,
514 3810 563 3853 7.
587 3810 650 3855 25
699 3805 817 3853 Haec
851 3805 971 3852 clam
1006 3820 1085 3851 me
1105 3804 1262 3851 omnia
1302 3804 1423 3854 Heu.
1446 3805 1480 3859 i,

426 3873 558 3918 l.-16
614 3870 749 3919 Clam
789 3885 862 3917 me
898 3870 1152 3932 profectus,
1184 3884 1367 3916 menses
1390 3876 1481 3917 tres

424 3934 558 3981 abest
588 3934 711 3983 Hea.
728 3934 763 3988 i,
790 3938 836 3983 1.
856 3939 923 3983 66
978 3934 1027 3982 Si
1047 3939 1201 3995 sperat
1222 3934 1320 3980 fore
1342 3934 1480 3989 clam,

422 4012 603 4045 rumam
639 4000 699 4047 ad
734 3998 975 4060 ingenium
1012 3998 1135 4045 redit
1169 3997 1263 4044 Ad.
1283 3998 1319 4051 i,
1345 4002 1391 4045 1.
1414 4000 1481 4045 46

426 4061 599 4127 Neque
620 4063 740 4111 adeo
778 4063 899 4110 clam
932 4076 1009 4109 me
1047 4068 1119 4109 est
1151 4061 1245 4111 He.
1267 4061 1323 4118 ii,
1347 4065 1393 4109 2.
1419 4065 1481 4111 19

425 4126 653 4175 Maxume
692 4127 820 4184 volo,
854 4128 1012 4191 doque
1045 4140 1252 4187 operam,
1288 4134 1340 4172 ut
1358 4126 1480 4172 clam

427 4193 617 4241 eveniat
654 4198 813 4254 partus
856 4200 1037 4254 patrem
1080 4188 1174 4237 He.
1214 4190 1285 4246 iii,
1325 4193 1373 4237 8.
1416 4193 1483 4239 86

428 4256 573 4305 Haud
596 4259 717 4305 clam
740 4272 815 4305 me
836 4263 914 4303 est
934 4255 1030 4306 He.
1043 4253 1115 4309 iii,
1138 4258 1187 4301 4.
1212 4258 1275 4303 lo
1306 4253 1363 4300 Id
1388 4268 1483 4317 qua

426 4335 567 4369 causa
587 4320 708 4391 clam
724 4332 803 4368 me
822 4320 1041 4369 habuisse
1079 4316 1267 4388 dicam?
1302 4318 1394 4367 He.
1416 4318 1482 4376 iv,

1568 591 1617 635 1.
1639 591 1672 636 4
1724 584 1855 638 Non,
1877 585 2082 649 odepol,
2102 585 2222 635 chin
2239 603 2314 636 no
2333 593 2408 636 est
2438 587 2532 637 He.
2553 590 2620 648 iv,

1566 655 1612 698 1.
1635 653 1700 699 58
1755 649 1872 698 Non
1893 653 2015 698 clam
2037 667 2112 698 nn·
2146 659 2235 708 est,
2267 660 2408 716 gnate
2428 653 2508 712 rui,
2531 655 2620 704 tibi

1564 727 1640 762 me
1661 729 1766 762 esse
1787 722 2052 777 suspectam
2073 714 2168 764 He.
2190 717 2256 772 i‘r,
2278 721 2324 765 2.
2347 721 2372 764 1
2411 715 2522 765 Non
2543 733 2623 770 me

1560 779 1686 826 clam
1703 777 1915 838 baberet,
1939 781 2065 842 quod
2090 781 2266 828 celasse
2287 781 2502 846 intelligo
2522 783 2622 833 He.

1563 842 1628 899 iv,
1649 848 1698 892 4.
1718 848 1780 893 86
1838 843 1964 891 Puer
1984 844 2096 907 quia
2117 844 2236 892 clam
2277 853 2324 892 te
2357 855 2427 893 est
2466 855 2620 905 natus,

1562 916 1732 956 nactus
1753 907 1942 955 alteram
1965 923 2016 954 es
2037 907 2132 956 He.
2147 907 2212 964 iv,
2232 912 2282 956 4.
2297 913 2363 958 69
2395 907 2620 959 Puerum-

1562 987 1658 1035 que
1683 972 1754 1020 .0b
1787 985 1890 1019 earn
1923 987 2019 1020 rem
2053 971 2175 1020 clam
2197 973 2361 1036 voluit,
2381 981 2520 1022 natus
2538 977 2622 1040 qui

1562 1044 1652 1092 est,
1676 1036 1972 1100 exstinguere
1997 1035 2088 1087 He.
2111 1053 2158 1092 v,
2183 1042 2230 1086 1.
2253 1041 2318 1086 22
2369 1038 2512 1094 Quod
2535 1055 2622 1102 pe-

1562 1101 1686 1164 perit
1709 1117 1822 1148 uxor
1845 1101 1965 1149 clam
2001 1101 2098 1152 He.
2122 1119 2171 1155 v.
2191 1107 2242 1150 2.
2267 1106 2328 1151 16
2364 1103 2482 1150 Eam
2497 1104 2619 1152 clam

1560 1166 1736 1213 educat
1768 1165 1861 1212 ΡΙ).
1881 1183 1927 1221 v,
1949 1170 1999 1215 7.
2025 1170 2090 1216 60
2137 1166 2274 1214 ΟΙιπ)
2297 1175 2362 1218 te.
2395 1167 2485 1216 Ch.
2519 1167 2616 1217 Hei

1560 1229 1681 1277 mihi
1701 1230 1712 1275 Ι
1749 1229 1840 1276 ΡΙ).
1864 1229 2066 1278 Uxorem
2084 1229 2222 1278 duxit
2253 1231 2345 1281 ΡΙ).
2369 1245 2417 1286 v,
2439 1237 2487 1281 8.
2511 1238 2572 1283 16

1627 1293 1848 1343 Clamito.
1915 1293 2044 1351 Quid
2083 1293 2333 1343 clamitas?
2369 1295 2436 1344 A.
2469 1297 2538 1354 iv,
2571 1303 2622 1346 4.

1560 1362 1629 1407 28
1683 1357 1961 1418 Clamitent,
1983 1372 2060 1406 me
2078 1358 2450 1423 Sycophantem,
2471 1361 2618 1409 hore·

1561 1422 1734 1470 ditates
1755 1424 1988 1486 persequi,
2026 1423 2292 1472 mendicum
2314 1421 2376 1472 A.
2399 1424 2461 1480 iv,
2483 1431 2528 1475 6.
2553 1430 2618 1475 19

1564 1485 1716 1534 Venit
1748 1487 1970 1536 Chremes
2009 1487 2237 1550 postridie
2255 1490 2316 1535 ad
2341 1503 2431 1546 me,
2455 1488 2614 1538 clami·

1562 1559 1686 1606 tuns,
1726 1552 1975 1614 indignum
2009 1552 2190 1600 facinus
2210 1553 2222 1598 l
2255 1552 2316 1602 A.
2356 1552 2392 1608 i,
2435 1560 2478 1602 l.
2520 1559 2614 1604 117

1561 1614 1708 1663 Venit
1728 1617 1788 1662 ad
1806 1631 1880 1663 me
1902 1631 2044 1679 saepe,
2065 1616 2340 1665 clamitans:
2363 1617 2478 1681 quid
2497 1619 2616 1683 agis,

1560 1678 1752 1727 Micio?
1787 1678 1882 1727 Ad.
1902 1680 1939 1735 i,
1966 1687 2012 1730 1.
2034 1685 2098 1729 86

1627 1744 1810 1792 Clamo.
1884 1744 2110 1794 Haeccine
2151 1743 2358 1807 flagitia!
2381 1746 2466 1810 Sy.
2491 1747 2614 1795 Mihi

1558 1808 1751 1871 quidem
1773 1823 1868 1856 non
1892 1809 2096 1872 placent.
2117 1809 2181 1857 Et
2199 1809 2350 1858 clamo
2372 1825 2497 1874 ηερε
2519 1811 2617 1860 Ad.

1542 1873 1630 1927 ·iii,
1650 1877 1697 1920 8.
1713 1878 1780 1922 26
1802 1872 1896 1922 Dic
1909 1873 2041 1934 mihi,
2055 1889 2150 1921 non
2167 1874 2367 1922 clamas?
2384 1891 2478 1923 non
2489 1875 2614 1923 insa·

1560 1937 1666 1984 nis?
1683 1937 1778 1986 Ad.
1799 1937 1864 1995 iv,
1877 1942 1925 1987 7.
1943 1941 1975 1986 9
1997 1938 2099 1986 Illis
2111 1953 2216 2002 qum
2233 1947 2342 1986 sunt
2353 1939 2501 1996 intus,
2517 1942 2614 1988 cla-

1558 2009 1656 2049 mat
1677 2004 1738 2049 de
1761 2001 1838 2050 via
1870 2002 1934 2049 A.
1955 2003 2023 2060 iii,
2045 2009 2093 2052 2.
2119 2007 2177 2052 11
2216 2003 2274 2051 Id
2297 2019 2422 2052 nuuc
2443 2005 2618 2052 clamat

1558 2065 1742 2113 scilicet
1754 2065 1848 2114 Ad.
1866 2081 1912 2121 v,
1922 2071 1966 2115 8.
1986 2073 2016 2116 6
2035 2067 2255 2115 Clamant
2267 2083 2446 2125 omnes,
2459 2067 2562 2116 indi
2596 2096 2618 2108 -

1559 2130 1748 2176 nissime
1767 2130 1945 2176 factum
1959 2145 2062 2177 esse
2083 2130 2180 2178 Ad.
2199 2131 2236 2186 i,
2259 2135 2307 2179 2.
2327 2137 2348 2180 1
2361 2137 2384 2180 l
2417 2131 2572 2180 Tumn
2589 2159 2612 2170 ·

1558 2201 1766 2249 tuantur,
1788 2193 1995 2241 clamant
2025 2194 2121 2243 He.
2145 2193 2249 2243 Alt.
2273 2195 2402 2243 Prol.
2424 2200 2487 2245 88
2535 2196 2614 2246 Ne

1556 2259 1742 2306 clama:
1767 2259 1920 2320 petito
1941 2259 2080 2307 hasce
2101 2275 2130 2308 a
2151 2273 2226 2306 me
2247 2260 2412 2308 decem
2443 2259 2534 2308 Pb.
2547 2261 2613 2319 iv,

1558 2327 1604 2371 8.
1628 2327 1694 2372 59
1740 2323 1870 2379 Quid
1909 2323 2081 2386 agam?
2127 2323 2244 2386 quid
2282 2323 2497 2389 clamem,
2531 2331 2616 2374 aut

1554 2389 1754 2452 querar?
1788 2386 1888 2436 Ad.
1911 2403 1958 2445 r,
1982 2392 2029 2436 8.
2051 2392 2082 2436 8
2134 2387 2292 2454 Coepit
2327 2390 2542 2446 clamare.
2581 2406 2612 2440 o

1556 2452 1816 2503 AEschinel
1855 2451 1949 2504 Ad.
1967 2452 2038 2509 iii,
2060 2457 2108 2503 8.
2128 2457 2191 2503 68

1621 2518 1825 2568 Clamor.
1888 2518 2138 2581 strepitus,
2175 2518 2351 2567 clamor
2370 2521 2612 2569 mulierum

1556 2581 1650 2631 He.
1683 2583 1784 2630 Alt.
1808 2582 1934 2631 Prol.
1957 2587 2018 2633 27
2065 2584 2160 2631 Pro
2183 2583 2396 2647 Jupiterl
2433 2585 2608 2635 clamo-

1556 2662 1651 2694 rem
1665 2648 1808 2694 audio
1827 2646 1921 2695 He.
1939 2646 2007 2701 iii,
2024 2650 2146 2696 1.87
2168 2646 2362 2723 yereor,
2379 2650 2418 2696 si
2433 2650 2608 2698 clamo—

1556 2726 1776 2822 {ms
1797 2712 2364 2831 'iffiffiffffibffz
2385 2718 2612 2827 '53ss3ss

1556 2837 1680 2887 Hea.
1704 2838 1828 2887 Prol.
1843 2843 1908 2888 40

1625 2902 1924 2951 Clanculum.
1987 2901 2046 2949 In
2068 2901 2283 2951 cellulam
2307 2905 2366 2952 ad
2389 2912 2436 2954 te
2467 2908 2614 2971 patris

1556 2980 1731 3029 penum
1754 2968 2060 3031 congerebam
2083 2965 2346 3017 clanculum
2371 2970 2460 3019 Eu.
2484 2972 2536 3026 ii,
2561 2976 2610 3022 8.

1557 3035 1622 3079 18
1655 3030 1873 3079 Invidere
1896 3046 2058 3079 omnes
2080 3030 2194 3078 mihi
2217 3050 2228 3079 ε
2266 3036 2472 3083 mordere
2483 3036 2611 3084 clan-

1554 3095 1712 3143 culum
1748 3095 1836 3144 Eu.
1859 3095 1928 3150 iii,
1956 3101 2000 3144 1.
2021 3100 2081 3145 21
2141 3094 2201 3143 In
2237 3096 2410 3145 alienas
2433 3101 2612 3162 tegulas

1554 3160 1736 3207 venisse
1773 3161 2037 3207 clanculum
2080 3175 2163 3222 per
2199 3160 2476 3225 impluvium
2521 3162 2613 3213 Eu.

1552 3224 1624 3281 iii,
1647 3230 1695 3272 5.
1716 3228 1777 3273 41
1839 3224 1942 3287 Ego
1981 3224 2106 3271 limis
2129 3233 2310 3287 specto,
2331 3227 2398 3275 sic
2423 3242 2506 3290 per
2525 3228 2609 3276 fla·

1552 3288 1724 3335 bellum
1759 3289 2025 3337 clanculum
2064 3289 2153 3336 Eu.
2190 3290 2263 3345 iii,
2303 3296 2350 3340 6.
2385 3297 2448 3341 64
2504 3293 2610 3341 Etsi

1550 3353 1762 3401 subsensi
1801 3352 1850 3401 id
1889 3369 2094 3418 quoque,
2133 3354 2238 3401 illos
2257 3355 2324 3401 ibi
2347 3372 2466 3413 esse,
2487 3365 2538 3404 et
2557 3360 2608 3407 id

1550 3432 1688 3479 agere
1709 3418 1831 3465 inter
1851 3434 1900 3465 se
1937 3419 2202 3467 clanculum
2239 3418 2360 3467 Hea.
2383 3422 2452 3479 iii,
2475 3426 2521 3470 1.
2542 3427 2608 3472 68

1550 3481 1650 3528 Alii
1672 3481 1937 3531 clanculum
1960 3492 2112 3545 patres
2133 3500 2238 3546 quae
2257 3485 2438 3531 faciunt
2454 3485 2552 3533 Ad.
2571 3488 2610 3543 i,

1555 3550 1601 3593 1.
1623 3551 1686 3594 27
1723 3546 1846 3596 cvm
1867 3546 1970 3609 ejus
1994 3548 2239 3594 consuevit
2257 3548 2372 3595 olim
2389 3558 2536 3596 matre
2557 3552 2608 3598 in

1552 3610 1732 3657 Lemno
1755 3611 2020 3658 clanculum
2061 3612 2151 3658 Ph.
2178 3627 2221 3665 v,
2245 3616 2294 3661 6.
2315 3616 2378 3661 88

1619 3675 1774 3725 Clare.
1841 3675 1984 3724 Unde
2005 3678 2113 3725 est?
2136 3676 2216 3723 dic
2236 3676 2358 3725 clare
2389 3674 2455 3724 A.
2475 3678 2540 3734 ir,
2557 3680 2610 3729 4.

1619 3803 1802 3858 Clarus,
1838 3818 1884 3859 a,
1923 3818 2021 3850 um.
2087 3803 2232 3859 Vide,
2267 3811 2322 3850 ut
2360 3804 2474 3852 mihi
2503 3806 2606 3855 haec

1551 3876 1679 3914 certa
1699 3875 1748 3914 et
1767 3866 1892 3915 clara
1912 3866 2122 3914 attuleris
2153 3867 2246 3917 He.
2270 3883 2316 3923 v,
2338 3872 2388 3916 4.
2417 3872 2441 3915 1

1619 3930 1822 3981 Claudo.
1889 3930 2016 3978 Nolo
2033 3932 2120 3979 tibi
2141 3932 2286 3979 ullum
2309 3933 2605 3981 commodum

1552 3994 1604 4040 in
1627 4010 1700 4043 me
1742 3995 1952 4044 claudier
1983 3995 2045 4043 A.
2082 3996 2154 4053 iii,
2191 4000 2238 4044 8.
2267 3999 2329 4045 41
2381 3994 2432 4043 N
2436 4000 2606 4047 uncubi

1550 4074 1703 4106 meam
1741 4060 2081 4123 benignitatem
2121 4059 2307 4107 sensisti
2335 4059 2385 4106 in
2406 4069 2454 4109 te.
2475 4062 2603 4112 clau-

1552 4123 1688 4171 dier?
1722 4125 1813 4172 Eu.
1835 4125 1869 4179 i,
1891 4128 1940 4173 2.
1963 4128 2025 4174 84

1618 4187 1852 4238 Clemens.
1917 4187 2180 4251 A'parvulo
2215 4195 2270 4235 ut
2306 4204 2488 4253 semper
2519 4191 2607 4241 tibi

1538 4253 1680 4312 apud
1707 4268 1780 4301 me
1793 4252 1922 4315 justa
1942 4260 1992 4300 et.
2011 4253 2218 4300 clemens
2236 4254 2605 4315 sueritservitus‚

1552 4316 1646 4363 seis
1679 4314 1744 4367 Aa
1761 4317 1798 4381 i,
1823 4322 1871 4367 1.
1894 4322 1927 4367 9
1976 4317 2209 4376 Clemens,
2232 4316 2464 4381 placidus,
2485 4319 2606 4367 nulli
