3192 4975
529 416 736 486 &xxiv

527 586 611 634 abs
634 593 686 633 te‘
703 594 894 647 spernor
939 582 1028 630 Eu.
1061 583 1100 637 i.
1122 589 1170 633 2.
1191 588 1254 633 m
1311 581 1615 633 Collaudavi-

529 651 787 699 aecundum
807 650 932 695 facta
951 658 1001 695 et
1015 648 1208 695 virtutes
1225 656 1330 697 tuas
1361 648 1450 697 Eu.
1475 666 1520 706 v,
1535 653 1588 700 9.

527 720 594 765 oo
649 714 800 761 Probe
843 714 1004 759 horum
1045 712 1170 761 faeta
1195 713 1465 777 imprudens
1501 716 1587 761 de·

527 780 684 843 pinxit
703 793 842 825 senex
877 777 969 825 Ph.
992 775 1046 839 ii,
1070 782 1116 827 1.
1137 782 1202 827 38
1249 778 1434 825 Patrem
1471 780 1589 829 ado-2

525 843 746 892 lesoentis
766 842 890 889 faeta
911 842 1012 887 haec
1035 841 1230 890 tolerare
1249 843 1392 889 audio
1407 843 1590 891 violen-

527 917 596 956 ter
629 908 720 955 Ph.
742 922 790 967 ν,
809 912 860 955 -1,
881 910 911 954 4
945 906 1129 964 Credis,
1151 914 1198 954 te
1219 907 1484 969 ignorat-ier,
1508 915 1590 955 aut

527 984 609 1019 tua
631 972 757 1020 fucta
779 969 934 1017 adeo?
967 969 1056 1017 Ph.
1081 987 1126 1027 v,
1152 975 1201 1020 7.
1223 975 1288 1020 39
1322 972 1392 1019 At
1409 972 1496 1020 tibi
1517 972 1588 1020 Di

526 1037 724 1099 dignum
761 1034 896 1083 sactis
929 1034 1122 1082 exitium
1155 1036 1324 1083 duint!
1367 1035 1431 1083 A.
1450 1037 1517 1093 iv,
1544 1043 1589 1086 1.

525 1103 590 1150 43
625 1099 778 1165 Egen’
801 1100 1054 1162 quicquum
1083 1115 1190 1147 cum
1220 1100 1322 1147 istis
1350 1101 1487 1149 saetis
1503 1102 1588 1149 tibi

525 1166 834 1229 respondeam
854 1165 871 1211 ?
905 1163 994 1211 Eu.
1019 1164 1052 1219 i,
1074 1170 1122 1212 2.
1144 1169 1170 1212 7
1177 1168 1208 1211 3
1243 1166 1331 1212 Pol
1355 1173 1402 1213 te
1425 1182 1508 1228 pro
1527 1168 1587 1213 is-

527 1229 588 1276 tis
609 1230 748 1276 dictis
769 1239 817 1275 et
838 1227 992 1284 factis,
1015 1229 1184 1285 scelus,
1203 1228 1400 1278 ulciscar
1431 1232 1522 1278 Eu.
1541 1248 1588 1288 v,

527 1298 575 1344 4.
600 1298 682 1343 19-
712 1292 795 1341 An
825 1286 1075 1356 quicquam
1099 1308 1183 1355 pro
1205 1294 1308 1341 istis
1327 1294 1464 1342 factis
1483 1297 1588 1359 dig·

526 1374 642 1405 num
663 1366 711 1405 te
730 1358 826 1405 dici
848 1358 1036 1421 potest?
1085 1358 1180 1407 He.
1220 1358 1271 1415 ii,
1297 1364 1341 1407 1.
1370 1361 1429 1409 12
1473 1360 1588 1407 Non

527 1423 597 1471 sic
619 1423 823 1469 ludibrio
845 1424 939 1469 tuis
959 1422 1096 1470 saetis
1110 1422 1296 1471 habitus
1309 1440 1456 1472 essem
1497 1425 1587 1473 He.

526 1488 592 1545 iv,
615 1493 660 1539 1.
682 1493 741 1537 11
777 1486 953 1543 Factis,
976 1495 1028 1533 ut
1048 1488 1254 1544 credam,
1273 1488 1390 1535 facis
1420 1490 1516 1540 He.
1541 1507 1587 1547 v,

526 1555 576 1665 ἓ.
599 1556 660 1601 17
693 1551 808 1601 Tuis
829 1551 1026 1614 dignum
1046 1552 1181 1599 factis
1203 1551 1367 1601 feceris
1413 1554 1503 1603 Ph.
1537 1556 1589 1613 ii,

593 1680 834 1729 FacultaS.
892 1680 976 1737 Di,
997 1681 1108 1729 date
1128 1680 1415 1740 facultatem,
1453 1685 1588 1732 obse·

525 1746 756 1799 cro.·huic
775 1745 996 1806 pariundi
1027 1745 1088 1793 A.
1109 1745 1145 1803 i,
1169 1752 1216 1796 4.
1235 1753 1262 1795 5

593 1808 872 1858 Facundia.-
917 1809 1013 1858 Hic
1044 1819 1173 1857 actor
1205 1818 1387 1857 tantum
1419 1812 1594 1873 poterit

527 1889 556 1921 a
577 1873 816 1928 facundia,
837 1881 1064 1937 qnantum
1085 1874 1166 1922 ille
1195 1876 1352 1937 potuit
1382 1876 1590 1939 cogitare

527 1939 776 1986 commode
809 1938 932 1986 Hea-
955 1938 1084 1987 Prol.
1105 1943 1166 1988 13

593 2000 814 2051 Fallacia.
877 2002 996 2050 Haec
1032 2002 1232 2066 primum
1265 2004 1456 2053 affertur
1487 2004 1589 2066 jum

527 2065 642 2115 mihi
663 2068 724 2115 ab
742 2068 832 2115 hoc
855 2067 1042 2115 fallacia
1072 2066 1137 2116 A.
1160 2068 1231 2125 iii,
1257 2074 1302 2117 1.
1329 2074 1387 2117 13
1436 2069 1588 2117 Falla·

526 2132 604 2179 cin
626 2132 719 2180 alin
739 2133 877 2180 uliam
901 2134 1049 2179 trudit
1080 2133 1146 2183 A.
1165 2134 1232 2193 iv,
1253 2139 1302 2182 4.
1328 2138 1393 2183 39
1425 2132 1590 2181 Inten-

527 2196 686 2243 dendn
703 2197 756 2243 in
778 2212 936 2244 senem
953 2206 1026 2245 est
1037 2197 1228 2245 fallacia
1257 2198 1378 2247 Hea.
1401 2199 1470 2255 iii,
1487 2204 1538 2249 2.
1558 2206 1589 2249 2

525 2260 578 2308 Si
599 2274 784 2309 sensero
806 2261 949 2308 hodie
969 2261 1222 2325 quicquam
1242 2263 1296 2309 in
1312 2264 1386 2309 his
1403 2270 1450 2309 te
1467 2280 1531 2310 nu

526 2324 605 2371 tiis
627 2325 824 2373 fallaciae
846 2326 1023 2381 conari,
1046 2342 1142 2389 quo
1174 2326 1290 2373 fiant
1323 2328 1476 2375 minus
1525 2279 1590 2374 ff

526 2388 562 2443 i,
586 2393 634 2437 2.
653 2394 720 2437 26
751 2389 844 2437 Sed
899 2404 1002 2435 orro
1025 2390 1253 2447 ausculta,
1279 2392 1406 2451 quod
1429 2396 1590 2451 super-

527 2460 601 2500 est
618 2452 818 2500 falluciae
900 2468 974 2500 ea.
997 2452 1061 2510 iv,
1083 2460 1131 2503 5.
1151 2458 1216 2503 23
1256 2452 1337 2501 Ne
1359 2468 1497 2516 quam
1521 2454 1590 2501 fa-

527 2517 650 2566 ciam
670 2518 722 2564 in
745 2517 924 2578 nuptiis
942 2515 1174 2564 fallacinm
1207 2517 1270 2564 A.
1295 2519 1328 2573 i,
1352 2519 1454 2567 3.’7
1481 2518 1592 2566 Fin-

528 2590 650 2644 gunt
687 2581 922 2642 quandam
956 2579 1078 2628 inter
1109 2597 1160 2628 ee
1192 2597 1318 2629 nunc
1355 2582 1591 2630 fallaciam

528 2645 594 2694 A.
616 2646 655 2703 i,
677 2649 728 2693 3.
749 2649 808 2694 15
863 2645 956 2692 Hic
980 2660 1107 2692 nunc
1129 2661 1202 2693 me
1225 2647 1374 2694 credit
1390 2649 1591 2710 aliquam

528 2711 618 2758 sibi
637 2709 870 2758 fallaciam
895 2717 1074 2772 portare
1108 2708 1172 2756 A.
1206 2710 1260 2767 ii,
1283 2717 1328 2760 6.
1357 2716 1378 2759 1
1431 2713 1594 2762 Minas

529 2775 717 2838 triginta
742 2790 824 2836 per
842 2774 1075 2822 fallaciam
1097 2777 1157 2820 ab
1180 2774 1262 2822 illo
1284 2777 1454 2822 abstuli
1500 2777 1591 2828 Ph.

529 2855 576 2898 v,
599 2844 646 2888 8.
667 2843 734 2889 49
789 2839 866 2886 De
903 2839 1092 2886 fallacia
1123 2840 1277 2888 dicis?
1313 2841 1388 2888 st!
1435 2842 1594 2889 inveni

529 2905 944 3024 xssflffisfflssssae
964 2903 1208 3031 „5523
1222 2909 1284 3016 Ξῖ
1304 2907 1593 3019 33..ἆὲἻὲ

532 3031 753 3080 fallacia?
789 3033 910 3080 Hea.
931 3033 998 3086 iv,
1020 3037 1067 3081 8.
1091 3039 1122 3082 8
1173 3033 1366 3097 Rogas?
1412 3034 1590 3098 aliquid

530 3097 770 3160 reperiret,
793 3098 990 3159 fingeret
1029 3097 1238 3146 fallacias
1286 3099 1408 3146 Heu.
1447 3099 1520 3156 iii,
1541 3106 1590 3149 2.

530 3165 596 3211 22
629 3161 676 3208 N
680 3179 743 3208 on
766 3162 884 3209 mihi
903 3177 988 3223 per
1007 3161 1215 3210 fallacias
1229 3163 1464 3210 adducere
1482 3175 1592 3212 ante

531 3225 723 3274 oculos?
759 3225 881 3272 Hea.
905 3243 952 3278 v,
976 3230 1024 3274 4.
1051 3231 1113 3273 18
1151 3226 1249 3272 Hei
1281 3227 1429 3274 mihi!
1467 3229 1591 3276 occi-

531 3291 645 3337 disti
667 3305 741 3336 me
764 3291 855 3335 tuis
875 3288 1074 3336 fallaciis
1093 3289 1186 3337 Ph.
1206 3291 1272 3346 iv,
1295 3295 1342 3338 3.
1363 3295 1427 3340 67

599 3353 748 3401 Fano.
813 3352 1019 3400 Irrides?
1054 3352 1170 3400 nihil
1190 3369 1266 3402 me
1286 3355 1410 3402 fallis
1455 3354 1518 3404 A.
1558 3357 1592 3413 i,

531 3420 583 3465 2.
607 3420 670 3464 33
721 3415 861 3465 Certe
897 3417 1052 3465 hercle
1090 3433 1216 3465 nunc
1258 3420 1336 3467 hie
1379 3435 1429 3468 se
1466 3420 1595 3482 ipsus

531 3480 672 3536 fauit,
713 3481 838 3528 haud
876 3497 966 3541 ego
1018 3479 1084 3529 A.
1121 3483 1194 3539 iii,
1216 3489 1267 3533 2.
1293 3489 1350 3532 15
1387 3484 1496 3533 Nisi
1516 3503 1594 3536 me

532 3545 716 3594 animus
736 3546 858 3593 fallit
887 3546 1010 3594 Hea.
1032 3549 1094 3602 iv,
1117 3552 1162 3596 1.
1190 3554 1237 3599 1.
1269 3548 1335 3609 iv,
1353 3554 1401 3598 2.
1424 3555 1469 3598 1.
1502 3551 1594 3599 Ph.

531 3626 580 3666 v,
608 3616 651 3661 l.
673 3616 706 3660 8
744 3610 849 3659 Nec
871 3611 952 3674 pol
976 3627 1050 3658 me
1071 3613 1269 3660 multum
1289 3614 1440 3661 fallit:
1479 3617 1596 3679 quin

532 3674 628 3725 He.
652 3692 697 3732 ν,
722 3680 769 3724 1.
791 3680 822 3724 2
871 3676 1005 3722 Eho!
1049 3675 1210 3725 laudas
1244 3693 1423 3741 queso,
1459 3680 1594 3727 heros

534 3740 616 3803 qui
639 3740 844 3788 fallunt?
877 3741 1000 3789 Hea.
1021 3741 1095 3800 iii,
1112 3746 1161 3793 2.
1185 3748 1250 3791 26
1281 3743 1390 3791 Jam
1413 3752 1592 3806 pertur-

537 3805 644 3851 bavi
664 3806 850 3852 omnia:
876 3807 1036 3852 berum
1072 3806 1220 3854 fefelli
1265 3809 1327 3854 A.
1366 3807 1436 3862 iii,
1457 3813 1504 3856 4.
1528 3812 1592 3857 23

535 3867 664 3916 Num
689 3885 764 3917 me
784 3871 969 3927 fefellit,
993 3872 1132 3918 hosce
1154 3871 1203 3918 id
1227 3873 1434 3919 struere?
1469 3872 1591 3921 Hea.

532 3933 605 3993 iii,
626 3939 676 3983 2.
700 3939 728 3982 3
774 3934 906 3981 Nihil
929 3951 1004 3982 me
1027 3935 1197 3982 fefellit
1244 3935 1367 3984 Heu.
1403 3937 1467 3992 iv,
1491 3941 1539 3985 3.
1560 3943 1594 3987 4

533 3997 633 4045 Iste
653 4013 728 4046 me
749 3999 918 4046 fefellit
946 4000 1036 4049 Ph.
1059 3999 1133 4060 iii,
1153 4005 1201 4048 2.
1221 4005 1284 4048 45
1328 3999 1494 4062 Atque
1513 4017 1594 4049 ens

533 4060 700 4110 itidem
739 4063 913 4121 fallam,
955 4065 1040 4111 ut?
1075 4064 1166 4114 Eu.
1201 4064 1256 4122 ii,
1279 4068 1326 4112 3.
1347 4069 1410 4114 93
1467 4065 1596 4114 Vera

535 4125 760 4182 dicendo,
781 4136 832 4174 ut
847 4145 929 4176 eos
944 4130 1104 4176 ambos
1123 4129 1280 4177 fallam
1311 4129 1439 4178 Hea.
1463 4129 1529 4190 iv,
1546 4135 1594 4178 3.

538 4193 602 4237 33
656 4191 734 4236 An
756 4191 884 4252 quia,
906 4209 1024 4290 (ἒυοε
1046 4194 1220 4253 fallam,
1255 4208 1339 4256 pro
1373 4209 1468 4242 uno
1497 4196 1594 4243 duo

539 4261 647 4299 sunt
669 4253 782 4300 mihi
804 4256 932 4303 dati.
973 4258 1064 4305 Ph.
1085 4258 1152 4314 iv,
1175 4265 1224 4308 2.
1253 4263 1315 4307 12
1349 4257 1457 4306 Nisi
1478 4261 1593 4322 quid

541 4332 630 4364 me·
653 4317 871 4366 fefellerit
925 4321 1010 4368 Ph.
1055 4323 1087 4377 i,
1109 4327 1157 4372 4.
1180 4328 1244 4373 43
1300 4323 1456 4380 Quem
1500 4335 1592 4372 tam

1515 432 1758 482 INDEX

1662 588 1821 645 aperte
1840 582 2001 631 fauere
2012 582 2213 646 incipias
2232 584 2391 631 dolis-2
2424 581 2487 634 A.
2509 584 2584 645 iii,
2594 590 2644 637 2.
2660 588 2723 637 13

1660 646 1775 709 Ego·
1802 646 1880 709 pol
1913 648 2074 703 hodie,
2105 648 2146 695 si
2181 648 2303 703 vivo,
2336 649 2421 696 nbi
2460 651 2723 707 ostendam,

1661 712 1821 759 berum
1845 712 1959 774 quid
1981 712 2041 759 sit
2066 712 2223 775 pericli
2243 712 2405 761 fallere
2437 715 2503 763 A.
2528 730 2572 770 v,
2596 720 2643 763 2.
2658 720 2727 765 26

1663 776 1807 832 Quod
1844 774 2029 825 sensisti
2074 776 2179 825 illos
2214 792 2289 825 me
2324 778 2530 845 incipere
2564 780 2725 827 fallere

1660 840 1787 889 Heu.
1809 839 1879 898 iii,
1903 845 1949 889 1.
1973 844 2039 889 86
2085 840 2211 888 Nam
2254 843 2384 905 qnod
2426 846 2488 893 de
2530 852 2725 906 argento

1662 919 1861 967 sperem,-
1895 913 1979 953 aut
2009 921 2145 968 posse
2180 907 2413 969 postulem
2446 925 2520 957 me
2560 908 2725 957 fallere

1665 969 1787 1017 Hea-
1824 969 1889 1027 iv,
1912 974 1961 1019 2.
1983 974 2013 1018 4
2069 970 2168 1027 Qui
2210 972 2414 1029 mentiri,
2450 973 2723 1022 autfullere

1660 1033 1860 1081 insuerit
1882 1042 2059 1098 patrem
2094 1034 2192 1083 Ad.
2226 1036 2263 1089 i,-
2285 1040 2330 1085 1.
2356 1042 2419 1087 30
2476 1037 2570 1086 Ubi
2604 1038 2722 1100 quid

1664 1098 1781 1151 mihi
1816 1099 1931 1147 lucri
1969 1108 2058 1155 est,
2094 1107 2141 1146 te
2174 1100 2371 1148 fallere?
2418 1102 2509 1151 Ph.
2529 1102 2566 1159 i,
2586 1106 2634 1151 2.
2664 1106 2722 1150 12

1663 1162 1757 1209 Eas
1778 1163 1944 1211 itidem
1964 1165 2141 1219 fallam,
2177 1172 2229 1211 ut
2262 1165 2323 1212 ab
2358 1166 2451 1215 illis
2484 1166 2722 1213 fallimur?

1665 1226 1754 1277 Eu.
1790 1227 1842 1282 ii,
1865 1232 1913 1278 3.
1936 1232 1999 1276 93
2033 1228 2237 1285 Quidvis
2261 1231 2559 1291 capim-dum
2582 1246 2643 1277 ne
2662 1231 2725 1277 ab

1663 1293 1755 1339 hoe
1776 1308 1851 1339 me
1869 1292 1968 1340 falli
1984 1294 2259 1355 comperiar,
2276 1294 2501 1343 Chremes
2530 1294 2595 1343 A.
2609 1311 2658 1351 v,
2677 1298 2725 1343 3.

1664 1360 1724 1405 31
1765 1356 1864 1413 Qui
1884 1358 2033 1419 mag-is
2054 1356 2183 1412 licet,
2216 1358 2319 1405 fani
2342 1374 2425 1421 per
2446 1374 2626 1406 servum
2650 1375 2726 1407 se·

1660 1436 1771 1468 nem
1792 1423 1809 1467 ?
1843 1421 1935 1471 Eu.
1962 1421 2087 1469 Prol.
2109 1425 2175 1470 39
2229 1420 2348 1469 Falli
2378 1432 2425 1471 te
2447 1425 2571 1471 sinus
2592 1425 2723 1470 tech-

1662 1485 2591 1600 ”²⁸.¹;f:.52”32¹2‚2„¹.3m:;azaz..
2612 1564 2727 1599 ω.-

1663 1630 1755 1665 ses.
1788 1614 1857 1663 si.
1890 1614 2028 1663 Falso
2073 1615 2137 1663 A.
2176 1614 2249 1675 iii,
2269 1621 2316 1665 2.
2338 1620 2402 1665 25
2453 1615 2610 1672 Quam
2651 1630 2727 1663 me

1663 1681 1757 1727 hoe
1776 1680 1895 1727 falso
1914 1678 2191 1743 suspicarier
2222 1678 2343 1727 Heu.
2363 1680 2417 1737 ii,
2438 1685 2489 1729 3.
2513 1684 2577 1729 27
2602 1679 2727 1727 Nos·

1665 1750 1757 1790 tras
1779 1744 1993 1793 mulieres
2016 1750 2255 1807 suspectus
2274 1744 2417 1792 fuisse
2436 1744 2553 1791 falso
2570 1745 2725 1801 nobis,

1663 1808 1713 1855 in
1755 1824 1805 1855 re
1848 1810 1951 1872 ipsa
1991 1809 2253 1855 invenimus
2307 1808 2401 1856 He.
2424 1826 2470 1866 v,
2491 1813 2540 1858 2.
2567 1813 2622 1858 11
2674 1809 2727 1856 Si

1662 1874 1944 1935 compererit
1957 1874 2141 1921 crimini
2162 1882 2243 1920 tua
2262 1888 2313 1921 se
2334 1873 2453 1922 falso
2477 1888 2591 1921 uxor
2628 1888 2726 1921 cre-

1661 1937 1841 1985 didisse
1871 1937 1964 1986 He.
1988 1942 2103 1993 v‚·2.
2131 1942 2191 1986 13

1728 2000 1909 2059 Falsus,
1934 2018 1979 2059 n,
2001 2018 2097 2049 um.
2166 2001 2327 2049 Falsus
2348 2018 2401 2049 es
2432 2002 2493 2049 A.
2516 2002 2579 2059 iv,
2598 2005 2723 2051 1.ae

1665 2065 1764 2114 Uro
1786 2068 2039 2115 hominem.
2076 2067 2161 2115 Pa.
2197 2066 2267 2113 Ut
2285 2067 2429 2113 falsus
2452 2066 2692 2114 animi-est
2711 2067 2723 2113 Ξ

1665 2130 1756 2178 En.
1786 2131 1839 2187 ii,
1860 2136 1907 2181 2.
1929 2136 1993 2182 43
2044 2132 2164 2181 Haec
2188 2130 2343 2191 verba,
2378 2146 2471 2178 una
2492 2130 2729 2179 mehercle

1664 2196 1783 2243 salsa
1816 2196 2071 2260 lacrymula
2103 2195 2361 2257 restinguet
2407 2195 2499 2245 Eu.
2536 2196 2569 2253 i,
2595 2201 2638 2244 1.
2660 2200 2725 2244 22

1666 2259 1893 2323 Proloqui
1916 2260 2057 2307 ullam
2078 2274 2285 2321 eausam,
2314 2261 2521 2323 ineptam
2543 2260 2726 2315 saltem,

1577 2350 1597 2375 .·
1665 2324 1846 2379 falsam,
1866 2324 2115 2388 iniquam?
2150 2326 2215 2372 A.
2239 2325 2277 2379 i.
2298 2330 2347 2374 5.
2371 2329 2433 2373 22
2485 2324 2629 2372 Proin
2672 2332 2725 2370 tu

1666 2388 2015 2436 solicitudinem
2051 2390 2184 2435 istam
2216 2388 2398 2445 falsam,
2432 2404 2539 2452 quae
2571 2397 2621 2436 te
2646 2404 2728 2435 ex-

1665 2452 1861 2509 cruciat,
1904 2454 2062 2501 mittas
2117 2453 2243 2503 Hea.
2285 2453 2319 2508 i,
2340 2458 2390 2502 2.
2410 2457 2438 2502 3
2490 2454 2636 2516 Cave,
2668 2468 2729 2500 ne

1665 2516 1827 2563 falsam
1850 2518 2043 2580 gratiam
2064 2519 2254 2564 studeas
2274 2517 2395 2564 inire
2440 2517 2563 2565 Heu.
2603 2520 2655 2574 ii,
2679 2523 2729 2567 3.

1664 2585 1726 2628 61
1781 2581 1891 2628 Nisi
1926 2597 2001 2628 me
2034 2582 2252 2675 laftnsses
2272 2589 2522 2638 amantem,
2543 2590 2593 2630 et
2608 2582 2731 2634 falsa

1666 2646 2426 2773 {ffifi‘ssss'oessiamffihisszssiffi
2456 2646 2589 2758 3332?
2598 2647 2730 2760 “1¹22ss

1666 2791 1713 2828 v,
1740 2779 1783 2822 1.
1807 2779 1865 2823 31
1953 2778 1983 2822 d
2028 2789 2216 2838 operam
2257 2776 2341 2835 do,
2378 2783 2430 2821 ut
2461 2791 2561 2840 per⁴
2588 2775 2732 2823 falsas

1668 2839 1858 2901 nuptias
1879 2855 1988 2886 vera
2008 2839 2289 2903 objurgandi
2310 2855 2451 2887 causa
2488 2841 2549 2886 sit
2588 2838 2653 2887 A.
2693 2841 2727 2897 i,

1672 2907 1716 2950 1.
1739 2909 1835 2953 130
1890 2903 2025 2951 Facis
2046 2905 2283 2966 injuriam,
2303 2919 2411 2952 cum
2434 2904 2569 2967 fingis
2590 2905 2730 2952 falsas

1667 2983 1831 3014 causas
1852 2970 1911 3016 ad
1934 2969 2215 3016 discordium
2249 2968 2341 3030 He.
2364 2971 2428 3024 iv.
2450 2976 2501 3017 4.
2525 2974 2586 3018 71
2646 2969 2727 3017 In-

1669 3040 1858 3079 ventum
1882 3040 1955 3080 est
1974 3033 2141 3083 falsum
2178 3033 2239 3081 A.
2263 3033 2333 3088 iii,
2352 3037 2398 3082 2.
2420 3036 2483 3082 33
2534 3033 2619 3081 Sin
2640 3034 2731 3081 fal-

1668 3111 1789 3153 sum,
1812 3106 1894 3144 aut
1911 3112 2097 3155 vanum,
2116 3105 2199 3144 aut
2212 3097 2373 3144 fictum
2392 3105 2480 3151 est,
2498 3097 2729 3146 continuo

1670 3161 1824 3223 palam
1846 3169 1918 3213 est
1960 3161 2052 3210 En.
2091 3163 2125 3217 i.
2148 3166 2195 3210 2.
2216 3165 2279 3210 24
2336 3160 2599 3224 Utrumque
2636 3163 2727 3210 hoc

1667 3225 1835 3274 falsum
1850 3235 1947 3274 est:
1970 3227 2130 3274 effluet
2159 3225 2250 3273 Eu.
2270 3224 2309 3280 i,
2328 3229 2375 3274 2.
2390 3230 2451 3274 41
2488 3224 2591 3272 Aut
2606 3224 2727 3274 illud

1666 3288 1835 3337 falsum
1856 3298 1946 3347 est,
1968 3292 2094 3355 quod
2119 3290 2257 3352 volgo
2279 3290 2426 3337 audio
2458 3289 2555 3337 dici
2605 3289 2729 3340 Heu.

1666 3353 1739 3410 iii,
1758 3360 1803 3404 l.
1831 3361 1892 3406 12
1930 3355 2069 3410 Tum,
2092 3355 2131 3402 si
2150 3355 2203 3401 id
2224 3354 2393 3401 falsum
2415 3354 2582 3411 fuerat,
2605 3355 2729 3403 filins

1668 3433 1751 3466 cur
1770 3435 1867 3468 non
1888 3420 2089 3480 refellit?
2123 3420 2215 3467 Ph.
2256 3418 2311 3474 ii,
2332 3424 2380 3469 3.
2401 3423 2463 3468 53
2514 3419 2601 3466 Me
2638 3421 2728 3467 mi-

1668 3498 1815 3532 seram
1834 3485 1845 3530 l
1864 3485 2000 3541 nihil,
2026 3485 2125 3547 pol,
2146 3483 2249 3531 falsi
2272 3483 2393 3544 dixi,
2414 3483 2477 3530 mi
2498 3499 2641 3532 senex
2662 3484 2728 3531 A.

1666 3548 1730 3622 iv,
1754 3552 1803 3661 4ἑ
1826 3553 1891 3660 ἷ19
1924 3550 2033 3627 Hoc
2054 3558 2182 3597 certo
2204 3549 2321 3604 scio,
2344 3563 2593 3661 ηαὲῃυοίωὲ
2608 3547 2730 3662 ligea

1667 3628 1757 3724 {ie
1770 3628 2174 3734 vzliiligufflilagine’
2193 3627 2729 3739 ῗὲιυθορὶιῗιοῃέεεοᾱιιοὶ

1658 3741 1785 3788 'salso
1806 3743 1979 3804 gaudio
2014 3740 2077 3790 A.
2114 3743 2149 3798 i,
2171 3746 2220 3791 2.
2243 3747 2275 3792 9
2324 3741 2405 3789 Ne
2426 3757 2501 3789 me
2522 3743 2571 3789 in
2592 3743 2732 3791 breve

1666 3805 1894 3920 {i’L'jff‘Y
1924 3815 2127 3928 ‘2⁶¹”333
2147 3807 2487 3920 522⁶?ssssss
2496 3807 2626 3918 22¹?ss
2640 3808 2713 3918 *51:1¹
2716 3808 2733 3853 ¹

1669 3905 1829 3991 dieris:
1845 3904 1945 3998 jaim
1968 3937 2073 3990 seiri
2098 3907 2353 3998 potezt'A:
2377 3931 2421 3992 ν’,
2443 3939 2493 3984 4.
2521 3939 2585 3983 19

1732 3999 1893 4051 Fama.
1956 4001 2061 4049 Tua
2079 4001 2226 4064 famu,
2265 4008 2317 4048 et
2347 4006 2501 4063 gnatae
2533 3999 2645 4053 vita,
2678 3998 2729 4045 in

1668 4065 1865 4112 dubium
1910 4066 2067 4114 veniet
2103 4065 2203 4115 Ad.
2234 4065 2307 4122 iii,
2330 4069 2381 4114 2.
2402 4067 2467 4112 42
2522 4061 2729 4110 Proinde

1634 4160 1638 4164 -
1667 4146 1758 4194 ego
1780 4145 1860 4178 ero
1880 4131 2006 4179 fama
2027 4130 2139 4178 soris
2171 4129 2264 4180 He.
2285 4129 2340 4191 ii,
2361 4131 2409 4176 1.
2427 4131 2489 4175 21
2524 4125 2639 4173 Non
2656 4141 2730 4174 sa-

1672 4195 1729 4244 tis
1750 4205 1839 4254 est,
1860 4202 2071 4243 munte
2102 4194 2305 4242 officium
2337 4190 2525 4246 fecisse,
2558 4191 2599 4237 si
2632 4207 2731 4240 non

1667 4259 1721 4334 id
1741 4260 1865 4308 fama
1877 4262 2110 4336 approbat
2129 4258 2219 4306 Ph.
2240 4259 2309 4319 iv,
2328 4259 2459 4330 ⁵1¹²
2491 4252 2604 4329 Non
2630 4271 2731 4319 μω·

1670 4333 1791 4373 nitet
1828 4341 1900 4373 me
1934 4323 2264 4382 lanneusolam
2298 4321 2465 4370 fecisse
2498 4321 2568 4377 id,
2600 4323 2729 4384 quod
