3192 4975
613 431 834 496 xxxvi

615 594 921 646 assimulat-ier
945 595 963 640 ?
998 591 1120 641 Hea.
1140 593 1203 648 ie,
1226 597 1275 642 3.
1296 597 1359 642 38

681 660 877 707 Assisto.
920 657 1015 705 Hic
1032 663 1223 722 propter
1240 658 1366 705 hunc
1387 657 1547 707 assiste
1568 658 1666 706 Ad.

680 785 887 834 Assolet.
953 784 1142 840 Adhuc,
1166 783 1387 841 Archilis,
1412 801 1516 848 quae
1539 801 1668 833 asso-

618 851 719 899 lent
738 851 870 912 signa
891 864 991 896 esse
1014 849 1073 896 ad
1096 849 1312 906 salutem,
1332 849 1441 898 huic
1464 865 1563 897 esse
1597 849 1667 898 vi-

620 915 712 962 deo
746 914 805 961 A.
826 913 896 968 iii,
920 917 969 960 2.
994 917 1020 963 l

679 979 815 1025 Asto.
881 976 1106 1027 Accessi:
1142 977 1271 1024 astiti
1304 977 1393 1026 Ph.
1430 993 1477 1035 v,
1506 981 1563 1026 6.
1602 981 1665 1026 27

613 1042 708 1090 Hic
730 1050 906 1104 patrem
930 1047 1079 1087 astare
1100 1041 1259 1089 aiebas
1278 1042 1295 1088 ἓ
1330 1042 1452 1091 Hea.
1491 1058 1540 1097 V,
1560 1045 1612 1090 2.
1636 1046 1668 1091 7

616 1107 841 1154 Patruum
865 1105 1004 1152 video
1026 1119 1131 1153 cum
1156 1112 1289 1168 patre
1310 1111 1539 1154 astantem
1573 1104 1665 1153 Ph.

614 1170 683 1226 iv,
706 1174 754 1220 3.
778 1174 809 1217 2
1274 1197 1277 1200 >

677 1232 915 1296 Astringo.
980 1230 1086 1280 Hac
1108 1231 1211 1296 lege
1234 1233 1321 1281 tibi
1336 1249 1487 1282 meam
1503 1232 1668 1280 astrin-

614 1314 675 1360 go
698 1297 841 1344 fidem
862 1297 953 1343 Eu.
974 1297 1008 1351 i,
1029 1300 1078 1344 2.
1100 1301 1165 1346 22

680 1360 823 1411 Astu.
890 1358 971 1406 An
1004 1361 1057 1410 in
1097 1359 1220 1408 Astu
1241 1362 1403 1412 venit?
1436 1361 1528 1408 Eu.
1550 1376 1596 1417 v,
1618 1363 1666 1408 6.

677 1487 841 1537 Astus.
904 1487 1025 1544 Quae
1047 1489 1088 1536 si
1108 1505 1203 1536 non
1221 1495 1322 1537 astu
1344 1489 1666 1552 providentur,

613 1567 707 1610 me,
729 1562 812 1599 aut
831 1555 989 1600 herum
1013 1569 1196 1616 pessum
1220 1554 1401 1600 dabunt
1421 1552 1487 1601 A.
1508 1553 1545 1607 i,
1568 1556 1617 1600 3.
1634 1555 1664 1599 3

616 1616 709 1664 Ph.
731 1617 768 1672 i,
790 1621 839 1665 4.
860 1623 889 1665 5
944 1617 1089 1672 Quod
1130 1617 1169 1666 si
1188 1624 1290 1664 astu
1313 1633 1410 1665 rem
1432 1616 1666 1677 tractavit,

614 1675 680 1726 Di
706 1688 901 1727 vostram
925 1681 1093 1728 fidem!
1130 1681 1221 1728 Eu.
1244 1699 1289 1735 v,
1304 1685 1352 1729 4.
1375 1685 1407 1730 2

679 1741 868 1791 Astute.
932 1743 1010 1791 Ne
1048 1752 1171 1792 esset
1192 1745 1393 1807 spatium
1420 1743 1665 1807 cogitandi

614 1807 675 1852 ad
698 1807 1022 1854 disturbandas
1044 1809 1248 1870 nuptias.
1265 1817 1418 1857 astute
1438 1808 1449 1854 Ξ
1473 1811 1537 1858 Α.
1557 1807 1593 1862 i,
1612 1811 1663 1857 2.

617 1874 678 1918 12
730 1871 803 1918 Ita
824 1888 899 1918 me
921 1873 1060 1920 video
1082 1873 1141 1920 ab
1158 1887 1215 1919 ea
1235 1879 1387 1920 astute
1410 1872 1664 1919 labefacta·

614 1934 703 1980 rier
735 1935 827 1984 Eu.
842 1935 912 1992 iii,
935 1939 981 1984 3.
1004 1941 1034 1985 3
1068 1936 1189 1984 Satis
1210 1943 1362 1984 astute
1385 1935 1662 2000 aggredimi-

614 1997 667 2044 ni
699 1997 789 2044 Ph.
814 2017 858 2056 v,
881 2004 929 2048 7.
952 2003 1017 2048 75

678 2061 885 2110 Astutia.
950 2062 1037 2110 Me
1060 2065 1306 2128 magnifice
1325 2065 1487 2120 effero,
1509 2062 1593 2128 qui
1615 2070 1664 2111 et

612 2132 892 2188 potestatem
927 2127 1124 2177 habeam
1156 2135 1298 2176 tautae
1322 2129 1507 2176 astutiae
1538 2128 1665 2175 Hea.

614 2189 677 2246 iv,
701 2195 747 2238 3.
769 2195 833 2239 32
884 2191 1020 2254 Opus
1053 2199 1125 2239 est
1158 2200 1240 2239 tua
1276 2193 1393 2240 mihi
1426 2199 1668 2255 expromt»

614 2255 834 2301 memoria
851 2263 993 2317 atque
1014 2257 1185 2303 astutia
1217 2253 1283 2304 A.
1305 2257 1368 2313 iv,
1390 2261 1438 2304 3.
1460 2261 1491 2304 8
1538 2255 1665 2302 Rem

614 2319 809 2364 astutias
830 2318 842 2364 !
878 2320 1009 2382 quod
1030 2320 1067 2365 si
1085 2321 1315 2381 quiessem
1345 2319 1415 2368 A.
1434 2319 1509 2376 iii,
1531 2325 1579 2369 4.
1601 2324 1664 2368 25

678 2379 895 2431 Astutus.
957 2380 1181 2430 Astutus!
1219 2398 1291 2430 nae
1308 2383 1391 2431 ine
1412 2383 1537 2430 haud
1560 2382 1666 2440 scit,

616 2459 757 2509 quam
792 2445 916 2497 Hes.
953 2447 1007 2505 ii,
1046 2453 1091 2497 1.
1131 2451 1193 2496 10
1256 2446 1513 2511 Nunquam
1544 2447 1666 2494 adeo

613 2515 793 2556 astutus
813 2510 902 2565 fui,
924 2512 1037 2574 quin
1070 2511 1168 2560 Ad.
1202 2510 1253 2567 ii,
1275 2516 1323 2562 2.
1346 2516 1409 2561 13
1462 2512 1549 2559 Me
1570 2526 1668 2558 non

616 2580 712 2619 tarn
731 2580 951 2631 astutum,
966 2591 1120 2637 neque
1137 2576 1201 2622 ita
1217 2576 1532 2640 perspicacem
1548 2592 1667 2633 esse,

613 2637 664 2684 id
686 2644 813 2685 certo
835 2638 934 2685 scio
967 2640 1091 2687 Hea.
1108 2656 1157 2697 v,
1182 2645 1228 2689 1.
1253 2645 1279 2688 1

682 2702 995 2765 Asymbolus,
1015 2718 1061 2758 a,
1080 2719 1177 2751 um.
1240 2703 1358 2753 Ten'
1373 2703 1667 2768 asymbolum

614 2765 773 2813 venire
798 2766 811 2812 Ξ
837 2766 925 2814 Ph.
945 2767 1001 2823 ii,
1022 2772 1069 2816 2.
1089 2772 1153 2817 25

681 2830 765 2880 At.
800 2830 931 2878 Atat.
961 2831 1030 2878 At
1049 2834 1192 2881 enim.
1260 2832 1328 2880 At
1347 2847 1474 2879 nunc
1495 2832 1667 2880 faciet!

614 2894 1491 3021 ff.q2}0⁸¹ss?„2”2525020330AA3
1508 2896 1668 3008 ³3²5?

614 3020 686 3068 At
723 3028 771 3068 te
793 3022 858 3070 Di
894 3024 1093 3085 perdant
1125 3025 1217 3072 Eu.
1238 3025 1375 3077 iii,1.
1397 3028 1457 3073 41
1514 3024 1579 3071 At
1615 3030 1665 3071 tu

614 3086 741 3147 apud
765 3101 851 3133 nos
872 3088 950 3135 hic
972 3104 1109 3137 mane
1144 3090 1235 3137 Eu.
1258 3088 1331 3145 iii,
1357 3093 1403 3136 3.
1425 3093 1491 3137 28
1526 3086 1594 3134 At
1615 3095 1668 3137 tu

614 3149 857 3212 indignus,
876 3153 959 3214 qui
974 3154 1149 3201 faceres
1170 3162 1325 3199 tamen
1358 3152 1449 3199 Eu.
1472 3168 1515 3205 v,
1533 3155 1581 3199 2.
1603 3157 1667 3200 27

614 3212 685 3259 At
704 3230 765 3261 ne
804 3217 893 3261 hoc
936 3216 1173 3269 nesciatis,
1209 3216 1335 3268 dico,
1365 3214 1502 3262 edico
1538 3216 1670 3262 vobis

614 3276 708 3324 En.
732 3293 779 3332 ν,
818 3284 869 3325 5.
904 3282 968 3327 19
1020 3280 1089 3327 At
1122 3279 1231 3325 istos
1268 3286 1435 3325 rastros
1478 3294 1668 3339 appone

616 3339 789 3393 Hermi,
814 3344 861 3387 1.
885 3345 949 3389 36
1002 3342 1070 3388 At
1103 3342 1237 3404 quasi
1272 3342 1318 3389 is
1358 3357 1454 3388 non
1492 3342 1670 3389 divitiis

616 3402 826 3449 abundet
856 3403 980 3451 Hea.
1003 3406 1075 3461 iii,
1098 3410 1145 3454 2.
1182 3410 1243 3454 16
1296 3405 1365 3452 At
1396 3405 1512 3453 scin'
1532 3406 1666 3469 quid,

619 3466 793 3513 sodes?
827 3466 946 3517 Hea.
982 3469 1048 3525 iv,
1091 3474 1141 3519 4.
1183 3474 1245 3518 16
1298 3470 1381 3526 At,
1419 3486 1512 3526 nae,
1546 3471 1666 3517 illud

618 3530 743 3577 haud
767 3531 989 3591 inultum,
1011 3534 1052 3580 si
1073 3534 1199 3587 vivo,
1221 3534 1370 3583 serent
1402 3535 1524 3582 Hea.
1548 3551 1593 3592 v,
1621 3540 1667 3583 1.

617 3598 682 3642 45
717 3594 970 3644 Peccatum
994 3614 1231 3660 magnum.
1256 3608 1306 3647 at
1322 3601 1576 3647 humanum
1595 3606 1666 3646 te-

614 3674 723 3706 men
758 3658 857 3707 Ad.
891 3661 954 3717 iv,
993 3668 1041 3711 5.
1077 3668 1139 3711 63
1194 3663 1243 3710 Si
1278 3680 1373 3711 non
1412 3663 1577 3727 pretio,
1617 3671 1666 3710 at

614 3724 775 3783 gratiis
806 3726 901 3775 Ad.
922 3725 986 3781 iv,
1008 3731 1057 3775 7.
1079 3732 1143 3775 26
1188 3727 1255 3774 At
1276 3735 1322 3775 te
1345 3728 1429 3782 Di,
1451 3727 1666 3789 Deaeque

618 3789 841 3849 perduint
862 3790 953 3837 He.
974 3792 1011 3851 i,
1031 3795 1079 3840 2.
1101 3785 1165 3839 59
1212 3791 1280 3839 At
1300 3791 1490 3845 faciam.
1506 3801 1560 3837 ut
1576 3806 1664 3837 no·

618 3852 735 3899 veris
752 3854 843 3902 He.
864 3854 993 3915 iii,4.
1007 3860 1069 3903 25
1092 3854 1163 3902 At
1178 3858 1363 3903 easdem
1380 3856 1550 3902 amicas
1565 3854 1664 3903 fore

614 3915 703 3963 tibi
727 3919 945 3982 promitto
980 3918 1074 3967 He.
1099 3936 1143 3975 ν,
1166 3924 1215 3967 2.
1240 3926 1302 3970 25
1354 3919 1417 3966 At
1437 3919 1477 3965 si
1514 3919 1664 3966 talen-

615 3986 715 4025 tum
739 3999 832 4030 rem
855 3983 1117 4047 reliquisset
1147 3983 1311 4030 decem
1337 3982 1434 4029 .Ph.
1456 3981 1506 4037 ii,
1529 3986 1575 4030 3.
1599 3988 1664 4033 46

614 4043 693 4090 Mi
717 4047 800 4108 vir,
834 4063 931 4094 non
953 4048 1068 4095 mihi
1088 4048 1275 4094 narras?
1310 4046 1401 4095 Ch.
1427 4046 1509 4093 At.
1532 4045 1663 4095 Nau.

615 4107 761 4165 Quid.
798 4114 882 4159 at?
916 4111 1005 4161 Ph.
1045 4128 1091 4167 v,
1124 4116 1171 4160 8.
1209 4116 1289 4160 13.
1344 4112 1513 4173 passim
1536 4112 1665 4161 alibi.

616 4170 790 4221 Atat!
826 4178 915 4223 hoc
949 4176 1067 4223 illud
1108 4177 1208 4223 est!
1247 4176 1356 4222 hinc
1395 4175 1489 4221 illae
1511 4176 1661 4239 lacry-

614 4237 736 4284 mae!
772 4238 831 4285 A.
853 4241 889 4294 i,
908 4246 952 4289 1.
974 4244 1039 4289 98
1072 4241 1168 4296 Qui
1190 4241 1280 4287 huc
1298 4240 1483 4301 pergit?
1518 4247 1566 4286 at
1588 4240 1659 4285 at!

613 4294 706 4349 hie.
735 4302 1031 4365 quidem*-est
1066 4306 1295 4369 parasitus
1329 4302 1416 4352 Eu.
1456 4303 1507 4359 ii,
1529 4307 1576 4354 1.
1597 4308 1662 4355 22

1576 440 1827 516 runssx

1739 593 1811 640 At
1827 591 1906 640 at!
1941 592 2052 638 data
2073 589 2224 638 hercle
2247 589 2388 638 verba
2409 583 2522 636 mihi
2557 596 2667 636 sunt
2703 585 2795 640 Eu.

1737 657 1806 713 iv,
1829 663 1878 705 5.
1907 660 1930 704 1
1977 653 2046 701 At
2064 655 2142 702 at!
2175 655 2264 702 Th.
2300 653 2432 700 Num
2465 653 2796 701 formidolosus

1741 721 1933 768 obsecro
1954 735 2022 775 es,
2040 719 2106 766 mi
2129 718 2303 765 homo?
2338 717 2429 766 Eu.
2451 717 2518 778 iv,
2539 723 2590 766 6.
2616 721 2678 766 18
2725 719 2794 764 At

1742 784 1822 830 at!
1857 798 2020 831 eccum
2045 781 2357 845 Phidippum,
2379 788 2429 828 et
2450 789 2628 844 patrem
2652 781 2793 828 video

1743 846 1836 896 He.
1853 847 1925 900 iii,
1962 850 2011 894 4.
2046 851 2108 894 35
2163 847 2234 892 At
2267 843 2346 892 at!
2398 845 2629 894 Phaedriae
2663 853 2797 907 pater

1744 911 1874 958 venit
1906 910 1994 957 Ph.
2025 909 2091 965 iv,
2131 913 2180 958 2.
2220 913 2284 957 10
2339 907 2404 955 At
2437 908 2514 955 nt!
2549 907 2640 954 nisi
2679 907 2795 954 mihi

1743 975 1998 1038 prospicio,
2021 975 2174 1020 haereo
2207 972 2299 1020 Ph.
2321 989 2368 1028 v,
2391 977 2438 1022 7.
2455 977 2519 1020 70
2573 969 2644 1017 At
2665 972 2794 1017 enim

1742 1039 1872 1088 istaec
1908 1039 1961 1085 iu
1981 1053 2058 1085 me
2094 1038 2291 1085 cudetur
2325 1037 2434 1083 faba
2465 1035 2555 1082 Eu.
2577 1035 2628 1090 ii,
2652 1039 2702 1084 3.
2727 1039 2799 1083 89

1741 1103 1809 1151 At
1835 1101 1959 1150 enim
1981 1117 2114 1156 cave,
2137 1117 2196 1148 ne
2219 1101 2366 1164 prius,
2383 1115 2523 1162 quam
2544 1097 2634 1145 Eu.
2655 1097 2723 1154 iv,
2745 1103 2797 1146 6.

1745 1171 1806 1217 13
1853 1165 1924 1212 At
1961 1166 2086 1213 enim
2107 1165 2254 1224 dices,
2276 1180 2349 1211 me
2379 1163 2578 1226 poenitet
2613 1161 2736 1208 Hea.
2759 1163 2796 1218 i,

1744 1234 1790 1279 1.
1812 1235 1878 1280 20
1911 1229 1978 1276 At
1988 1231 2128 1276 enim.
2151 1228 2265 1276 Clit.
2279 1228 2409 1284 Quid
2427 1227 2582 1274 enim?
2605 1225 2728 1272 Heu.
2744 1226 2800 1280 ii,

1743 1299 1792 1343 3.
1808 1298 1873 1343 76
1921 1293 1988 1340 At
2007 1293 2133 1340 enim
2168 1308 2299 1354 spem
2322 1291 2590 1354 nuptiarum
2609 1305 2796 1336 omnem

1742 1357 2108 1470 «ΧξρίἱΗιεαὶιίιν,
2119 1361 2190 1467 {t
2203 1361 2286 1430 35·
2301 1355 2368 1402 At
2383 1357 2506 1466 entim
2529 1369 2626 1400 non
2645 1353 2794 1463 εἰῐὲειηι

1829 1458 1841 1473 .
1865 1438 1915 1475 ιι,
1971 1457 1984 1470 .
2212 1435 2339 1467 emm
2359 1435 2434 1467 me
2457 1435 2557 1474 uas,
2583 1432 2644 1464 ne
2666 1433 2694 1463 a
2751 1433 2798 1464 re

1743 1487 1838 1533 sint
1874 1485 2135 1531 omissiores
2167 1483 2262 1531 Ad.
2296 1501 2346 1544 v,
2369 1488 2417 1532 3.
2439 1487 2501 1531 44
2558 1480 2626 1526 At
2669 1481 2796 1527 enim

1741 1551 1888 1597 taedet
1900 1548 2001 1611 jam
2032 1549 2193 1596 audire
2212 1549 2378 1595 eadem
2410 1546 2580 1594 millies
2611 1543 2798 1601 Ph.iii,

1807 1677 2006 1724 Atavus.
2090 1675 2368 1738 Progeniem
2407 1682 2604 1722 vostram
2646 1693 2795 1742 nsque

1742 1743 1801 1789 ab
1822 1757 1928 1797 avo,
1950 1749 2092 1804 atque
2114 1747 2253 1787 atavo
2280 1740 2518 1802 proferens
2555 1741 2644 1790 Ph.
2669 1742 2722 1802 ii,
2745 1747 2794 1792 3.

1805 1867 1940 1926 Ater,
1963 1884 2008 1924 a,
2042 1885 2140 1918 um.
2205 1867 2393 1916 Introiit
2432 1867 2486 1915 in
2530 1869 2654 1917 aedes
2695 1877 2797 1918 ater

1738 1933 1918 1981 alienus
1928 1933 2058 1980 canis
2075 1933 2166 1982 Ph.
2189 1932 2254 1990 iv,
2275 1937 2324 1981 4.
2344 1937 2409 1981 26
2443 1932 2552 1989 Quo
2573 1941 2713 1996 pacto
2735 1951 2794 1982 ex

1732 1997 1841 2060 jure
1865 1999 2080 2044 hesterno
2117 2011 2286 2058 panem
2318 2005 2465 2043 atrum
2501 2005 2665 2045 vorent
2701 1998 2795 2045 Eu.

1739 2061 1806 2116 iv,
1826 2065 1876 2110 4.
1901 2064 1960 2111 17
2017 2060 2134 2108 Tam
2159 2068 2398 2108 excoctam
2419 2061 2629 2116 reddam,
2652 2069 2794 2126 atque

1740 2136 1902 2182 atram,
1920 2139 2060 2188 quam
2079 2125 2218 2172 carbo
2241 2131 2312 2172 est
2342 2125 2438 2172 Ad.
2457 2140 2504 2180 v,
2528 2129 2576 2174 3.
2599 2131 2663 2174 63

1805 2189 2022 2236 Athenae.
2085 2189 2152 2235 Te
2190 2188 2472 2236 desiderium
2502 2188 2792 2237 Athenarum

1741 2253 1934 2300 arbitror
1953 2253 2132 2315 cepisse
2154 2267 2279 2316 saepe
2313 2252 2408 2299 He.
2427 2253 2461 2310 i,
2484 2257 2531 2301 2.
2555 2258 2613 2302 13
2662 2255 2794 2310 Quid

1743 2323 1795 2363 tu
1816 2315 2029 2364 Athenas
2048 2316 2254 2364 insolens
2273 2317 2290 2364 ?
2324 2315 2388 2365 A.
2409 2333 2456 2373 v,
2476 2321 2525 2364 4.
2548 2323 2577 2365 5

1805 2379 1988 2444 Atque.
2055 2381 2218 2444 Atque
2239 2381 2359 2428 adeo
2381 2380 2431 2427 in
2451 2381 2559 2444 ipso
2581 2388 2791 2444 tempore
2884 2381 2891 2387 ’

1743 2459 1904 2493 eccum
1928 2446 2079 2508 ipsum
2100 2445 2287 2493 obviam
2307 2445 2370 2493 A.
2385 2445 2454 2502 iii,
2469 2451 2517 2494 2.
2534 2450 2596 2495 52
2622 2443 2792 2493 »ΑΙὶυπι

1743 2524 1844 2557 esse
1863 2525 2025 2557 censes
2045 2525 2172 2557 nunc
2196 2526 2286 2567 me,
2303 2517 2446 2573 atque
2457 2510 2568 2557 olim
2589 2511 2608 2557 ἓ
2638 2511 2702 2558 A.
2719 2511 2793 2568 iii,

1743 2577 1795 2621 3.
1812 2578 1869 2622 13
1906 2573 2017 2621 Non
2032 2572 2272 2637 Apollinis
2287 2574 2432 2637 magis
2454 2590 2629 2631 verum,
2650 2582 2794 2636 atque

1742 2638 1834 2686 hoc
1873 2653 2143 2699 responsum
2181 2645 2254 2685 est
2299 2637 2357 2688 A.
2382 2638 2444 2694 iv,
2467 2643 2515 2687 2.
2541 2643 2598 2686 15
2644 2638 2797 2686 Miser

1742 2716 1894 2763 aeque,
1917 2710 2059 2765 atque
2081 2718 2170 2765 ego
2203 2701 2268 2749 A.
2286 2701 2352 2758 iv,
2374 2707 2423 2752 2.
2449 2706 2509 2751 19
2531 2702 2704 2749 Praeter
2723 2703 2792 2750 ci-

1739 2766 1865 2812 vium
1887 2780 2059 2813 morem
2082 2774 2223 2828 atque
2245 2767 2412 2830 legem,
2435 2772 2484 2813 et
2503 2767 2792 2813 voluntatem

1741 2830 1885 2891 patris
1907 2830 1968 2877 A.
1989 2847 2036 2889 v,
2060 2834 2107 2878 3.
2123 2835 2156 2878 9
2188 2829 2348 2894 Atque
2365 2831 2484 2877 adeo
2499 2829 2687 2891 longum
2702 2838 2791 2885 est,

1740 2908 1828 2940 nos
1849 2894 1982 2941 illum
2023 2902 2269 2955 expectare
2303 2893 2367 2944 A.
2401 2912 2448 2950 v,
2481 2898 2530 2943 6.
2551 2899 2612 2944 13
2662 2894 2791 2941 Dum

1740 2965 1927 3021 tempus
1941 2964 2028 3013 est,
2051 2959 2193 3005 etiam
2205 2967 2345 3022 atque
2367 2958 2506 3005 etiam
2529 2958 2686 3022 cogita
2699 2959 2793 3007 Eu.

1741 3022 1778 3079 i,
1805 3028 1851 3071 1.
1879 3028 1934 3071 11
1983 3022 2120 3070 Neve
2153 3022 2387 3077 aiiorsum,
2411 3030 2551 3085 atque
2573 3038 2662 3085 ego
2682 3021 2795 3079 feci,

1743 3086 1976 3148 acceperit
2009 3088 2098 3135 Eu.
2123 3087 2159 3142 i,
2181 3092 2229 3136 2.
2265 3090 2299 3134 2
2350 3085 2514 3149 Atque
2553 3088 2674 3133 adeo
2711 3102 2795 3134 cur

1742 3166 1838 3196 non
1858 3151 2053 3197 introeo
2072 3151 2089 3197 ?
2124 3150 2216 3197 Eu.
2238 3166 2282 3207 v,
2298 3154 2347 3197 5.
2361 3154 2426 3198 22
2458 3150 2536 3196 Ne
2558 3150 2792 3209 lacruma3

1743 3221 1884 3276 atque
1920 3214 2060 3269 istuc,
2096 3214 2170 3263 fac
2191 3230 2265 3261 me
2285 3220 2338 3259 ut
2360 3213 2500 3261 sciam
2535 3212 2659 3261 Hea.
2681 3213 2717 3268 i,
2744 3218 2790 3261 1.

1743 3282 1807 3326 32
1851 3278 2059 3325 Domum
2081 3287 2281 3325 revertur
2302 3284 2506 3331 moestus,
2527 3284 2668 3339 atque
2689 3278 2794 3324 ani-

1741 3357 1818 3388 mo
1840 3342 1936 3389 fere
1957 3343 2244 3405 perturbato,
2278 3348 2419 3403 atque
2451 3341 2633 3388 incerto
2665 3340 2792 3391 Heu.

1740 3405 1776 3458 i,
1803 3411 1848 3454 1.
1871 3410 1950 3454 70.
1972 3412 2031 3456 71
2086 3406 2241 3468 Atque
2281 3407 2421 3452 etiam
2459 3420 2585 3453 nunc
2607 3413 2791 3468 tempus

1741 3476 1814 3517 est
1844 3468 1968 3519 Hea.
1989 3470 2027 3526 i,
2049 3475 2099 3519 2.
2123 3474 2186 3519 13
2244 3470 2397 3517 Aliter
2416 3476 2546 3515 tuum
2568 3485 2788 3525 amorem,

1739 3540 1882 3596 atque
1916 3543 2004 3591 est,
2039 3534 2214 3597 accipis
2244 3534 2368 3583 Hea.
2402 3533 2454 3587 ii,
2493 3537 2537 3580 3.
2573 3537 2636 3582 23
2691 3532 2790 3588 Qui

1739 3613 1896 3661 neque
1929 3598 2024 3661 jus,
2057 3614 2213 3661 neque
2235 3599 2408 3645 bonum
2429 3605 2569 3659 atque
2603 3612 2790 3659 aequum

1738 3662 1928 3710 sciunt?
1961 3662 2082 3709 Hea.
2103 3664 2168 3718 iv,
2196 3666 2240 3709 1.
2261 3666 2327 3711 29
2375 3661 2476 3708 Des
2505 3658 2588 3723 qui
2609 3676 2790 3716 aurum,

1738 3742 1794 3773 ac
1817 3734 2004 3779 vestem,
2029 3734 2171 3788 atque
2187 3726 2282 3774 alia
2295 3732 2535 3788 comparet
2564 3723 2686 3774 Hea.
2725 3724 2790 3779 ἰν,

1739 3795 1788 3839 8.
1817 3795 1876 3838 15
1927 3789 2183 3852 Nunquam
2223 3796 2271 3837 te
2309 3790 2460 3845 aliter,
2483 3796 2624 3851 atque
2645 3804 2712 3843 es,
2735 3786 2787 3834 in

1739 3853 1946 3900 animum
1966 3853 2132 3902 induxi
2153 3870 2308 3901 meum
2353 3852 2448 3900 Ad.
2469 3852 2532 3906 iv,
2555 3858 2602 3901 3.
2624 3857 2657 3901 6
2696 3849 2788 3898 At·

1738 3933 1832 3981 que
1852 3918 2011 3973 etiam,
2035 3918 2074 3964 si
2097 3925 2183 3973 est,
2203 3925 2353 3981 pater,
2375 3917 2629 3964 dicendum
2644 3916 2790 3978 magis

1737 3989 1898 4045 aperte
1931 3981 2028 4030 Ad.
2049 3982 2118 4043 iv,
2138 3987 2185 4031 5.
2207 3986 2273 4031 29
2308 3982 2464 4043 Prope
2483 3987 2708 4028 remotum
2729 3980 2791 4027 ab

1739 4046 1913 4101 studio,
1949 4054 2090 4109 atque
2126 4047 2186 4092 ab
2208 4046 2382 4101 labore,
2405 4052 2548 4107 atque
2569 4052 2664 4091 arte
2687 4060 2787 4091 mu-

1739 4111 1834 4158 sica
1867 4111 1960 4158 He.
1982 4110 2088 4159 Alt.
2114 4110 2238 4158 Prol.
2267 4116 2324 4159 15
2374 4108 2442 4155 Ut
2463 4108 2582 4157 clam
2605 4108 2791 4155 eveniat

1740 4182 1896 4235 partus
1918 4182 2091 4235 patrem
2117 4193 2129 4223 τ
2163 4183 2302 4237 atque
2341 4175 2460 4220 adeo
2499 4188 2660 4219 omnes
2691 4172 2788 4218 He.

1736 4238 1806 4295 iii,
1829 4244 1875 4287 3.
1897 4243 1958 4287 37
2015 4240 2172 4303 Atque
2213 4240 2349 4293 adeo,
2387 4238 2514 4299 quod
2537 4236 2788 4283 maximum

1738 4310 1824 4361 est,
1864 4302 2038 4355 salvum
2061 4312 2200 4369 atque
2225 4302 2430 4351 validum
2464 4300 2556 4349 He.
2595 4301 2663 4358 iii,
2685 4306 2732 4348 5.
2753 4303 2786 4353 7
