3192 4975
1214 464 1292 512 IN
1340 459 1814 513 TERENTIUM.

430 613 521 664 Dii
543 612 655 662 boni
674 612 685 660 !
720 610 816 660 Ad.
836 609 911 667 iii,
933 615 983 662 3.
1005 613 1071 661 86
1092 611 1187 660 Pro
1207 611 1276 660 Di
1296 612 1482 661 immor-

433 679 577 728 tales!
597 677 691 726 Ad.
716 676 783 733 iii,
803 680 852 725 4.
877 681 923 725 1.
943 676 1035 724 Ph.
1058 693 1107 732 v,
1128 680 1177 724 8.
1198 679 1263 725 19
1293 677 1380 732 Di,
1399 678 1486 724 ob·

434 759 563 792 secto
586 741 693 789 vos!
731 747 864 788 estne
884 741 967 789 hic
986 741 1213 804 Stilpho?
1254 740 1345 787 ΡΙι.
1365 758 1413 798 v,
1438 747 1485 792 1.

434 813 495 856 13
530 807 651 854 Nam
676 805 775 852 sine
796 805 1113 854 controversie
1138 804 1201 852 ab
1237 804 1329 853 Dis
1360 805 1487 854 solus

430 871 643 932 diligere,
669 869 885 932 Antipho
921 870 1009 918 Ph.
1034 885 1081 925 v,
1104 873 1154 919 6.
1178 873 1240 917 14

497 935 692 989 Dexter,
717 941 805 990 tm,
828 940 967 985 trum.
1036 932 1261 982 Concede
1288 934 1349 981 sd
1372 934 1485 982 dex·

434 1007 576 1048 teram
622 997 691 1046 A.
722 998 789 1054 iv,
810 1001 859 1048 4.
884 1003 947 1047 12
998 998 1144 1055 Quod
1186 1013 1277 1061 ego
1320 1005 1369 1047 te
1405 1013 1487 1061 per

432 1066 555 1112 hane
594 1063 807 1110 dextrum
850 1076 933 1108 oro
986 1061 1051 1110 A.
1093 1062 1130 1118 i,
1162 1067 1211 1109 5.
1233 1066 1297 1110 54
1352 1061 1486 1111 Cedo

428 1129 637 1176 dextrum
673 1125 795 1172 Heu.
830 1126 904 1181 iii,
927 1131 975 1174 1.
997 1130 1061 1175 84
1096 1126 1360 1174 Proximam
1386 1143 1488 1175 esse

432 1193 546 1240 huic
569 1191 721 1237 fundo
743 1191 803 1236 ad
826 1190 1065 1238 dextram?
1099 1189 1219 1237 Heu.
1257 1191 1323 1246 iv,
1349 1193 1397 1239 4.
1424 1197 1488 1240 10

434 1256 532 1304 Ubi
554 1270 635 1302 eas
656 1254 947 1317 praeterieris,
964 1255 1022 1301 sd
1039 1255 1268 1301 sinistrum
1287 1271 1299 1301 ε
1326 1256 1407 1302 ubi
1427 1257 1488 1302 nd

435 1319 608 1367 Diunae
632 1317 824 1374 veneris,
848 1317 915 1365 ito
936 1319 998 1366 ad
1030 1318 1235 1366 dextrum
1285 1317 1382 1367 Ad.
1420 1320 1489 1376 iv,

434 1389 485 1434 2.
505 1389 571 1434 44
604 1383 733 1430 Hinc
762 1383 821 1429 ab
852 1383 1039 1431 dexteru
1073 1383 1231 1430 venire
1264 1398 1341 1430 me
1378 1384 1489 1431 essi-

433 1448 625 1495 mulsbo
656 1446 719 1493 A.
738 1446 808 1504 iv,
830 1451 877 1496 3.
901 1451 963 1494 19
997 1447 1088 1502 Τιι,
1111 1447 1324 1503 Simalio,
1347 1448 1399 1494 in
1424 1449 1487 1496 si·

432 1513 631 1560 nistrum
650 1526 798 1559 cornu
820 1529 833 1557 ε
858 1519 929 1567 ιιι,
951 1510 1155 1574 Syrisce,
1177 1512 1226 1557 in
1249 1511 1489 1560 dexterum

435 1575 527 1623 Eu.
550 1576 613 1632 iv,
635 1579 685 1624 7.
702 1581 731 1623 5

500 1639 677 1688 mana.
746 1639 839 1687 Ubi
862 1640 924 1686 ad
939 1638 1109 1686 Dianae
1126 1639 1323 1696 veneris,
1344 1639 1411 1687 ito
1428 1641 1490 1687 nd

434 1705 642 1753 dextram
676 1703 775 1751 Ad.
797 1703 865 1764 iv,
887 1709 936 1753 2.
958 1708 1023 1752 43

502 1768 645 1818 Dice.
709 1767 817 1815 Tibi
842 1767 1039 1814 scribam
1068 1768 1223 1814 dicam
1257 1767 1347 1816 Ph.
1381 1767 1420 1826 i,
1442 1773 1492 1817 2.

440 1838 506 1882 77
555 1832 629 1880 Ειι
658 1847 865 1894 unquam
886 1830 1160 1894 injuriarum
1182 1833 1353 1879 audisti
1378 1833 1493 1880 mihi

436 1897 659 1961 scriptam
698 1896 890 1944 dicam?
938 1896 1030 1945 Ph.
1066 1895 1118 1954 ii,
1140 1900 1188 1944 2.
1213 1901 1273 1945 15
1322 1895 1490 1945 Dicam

434 1962 527 2008 tibi
554 1961 815 2024 impingam
855 1960 1077 2023 grandem
1129 1960 1220 2010 Ph.
1266 1960 1321 2017 ii,
1354 1965 1403 2011 3.
1426 1965 1492 2009 92

436 2027 687 2074 Sexcentas
722 2023 911 2073 scribito
941 2022 1043 2087 jam
1074 2024 1187 2071 mihi
1216 2024 1345 2072 dicas
1399 2025 1491 2073 Ph.

436 2091 505 2147 iv,
528 2095 575 2139 3.
598 2093 661 2139 63

505 2153 648 2210 Dico,
704 2168 799 2202 ure.
864 2153 1005 2200 Hanc
1046 2167 1233 2216 operam
1267 2151 1355 2198 tibi
1386 2151 1494 2199 dico

443 2220 533 2267 Ph.
556 2218 591 2275 i,
614 2223 665 2267 2.
691 2222 753 2266 12

505 2282 649 2338 Dico,
682 2297 777 2330 ere.
840 2280 933 2327 Sed
954 2280 1065 2328 dico
1088 2279 1193 2341 tibi,
1224 2295 1287 2328 ne
1324 2288 1495 2328 temere

436 2347 586 2395 facins
627 2347 690 2394 A.
720 2345 760 2407 i,
781 2349 833 2394 2.
856 2349 919 2394 33
972 2345 1082 2392 Tibi
1123 2359 1215 2406 ego
1258 2345 1387 2402 dico,
1434 2360 1495 2392 an

440 2412 571 2460 nou?
606 2409 673 2461 A.
696 2409 761 2465 iv,
784 2413 833 2457 4.
853 2413 917 2459 23
968 2409 1089 2466 Quo
1124 2409 1251 2464 dico,
1288 2424 1396 2457 veru
1434 2424 1494 2457 sn

438 2476 557 2523 falsa
578 2475 797 2531 audieris,
812 2473 915 2537 jam
938 2473 1044 2522 sciri
1083 2480 1240 2537 potest
1287 2473 1353 2522 A.
1378 2491 1422 2528 v,
1447 2477 1496 2523 4.

445 2546 507 2591 19
538 2541 642 2604 Ego
663 2556 759 2587 non
779 2556 837 2587 ex
858 2538 1015 2585 animo
1035 2538 1205 2585 misera
1226 2537 1337 2587 dico
1356 2539 1373 2585 Ρ
1404 2538 1495 2586 Ειι.

437 2606 476 2665 i,
497 2610 547 2655 2.
572 2610 639 2654 99
672 2604 838 2652 Heus!
863 2603 1007 2650 heus!
1043 2602 1131 2649 tibi
1154 2602 1280 2663 dico,
1302 2603 1497 2652 chaerea

443 2669 534 2720 Eu.
554 2668 612 2729 ii,
630 2674 678 2719 3.
704 2675 767 2718 45
799 2667 909 2714 Tibi
945 2667 1163 2731 equidem
1193 2666 1320 2721 dico,
1359 2680 1497 2714 mune

443 2733 536 2783 Eu.
561 2735 611 2790 ii,
634 2738 683 2782 3.
704 2737 767 2782 87
801 2732 911 2780 Una
930 2731 979 2778 in
1014 2731 1231 2777 convivio
1264 2737 1364 2777 erat
1400 2730 1496 2787 hic,

444 2814 583 2860 quem
606 2798 731 2853 dico,
753 2794 974 2843 Rhodius
992 2794 1369 2842 adolescentulus
1408 2793 1497 2841 Eu.

443 2864 517 2919 iii,
564 2867 609 2911 1.
658 2865 721 2909 33
772 2860 927 2915 Quum
976 2858 1159 2920 pridem
1213 2866 1346 2920 pater
1382 2857 1498 2905 mihi

443 2934 495 2975 et
531 2932 680 2973 muter
714 2924 884 2969 mortui
920 2928 1091 2968 esseut.
1124 2921 1252 2975 dice,
1280 2920 1382 2983 jam
1417 2920 1499 2968 diu

442 2992 537 3039 Eu.
570 2988 638 3043 iii,
662 2992 710 3035 3.
734 2991 797 3035 12
850 2984 979 3032 Dico
1018 2998 1108 3047 ego
1152 2984 1267 3030 mihi
1306 2984 1500 3032 insidias

446 3054 549 3101 fieri
581 3051 674 3099 Eu.
695 3051 765 3107 iii,
786 3054 836 3098 3.
856 3053 923 3098 26
970 3048 1217 3110 Principio
1257 3062 1359 3095 esm
1397 3064 1499 3097 esse

444 3118 558 3166 dico
583 3116 777 3163 liberam
808 3113 899 3161 Eu.
922 3112 990 3173 iv,
1009 3118 1059 3163 7.
1085 3116 1145 3160 35
1180 3111 1323 3171 Βῖοο,
1362 3113 1499 3160 edico

445 3184 601 3242 vobis,
620 3187 830 3227 nostrum
850 3192 953 3225 esse
973 3176 1165 3225 herilem
1203 3176 1351 3223 filium
1404 3177 1498 3228 Eu.

446 3264 493 3302 v,
510 3252 557 3295 5.
574 3250 640 3295 20
662 3244 789 3291 Scin’
808 3257 908 3290 esse
925 3241 1120 3299 sactum,
1136 3247 1192 3287 ut
1209 3241 1319 3289 dico
1336 3242 1353 3288 ἓ
1375 3241 1499 3289 Hes.

447 3310 519 3367 iii,
542 3314 591 3359 2.
613 3314 674 3358 18
707 3308 871 3355 Istunc
905 3306 1135 3353 servolum
1168 3306 1281 3353 dico
1316 3306 1500 3353 adoles-

449 3375 599 3421 centis
632 3373 753 3423 Heu.
773 3370 843 3426 iii,
865 3375 915 3420 2.
942 3375 1007 3419 20
1060 3370 1233 3433 Neque
1276 3386 1333 3417 eo
1375 3386 1501 3418 nunc

448 3438 576 3494 dico,
598 3452 694 3501 quo
715 3436 970 3500 quicquam
983 3434 1113 3481 illum
1134 3433 1352 3481 senserim
1375 3434 1498 3483 Heu.

446 3503 521 3559 iii,
556 3506 601 3551 2.
641 3506 705 3551 43
762 3500 955 3557 Verum,
996 3498 1106 3545 dico
1148 3498 1277 3561 quod
1320 3500 1503 3547 videtur

450 3566 573 3615 Heu.
594 3566 665 3623 iii,
690 3569 737 3614 3.
758 3569 820 3614 21
856 3564 979 3611 Ειιιιι
1001 3561 1279 3626 (annulum)
1300 3562 1428 3619 dico,
1450 3571 1504 3610 ut

450 3628 859 3742 ffaissgssffssssss
866 3625 1365 3741 ...ΠΗ
1374 3632 1427 3737 1¹.-
1439 3630 1502 3739 ³⁵⁸

881 3730 891 3740 ι
1340 3724 1353 3738 Ι
1425 3726 1440 3752 ,
1488 3727 1501 3741 Ο

458 3763 521 3808 18
552 3760 626 3807 Ita
660 3760 769 3807 dico
822 3758 947 3805 Heu.
986 3772 1033 3812 V,
1055 3760 1102 3804 1.
1124 3761 1186 3804 65
1238 3754 1358 3802 Haec
1396 3771 1503 3803 cum

452 3823 542 3879 illi,
566 3822 739 3883 Micio,
762 3821 889 3878 dico,
911 3821 1001 3868 tibi
1021 3820 1130 3868 dico
1170 3818 1268 3868 Ad.
1307 3818 1343 3877 i,
1368 3823 1416 3868 2.
1443 3824 1503 3869 17

452 3886 584 3948 Non,
603 3889 715 3951 quia
734 3886 848 3933 ades
880 3900 1097 3949 praesens,
1134 3884 1245 3930 dico
1278 3884 1369 3931 hoc
1410 3882 1505 3930 Ad.

451 3951 524 4009 iii,
548 3957 597 4001 3.
620 3956 684 4001 39
732 3950 875 3997 Haud
896 3949 1116 4012 equidem
1147 3948 1273 4004 dico,
1320 3948 1383 3994 mi
1414 3947 1504 3994 La—

448 4017 565 4065 ches
598 4016 693 4065 He.
714 4014 767 4071 ii,
792 4018 839 4061 l.
858 4018 919 4062 35
954 4013 1075 4069 Quae
1094 4011 1223 4072 dico,
1243 4011 1373 4074 parvi
1388 4027 1504 4073 pen-

455 4081 579 4127 dunt
609 4080 705 4128 He.
725 4079 795 4134 iii,
811 4084 858 4127 5.
881 4082 946 4127 63
981 4076 1109 4132 Quid
1130 4076 1199 4123 ais
1220 4076 1502 4139 Myrrhina?

452 4144 599 4192 heus!
624 4144 710 4191 tibi
730 4143 839 4191 dico
871 4141 965 4191 He.
987 4140 1050 4195 iv,
1073 4144 1117 4188 1.
1136 4144 1167 4188 8
1199 4140 1306 4187 Jum
1326 4140 1504 4186 dudum

452 4209 573 4265 dixi,
592 4209 811 4271 idemque
833 4221 959 4253 nunc
982 4203 1109 4259 dico,
1132 4203 1287 4250 Lache
1321 4203 1418 4252 He.
1436 4204 1506 4261 iv,

453 4276 506 4321 4.
531 4277 625 4321 100
657 4272 771 4319 Nou
792 4286 981 4319 causam
1003 4268 1131 4323 dico,
1164 4268 1278 4329 quin
1328 4267 1417 4314 Ph.
1453 4268 1505 4326 ii,

462 4340 507 4383 1.
529 4340 591 4387 42
625 4337 774 4385 Hem!
802 4338 897 4383 n'on
912 4334 1021 4383 dico
1056 4332 1111 4380 121
1133 4364 1146 4382 .
1168 4332 1219 4391 ii,
1239 4336 1285 4381 3.
1302 4335 1361 4381 41
1390 4331 1504 4380 Om-

2405 447 2606 513 lxxix

1560 611 1642 661 nia
1676 613 1778 660 brec
1809 611 1942 661 illum
1988 617 2172 676 putato,
2203 627 2310 676 quo
2351 627 2440 676 ego
2480 628 2610 664 nunc

1558 677 1688 732 dico,
1727 676 1886 726 dicere
1930 678 2020 727 Ph.
2049 679 2101 735 ii,
2125 683 2174 727 3.
2197 682 2262 726 77
2313 674 2395 724 Sic
2434 677 2612 726 hebent

1617 741 1795 805 ‘ncipit
1836 757 1954 798 sese,
1995 749 2048 789 ιιι
2084 742 2194 790 dico
2243 741 2336 789 Ph.
2375 739 2448 797 iii,
2471 744 2520 791 1.
2544 747 2608 792 15

1611 807 1767 854 escioz
1806 821 1982 863 verum,
2005 805 2060 872 Lsi
2079 806 2217 862 forte,
2237 805 2349 854 dico
2382 804 2472 852 Ph.
2491 821 2541 862 v,
2563 811 2634 856 2.·

1564 874 1626 919 10
1657 869 1738 918 sic
1759 869 1862 918 erit.
1884 886 1980 918 non
2005 879 2175 918 temere
2197 871 2305 918 dico
2355 868 2445 916 Pb.
2482 885 2530 926 v,
2561 875 2611 921 3.

1563 939 1628 983 19
1660 934 1865 992 Quando
1885 937 1976 983 hoc
1997 935 2114 982 nihil
2137 941 2225 992 est,
2259 933 2386 997 quod
2411 949 2500 996 ego
2537 934 2612 982 di·

1562 1014 1622 1047 co
1641 1015 1655 1044 ι
1691 1007 1742 1047 ιιι
1761 1013 1893 1048 narra
1937 999 2030 1048 Ph.
2052 1016 2100 1057 v,
2120 1003 2168 1049 8.
2191 1002 2248 1048 11
2305 996 2457 1045 Recte
2493 997 2618 1046 dicis

1562 1061 1629 1112 A.
1651 1063 1705 1119 ii,
1726 1068 1776 1113 2.
1795 1067 1878 1112 26.
1894 1064 1987 1113 Ειι.
2009 1063 2150 1120 iii,!⁵.
2177 1067 2240 1112 64
2283 1061 2417 1110 Male
2456 1061 2614 1110 dicis?

1560 1126 1626 1176 A.
1649 1128 1712 1183 iv,
1735 1131 1786 1178 4.
1809 1132 1868 1176 15
1918 1128 2016 1190 Ab,
2052 1127 2170 1175 nihil
2206 1127 2343 1184 dicis,
2382 1126 2616 1174 Parmeno

1563 1190 1656 1241 Eu.
1682 1191 1734 1247 ii,
1757 1197 1807 1242 1.
1833 1196 1892 1240 15
1944 1192 2052 1241 Hoc
2095 1207 2224 1240 nunc
2259 1191 2396 1246 dicis,
2438 1191 2617 1239 e‘ectos

1562 1255 1674 1302 hinc
1697 1271 1782 1302 nos
1817 1255 1907 1302 Ειι.
1927 1256 1980 1314 ii,
2004 1262 2052 1308 2.
2074 1262 2137 1308 44
2192 1256 2314 1304 Sane
2335 1256 2464 1318 {herc
2483 1270 2528 1312 e,
2563 1262 2620 1303 ιιι

1564 1319 1686 1367 dicis
1719 1320 1810 1368 Eu.
1833 1319 1903 1376 iii,
1925 1327 1973 1370 5.
1998 1325 2064 1370 59
2113 1320 2190 1369 De
2229 1319 2418 1367 fallacia
2459 1318 2619 1367 dicis?

1564 1383 1635 1430 st!
1670 1383 1792 1432 Heu.
1813 1384 1958 1448 iiiga.
1983 1385 2268 1442 361Gnatus
2291 1383 2420 1448 quod
2436 1398 2487 1430 se
2503 1385 2618 1431 assi-

1564 1448 1713 1494 mulat
1749 1448 1924 1504 letum,
1959 1449 2011 1496 id
2048 1449 2201 1497 dicis?
2251 1448 2372 1497 Heu.
2411 1451 2533 1502 v,·l.
2557 1453 2618 1498 15

1565 1511 2040 1577 Vemmfflcisflea.
2064 1530 2113 1571 v,
2132 1518 2184 1562 2.
2203 1516 2270 1562 40
2313 1513 2389 1560 [ιιι
2420 1512 2501 1574 pol
2531 1519 2623 1569 est,

1564 1583 1618 1622 ut
1658 1577 1775 1623 dicis
1809 1577 1905 1626 Ad.
1944 1578 2012 1641 iii,
2033 1583 2083 1627 1.
2106 1583 2166 1628 11
2217 1577 2311 1625 Pro
2351 1573 2530 1624 certon’
2567 1583 2620 1624 tu

1564 1639 1694 1688 istaec
1717 1639 1835 1688 dicis
1851 1642 1868 1688 ?
1885 1641 2092 1704 4Ad.·,iii‚
2114 1647 2162 1691 4.
2184 1645 2250 1691 32
2301 1641 2366 1688 Ει
2399 1647 2540 1694 recte,
2573 1647 2624 1688 et

1566 1719 1727 1751 verum
1751 1706 1870 1753 dicis
1883 1705 2014 1756 md.
2029 1707 2092 1761 iv,
2115 1710 2164 1755 3.
2193 1710 2253 1754 18
2286 1705 2401 1752 Νοιι
2435 1719 2620 1779 aquom

1565 1768 1717 1829 dicis3
1741 1784 1837 1817 non
1868 1768 1968 1817 Ad.
1987 1785 2036 1826 v,
2059 1775 2105 1819 3.
2133 1774 2194 1819 17
2239 1769 2353 1816 Non
2375 1767 2622 1816 verisimile

1565 1832 1686 1880 dicis
1734 1831 1829 1882 He.
1867 1835 1902 1890 i,
1923 1840 1974 1884 2.
1997 1839 2060 1883 65
2116 1834 2238 1891 Quae
2271 1834 2409 1887 dicis,
2466 1833 2624 1880 omniu

1564 1911 1686 1952 esse,
1707 1905 1763 1944 ut
1778 1899 1917 1960 dicis,
1939 1899 2146 1946 animum
2167 1897 2342 1946 induco
2375 1896 2470 1945 He.
2495 1895 2548 1954 ii,
2570 1901 2620 1946 2.

1565 1965 1630 2009 22
1664 1961 1712 2008 Si
1737 1977 1840 2010 vers
1863 1963 2000 2019 dicis,
2020 1963 2140 2010 nihil
2161 1963 2249 2011 tibi
2267 1969 2342 2011 est
2375 1977 2404 2008 ιι
2428 1977 2505 2010 me
2537 1975 2625 2022 pe·

1566 2025 1686 2081 ricli,
1709 2027 1874 2074 mulier
1905 2027 2000 2075 He.
2021 2044 2070 2084 v,
2092 2031 2141 2076 1.
2165 2032 2198 2076 9
2232 2026 2308 2074 Ita
2320 2033 2374 2073 ιιι
2387 2025 2506 2072 dicis
2529 2024 2622 2074 Ph.

1566 2088 1622 2143 ii,
1645 2094 1693 2136 3.
1717 2095 1782 2139 49
1816 2090 1970 2146 Dicis,
1993 2091 2124 2153 quod
2146 2090 2260 2137 mali
2276 2102 2350 2138 est
2381 2089 2472 2136 Ph.
2491 2089 2560 2144 iv,
2575 2092 2624 2136 4.

1571 2155 1634 2200 18
1683 2153 1902 2216 Benigne
1941 2153 2064 2201 dicis
2112 2154 2204 2202 Ph.
2246 2169 2294 2216 v,
2311 2158 2361 2201 8.
2383 2156 2448 2201 62
2492 2151 2626 2208 Quid

1570 2215 1720 2264 dicit?
1755 2216 1816 2266 A.
1840 2217 1908 2273 iii,
1932 2222 1979 2266 1.
2001 2223 2034 2267 4
2067 2217 2195 2265 Dum
2221 2219 2322 2264 haec
2347 2216 2484 2273 dicit,
2508 2215 2628 2262 abiit

1573 2281 1688 2327 hora
1719 2280 1811 2330 Eu.
1829 2281 1881 2337 ii,
1905 2285 1951 2332 3.
1975 2285 2039 2330 49
2071 2283 2268 2344 Mirum,
2287 2281 2338 2328 ni
2352 2282 2475 2329 huuc
2492 2278 2628 2336 dicit,

1572 2345 1716 2393 modo
1757 2345 1868 2394 huic
1890 2361 1996 2409 quae
2017 2347 2129 2394 dats
2158 2353 2230 2394 est
2267 2346 2394 2395 dono
2441 2343 2531 2393 Eu.
2569 2344 2627 2405 ii,

1574 2413 1621 2458 3.
1644 2414 1708 2458 52
1742 2409 1907 2458 Credis
1929 2411 2036 2457 huic
2055 2412 2182 2473 quod
2203 2409 2351 2458 dicit?
2386 2409 2480 2456 Eu.
2499 2409 2563 2463 iv,
2578 2412 2628 2457 4.

1573 2477 1638 2523 38
1672 2473 1870 2533 Mirum,
1892 2475 1942 2522 ni
1965 2474 2190 2541 tu}credis
2222 2475 2350 2539 quod
2383 2474 2474 2522 iste
2508 2472 2629 2521 dicit

1574 2538 1667 2587 Eu.
1691 2539 1760 2597 iv,
1780 2545 1828 2589 4.
1851 2544 1914 2590 44
1958 2541 2089 2589 Scin'
2113 2550 2162 2587 tu
2186 2542 2325 2600 hanc,
2347 2554 2488 2603 quam
2511 2537 2629 2585 dicit

1573 2604 1858 2651 sordidatam
1880 2612 1928 2651 et
1949 2606 2180 2653 sordidam
2202 2606 2218 2651 ?
2259 2604 2381 2650 Hea.
2409 2604 2467 2659 ii,
2491 2606 2538 2651 3.
2564 2606 2630 2651 56

1575 2666 1753 2714 Verum
1775 2669 1854 2716 hic
1875 2669 1990 2716 dicit
2023 2668 2145 2717 Heu.
2179 2670 2235 2721 ii.
2258 2672 2306 2717 3.
2327 2672 2411 2718 78.
2443 2666 2536 2714 Ph.
2559 2666 2632 2721 iii,

1575 2733 1624 2779 3.
1649 2736 1710 2779 12
1744 2730 1896 2779 Recte
1931 2732 2065 2780 dicit.
2100 2748 2271 2780 censeo
2327 2732 2450 2779 Hea.
2485 2730 2558 2786 iii,
2581 2734 2631 2778 3.

1574 2798 1640 2841 27
1690 2794 1812 2850 Quae
1853 2795 1904 2840 in
1947 2802 1995 2841 te
2035 2810 2152 2842 uxor
2189 2796 2324 2851 dicit,
2358 2802 2408 2841 et
2438 2808 2544 2855 quae
2577 2794 2630 2839 in

1576 2858 1736 2905 animo
1759 2858 1938 2921 cogitat
1958 2859 2074 2905 irata
2107 2858 2204 2905 Ad.
2232 2858 2269 2914 i,
2296 2862 2341 2905 1.
2365 2864 2395 2905 5
2431 2856 2538 2905 Nec
2559 2856 2631 2903 ni·

1575 2920 1664 2977 hil,
1703 2936 1856 2985 neque
1889 2924 2064 2969 omnia’
2079 2924 2182 2970 haec
2215 2929 2342 2977 sunt,
2377 2936 2484 2985 quae
2512 2920 2634 2967 dicit

1576 2983 1678 3031 Ad.
1711 2984 1746 3041 i,
1765 2991 1815 3035 2.
1838 2991 1899 3035 61
1954 2986 2183 3050 Dicitque
2205 3002 2304 3034 sese
2326 2985 2401 3034 illi
2421 2985 2632 3041 anulum,

1578 3050 1692 3095 dum
1715 3050 1880 3106 luctet,
1899 3051 2150 3099 detraxisse
2183 3050 2278 3097 He.
2297 3066 2346 3106 v,
2366 3056 2414 3099 3.
2437 3055 2497 3098 31
2536 3048 2634 3096 Ubi

1580 3112 1777 3160 dicimus
1800 3114 1974 3162 redisse
1995 3124 2042 3162 te
2075 3115 2200 3163 Heu.
2221 3114 2273 3169 ii,
2294 3118 2340 3162 3.
2362 3118 2425 3163 63
2483 3111 2631 3168 Quic-

1580 3177 1694 3239 quid
1717 3178 1901 3235 dicunt,
1924 3180 2066 3227 laudo
2101 3180 2192 3230 Eu.
2213 3179 2267 3235 ii,
2287 3182 2419 3239 2.,20
2452 3176 2632 3224 Vemm

1578 3241 1717 3300 illud,
1763 3242 1980 3299 Chreme,
2031 3244 2214 3300 dicunt,
2264 3242 2344 3305 jus
2402 3256 2633 3289 summum

1580 3320 1706 3367 saepe
1729 3321 1907 3354 summu
1927 3308 2106 3355 malitia
2133 3316 2205 3356 est
2237 3306 2361 3355 Hea.
2401 3306 2469 3361 iv,
2493 3311 2542 3355 5.
2566 3308 2632 3353 48

1580 3370 1724 3426 Quod
1748 3370 1828 3419 isti
1850 3373 2016 3420 dicunt
2036 3372 2256 3420 malevoli
2288 3370 2387 3419 Ad.
2410 3369 2540 3419 Prol.
2570 3373 2631 3418 15

1578 3434 1800 3483 Profecto
1842 3438 1934 3485 hoc
1978 3452 2084 3485 vere
2126 3438 2293 3485 dicunt
2339 3435 2438 3483 Ad.
2471 3435 2508 3491 i,
2532 3438 2578 3483 1.
2600 3437 2631 3482 3

1580 3498 1759 3547 Omnes
1784 3501 1903 3549 bene
1925 3501 2107 3559 dicunt,
2132 3509 2290 3548 amant
2320 3498 2417 3548 Ad.
2439 3501 2552 3554 v,4.
2570 3501 2630 3547 11

1580 3562 1694 3609 Nou
1717 3580 1806 3627 ego
1841 3566 2077 3624 dicebam,
2109 3567 2158 3613 in
2198 3571 2475 3628 perpetuum
2501 3561 2634 3608 illam

1578 3626 1650 3673 illi
1665 3635 1720 3674 ut
1735 3628 1868 3676 dares
1901 3630 2024 3677 Heu.
2045 3630 2110 3685 iv,
2131 3637 2176 3678 5.
2200 3634 2262 3678 33
2295 3627 2472 3675 Tuillis
2483 3624 2636 3672 fruare

1578 3694 1856 3749 commodis,
1877 3695 2048 3758 quibus
2070 3703 2120 3741 tu
2133 3694 2265 3741 illum
2285 3692 2474 3739 dicebas
2489 3689 2633 3735 modo

1582 3756 1677 3802 Eu.
1698 3758 1748 3813 ii,
1773 3763 1822 3807 3.
1843 3763 1908 3807 80
1941 3758 2110 3805 Matris
2133 3772 2305 3804 nomen
2326 3763 2377 3802 et
2397 3753 2540 3817 patris
2561 3752 2636 3799 di·-

1580 3821 1720 3867 cebat
1741 3822 1844 3883 ipsa
1865 3822 1973 3885 ,Ειι.
1995 3823 2028 3876 i,
2050 3827 2101 3871 2.
2121 3827 2186 3871 32
2237 3822 2467 3871 Parmeno
2502 3817 2635 3864 dice-

1581 3883 1665 3930 bat
1685 3902 1792 3933 eum
1811 3902 1912 3934 esse
1945 3886 2037 3933 Eu.
2058 3887 2124 3943 iv,
2147 3889 2195 3934 4.
2213 3889 2277 3934 34
2311 3883 2410 3940 Qui
2427 3898 2476 3930 se
2491 3882 2542 3928 in
2561 3882 2634 3928 sui

1582 3950 1762 4063 {¹3¹⁰}ss
1783 3952 2258 4064 ⁹3⁸}3m13‘1232ssf2un?
2283 3946 2636 4060 Tssfbffisssissff

1669 4048 1682 4063 .
1767 4050 1780 4071 ‚
1839 4048 1852 4062 ι
2241 4047 2254 4069 ,
2618 4045 2633 4067 s

1582 4077 1808 4127 dicebant
1837 4079 1900 4130 A.
1921 4078 1954 4135 i,
1982 4084 2026 4127 1.
2046 4082 2109 4127 60
2159 4079 2312 4133 Soror,
2343 4091 2483 4139 quam
2521 4074 2635 4129 dixi,

1582 4144 1646 4190 ad
1669 4144 1900 4193 flammam
1925 4144 2123 4193 accessit
2137 4144 2482 4208 imprudentius
2515 4138 2576 4188 A.
2597 4139 2633 4193 i,

1585 4212 1632 4255 l.
1653 4212 1746 4257 103
1803 4210 1961 4258 Hodie
2003 4226 2190 4257 uxorem
2225 4210 2388 4265 ducas,
2419 4214 2476 4255 ut
2513 4204 2633 4263 dixi,

1584 4270 1694 4318 volo
1728 4273 1789 4322 A.
1813 4277 1866 4331 ii,
1889 4282 1936 4323 5.
1960 4280 1989 4325 7
2045 4275 2223 4322 Eadem
2257 4276 2376 4331 haec,
2409 4288 2514 4336 quae
2547 4267 2634 4316 tibi

1582 4335 1700 4395 dixi,
1723 4339 1876 4388 dicam
1901 4340 2154 4389 uidemini
2199 4338 2258 4389 A.
2280 4340 2346 4399 iii,
2367 4342 2414 4389 4.
2439 4342 2505 4387 20
2554 4331 2632 4378 An
