3192 4975
1225 450 1306 501 {N
1355 404 1837 501 Tunniu'wm-

448 598 612 667 primis
643 598 734 653 Eu.
755 600 826 661 iii,
851 604 894 649 1.
915 603 982 649 ³⁹
1015 599 1281 662 compone,
1302 616 1410 665 qun
1432 606 1501 649 te-

441 664 560 720 ὀιιω
580 663 716 715 simul
737 666 942 714 ferantur
975 664 1072 715 He.
1109 664 1177 720 iv.
1198 670 1248 715 3.
1267 670 1302 715 6
1335 666 1502 713 Multi-

449 732 599 783 modis
619 729 834 794 injurius.
857 729 1090 793 Clitipho,
1111 744 1192 789 ας
1221 745 1376 793 neque
1397 730 1504 779 ferri

449 796 575 859 potis
595 811 646 845 e·
677 794 797 845 Heu.
816 795 871 851 ii,
894 799 942 843 8.
965 800 1030 844 80
1062 794 1170 843 Hoc
1205 795 1400 859 quidem
1433 795 1502 843 fe-

447 862 646 911 rundum
667 858 825 923 aliquo
849 860 990 907 modo
1024 864 1116 909 est*
1141 858 1242 908 Ad.
1273 859 1346 914 iii.
1365 864 1416 909 4.
1439 864 1504 909 23

445 925 596 983 Quin,
653 924 746 971 uod
769 930 845 971 est
877 923 1138 985 ferendum,
1175 923 1295 973 seran
1330 924 1421 974 Ph.
1452 924 1504 981 ii,

446 995 494 1039 3.
515 994 578 1039 83
661 989 720 1037 isi
745 1003 818 1036 me
839 989 980 1037 credo
1000 988 1112 1037 huic
1129 1002 1232 1037 etue
1244 996 1406 1037 nutum
1421 988 1505 1051 rei,

445 1054 654 1103 semodis
677 1051 874 1101 miseriis
905 1052 1005 1101 Ad.
1027 1054 1096 1115 iv,
1115 1057 1164 1102 2.
1183 1058 1216 1103 6

507 1118 675 1169 Ferox.
725 1117 862 1165 Eone
879 1132 931 1165 es
951 1117 1098 1176 ferox,
1121 1118 1230 1180 quia
1253 1117 1398 1166 habea
1414 1118 1504 1166 im·

445 1184 626 1247 perium
647 1183 698 1231 in
723 1182 902 1231 bellun
917 1182 942 1237 ἓ,
968 1180 1061 1232 Ειι.
1086 1182 1154 1238 iii,
1178 1187 1226 1232 1.
1245 1185 1308 1232 26

510 1248 676 1299 Fervo.
743 1246 864 1296 Cum
919 1246 1054 1295 fervit
1109 1261 1339 1302 maxume,
1409 1254 1504 1295 tem

443 1312 702 1373 placidum,
723 1326 866 1375 quam
887 1327 1022 1360 ovem
1043 1311 1190 1360 reddo
1232 1311 1328 1360 Ad.
1367 1312 1432 1368 iv,
1457 1317 1504 1362 1.

508 1438 671 1495 Ferus,
702 1454 748 1497 ι,
789 1456 883 1489 um.
948 1439 1138 1489 Adeon'
1173 1456 1246 1489 me
1286 1439 1504 1502 ignavum

444 1506 617 1617 Ἆυῑαεὲ
657 1513 740 1553 aut
771 1505 1094 1563 inhumanum,
1117 1511 1200 1553 aut
1219 1504 1386 1559 ferum,
1411 1506 1503 1553 ut?

499 1605 512 1619 ι
539 1570 572 1625 i,
593 1574 718 1619 ⁵0⁴³

509 1633 714 1681 Festino.
778 1633 909 1690 Quid
956 1633 1186 1682 festinas?
1227 1642 1312 1681 aut
1363 1648 1504 1697 quem

445 1700 649 1761 quaeris?
684 1698 776 1747 Eu.
798 1698 865 1754 iv,
887 1702 936 1746 3.
958 1703 990 1748 8
1031 1698 1162 1753 Quid
1195 1698 1405 1754 festinus,
1438 1698 1504 1747 mi

443 1762 603 1811 Geta?
627 1763 830 1811 animum
853 1763 1010 1825 recipe
1041 1761 1139 1810 Ad.
1161 1763 1229 1819 iii,
1247 1767 1296 1811 2.
1315 1768 1378 1812 26
1418 1762 1504 1811 Vi-

443 1830 534 1875 deo
557 1828 672 1875 alios
695 1828 932 1889 festinare,
955 1828 1102 1875 lectos
1127 1834 1331 1875 sternere
1381 1827 1505 1875 Heu.

441 1893 458 1939 ἰ
504 1897 544 1939 1.
563 1897 627 1941 73
1011 1938 1018 1943 .

459 1928 478 1954 ’
506 1956 767 2005 festivitas.
827 1955 910 2004 An
941 1955 1263 2018 (collaudem)
1297 1957 1388 2005 mei
1425 1971 1504 2019 ρ..

440 2021 858 2081 triefestivitatem,
883 2028 934 2069 et
965 2020 1272 2069 facilitatem?
1324 2021 1417 2072 Eu.
1457 2038 1504 2077 v,

510 2150 743 2205 Festivus,
766 2164 810 2206 a,
833 2164 931 2199 um.
999 2148 1141 2204 Quod
1167 2147 1304 2196 teisti
1319 2148 1506 2197 facilem

439 2223 490 2263 ct
511 2216 729 2263 festivom
753 2220 922 2277 putant
962 2212 1061 2263 Ad.
1102 2230 1146 2267 v.
1170 2218 1218 2263 9.
1241 2216 1307 2262 29
1356 2212 1505 2261 Festi-

441 2295 550 2327 vom
571 2278 742 2342 caput!
780 2279 874 2327 Ad.
893 2278 948 2337 ii,
967 2281 1014 2326 3.
1035 2282 1066 2326 8
1101 2278 1145 2326 Ο
1169 2276 1234 2326 mi
1258 2284 1392 2340 pater
1412 2277 1503 2326 fes-

439 2343 690 2391 tivisaime!
726 2343 822 2391 Ad.
845 2360 892 2405 ν,
915 2348 962 2392 9.
985 2347 1050 2391 26

509 2408 691 2465 Festus,
713 2423 757 2464 a,
779 2424 875 2457 um.
921 2406 966 2455 Ο
983 2407 1128 2455 festus
1151 2407 1251 2454 dies
1270 2406 1500 2453 hominis!

445 2472 537 2524 Eu.
573 2472 646 2530 iii,
671 2480 719 2522 6.
746 2478 808 2522 12
846 2472 915 2520 Te
951 2480 1175 2533 cognatas
1207 2471 1418 2518 deserere
1453 2476 1506 2516 et

443 2539 588 2586 festos
607 2539 727 2593 dies,
751 2550 855 2586 mea
877 2550 1036 2592 causa,
1052 2536 1160 2582 nolo
1175 2533 1268 2582 He.
1283 2534 1350 2590 ἰν,
1369 2539 1418 2583 2.
1441 2537 1504 2582 16

509 2602 702 2650 Fidelis.
767 2599 877 2648 Seni
915 2599 1070 2648 tidelis
1100 2600 1212 2646 dum
1249 2613 1368 2654 sum,
1401 2613 1502 2646 sca-

445 2668 580 2730 pulas
598 2665 781 2730 perdidi
816 2664 908 2713 Ph.
932 2665 970 2718 i,
986 2668 1034 2714 2.
1051 2667 1118 2712 26
1151 2663 1359 2710 Fidelem
1375 2663 1506 2710 haud

443 2731 586 2778 ferme
603 2731 785 2778 mulieri
804 2729 1018 2776 invenias
1039 2729 1188 2775 virum
1223 2727 1284 2776 A.
1311 2726 1382 2788 iii,
1405 2732 1450 2774 1.
1473 2730 1506 2775 2

441 2795 510 2844 Te
533 2797 646 2846 mihi
678 2794 864 2842 fidelem
897 2807 1000 2840 esse
1032 2807 1185 2854 arque,
1219 2799 1362 2853 atque
1393 2806 1508 2852 ego-

445 2868 544 2910 met
579 2875 682 2908 sum
719 2859 853 2912 mihi,
892 2856 1066 2904 scibam
1121 2855 1210 2902 Ph.
1251 2855 1316 2909 iv,
1359 2859 1406 2902 l.
1446 2860 1506 2903 16

443 2925 602 2980 Quam
619 2923 752 2970 fideli
773 2922 950 2982 animo,
973 2927 1024 2967 et
1058 2919 1262 2986 henigne
1295 2919 1343 2964 in
1377 2918 1508 2966 iliam

443 2989 513 3036 fui
547 2988 640 3036 He.
673 2987 745 3043 iii,
768 2991 815 3034 5.
835 2990 901 3036 22
954 2983 1045 3032 Per
1067 2983 1144 3046 pol
1169 2997 1308 3047 quam
1332 2996 1510 3044 paucos

443 3053 647 3115 reperias
666 3049 984 3100 meretricibus
1001 3048 1166 3096 fideles
1181 3047 1368 3095 evenire
1380 3062 1508 3094 umu-

446 3117 600 3166 toren!
640 3116 738 3166 He.
761 3116 796 3170 i.
822 3119 870 3163 1.
893 3119 926 3164 2

509 3181 668 3229 Fides.
737 3180 960 3230 Attamen
981 3178 1062 3226 ubi
1096 3176 1248 3226 fides?
1287 3177 1328 3224 si
1356 3192 1506 3239 roges,

442 3246 560 3294 nihil
584 3247 734 3309 pudet
768 3244 825 3292 A.
848 3244 913 3301 iv,
939 3249 985 3293 1.
1013 3247 1073 3292 12
1104 3241 1268 3290 Tristis
1288 3241 1508 3290 severitas

443 3312 568 3358 inest
588 3311 638 3360 in
657 3310 806 3368 voitu,
825 3309 876 3355 in
898 3307 1051 3355 verbis
1073 3307 1191 3354 fides
1221 3304 1286 3354 A.
1308 3322 1359 3365 v,
1373 3311 1423 3354 2.
1445 3311 1508 3355 16

443 3375 686 3437 OJupiter
703 3374 716 3421 ἱ
731 3375 918 3421 ubinam
929 3371 1132 3422 estfides
1149 3371 1302 3418 ?Hea.
1317 3371 1370 3426 ii,
1387 3374 1502 3420 3.16

449 3440 516 3488 At
537 3439 651 3487 mihi
673 3439 790 3487 fides
812 3438 936 3500 apud
960 3437 1087 3484 hunc
1109 3443 1182 3483 est
1215 3434 1336 3484 Heu.
1360 3434 1428 3492 iii,
1453 3439 1503 3485 3.

449 3509 512 3554 10
545 3504 702 3561 Quem
723 3518 878 3566 neque
912 3501 1050 3560 tides,
1083 3515 1238 3562 neque
1263 3498 1504 3562 jusjuran-

446 3571 556 3618 dum
581 3569 800 3632 repressit
844 3567 944 3616 Ad.
980 3566 1054 3628 iii,
1077 3569 1126 3614 2.
1151 3570 1182 3614 8
1227 3563 1312 3611 Sat
1347 3563 1506 3612 adhuc

448 3643 528 3682 tua
547 3649 635 3680 nos
655 3633 872 3683 frustrata
891 3638 963 3680 est
983 3631 1100 3678 fides
1147 3628 1246 3678 Ad.
1279 3629 1344 3683 iv,
1367 3633 1416 3676 4.
1445 3633 1500 3678 11

447 3698 521 3744 Eo
543 3705 684 3760 pacto
701 3698 828 3758 apud
851 3705 898 3744 te
919 3711 1024 3744 meo
1047 3695 1134 3742 erit
1167 3693 1358 3756 ingenio
1387 3693 1506 3742 fides

446 3762 542 3810 He.
573 3759 644 3817 iii,
665 3766 714 3808 6.
734 3765 798 3810 24
840 3760 1016 3808 Adhuc
1046 3759 1204 3808 curavi
1236 3774 1380 3806 unum
1414 3760 1506 3806 hoc

445 3827 658 3892 quidem,
685 3831 736 3872 ut
754 3824 1011 3873 mihiesset
1025 3824 1142 3872 fides
1177 3824 1267 3872 Ph.
1293 3839 1340 3881 v,
1365 3827 1413 3872 7.
1442 3827 1500 3872 11

445 3891 554 3940 Seni
581 3896 738 3938 nostro
760 3889 872 3936 fidei
893 3888 1008 3936 nihil
1030 3889 1184 3936 habeo
1227 3887 1350 3938 Heu.
1386 3903 1431 3949 v,
1452 3892 1503 3938 2.

445 3962 511 4008 49
566 3956 706 4004 Bona
738 3961 896 4000 nostra
929 3954 1030 4001 haec
1063 3953 1146 3999 tibi
1184 3953 1418 4015 permitto,
1455 3959 1506 4000 et

443 4029 540 4073 ωε
583 4021 756 4068 mando
797 4018 916 4066 fides
964 4015 1028 4064 A.
1063 4017 1096 4072 i,
1127 4023 1174 4065 5.
1195 4021 1257 4066 61
1294 4015 1400 4077 Ego
1429 4031 1505 4064 me

447 4092 541 4136 tuae
563 4085 842 4134 commendo
865 4089 915 4132 et
935 4081 1175 4130 committo
1196 4081 1310 4128 fidei
1341 4081 1434 4128 Eu.
1459 4097 1504 4135 v,

447 4154 496 4200 2.
516 4154 580 4200 47
616 4149 771 4199 Crede
794 4150 884 4196 hoc
905 4161 1021 4194 mem
1043 4144 1157 4192 fidei
1190 4146 1283 4193 Eu.
1305 4161 1353 4200 v,
1371 4149 1421 4194 2.
1441 4149 1506 4194 59

451 4215 574 4262 Proh
597 4215 773 4276 Deum,
795 4221 938 4276 atque
957 4209 1198 4259 hominum
1229 4207 1400 4258 fidem!
1441 4209 1506 4256 A.

446 4278 486 4333 i.
507 4284 558 4328 6.
579 4284 630 4328 2.
651 4284 732 4330 11.
765 4279 888 4328 Heu.
925 4277 962 4332 i.
1001 4280 1047 4325 1.
1085 4278 1134 4324 9.
1181 4273 1276 4324 He.
1314 4273 1368 4328 ii.
1407 4278 1453 4321 1.
1477 4277 1502 4322 1

452 4342 776 4402 Commune-t.
813 4351 866 4392 ut
889 4356 1067 4392 servem
1089 4338 1268 4388 fidem?
1301 4337 1364 4387 Δ.
1397 4337 1431 4396 i.
1453 4344 1505 4388 5.

2404 433 2641 499 cxxvii

1576 600 1641 647 46
1684 597 1755 645 Te
1798 612 1899 653 oro,
1920 610 2005 659 per
2033 604 2165 647 tuam
2184 596 2323 645 fidem
2357 596 2419 647 A.
2442 599 2476 655 i,
2496 606 2549 651 6.
2572 606 2639 653 66

1577 661 1717 711 Hauc
1770 662 1911 710 fidem
1966 660 2073 716 sibi,
2120 676 2197 709 me
2260 662 2541 722 obsecravit,
2585 674 2641 717 ut

1577 727 1739 775 dorem
1769 726 1835 775 A.
1870 725 1923 782 ii,
1945 729 1993 775 ⁸.
2014 730 2078 776 27
2127 724 2335 777 Nullane
2368 726 2421 774 in
2452 744 2502 777 re
2536 746 2641 781 ene

1577 790 1755 841 homiui
1778 790 1997 853 cuiquam
2018 790 2157 839 fidem
2180 789 2191 837 !
2224 790 2289 839 A.
2314 790 2364 845 ii,
2382 798 2431 841 6.
2456 797 2515 844 14
2538 792 2640 844 Fir.

1577 856 1725 903 mavit
1765 856 1907 905 fidem
1952 854 2016 905 A.
2052 854 2121 912 iii,
2146 860 2191 904 1.
2212 859 2247 905 4
2292 855 2639 919 Propemodum

1578 920 1731 969 habeo
1752 920 1839 969 tibi
1850 918 1953 983 jam
1976 918 2119 967 fidem
2152 920 2217 968 A.
2241 918 2312 976 iii.
2328 924 2377 969 4.
2398 925 2429 971 7
2462 922 2641 973 Inven-

1579 991 1629 1031 ta
1648 994 1720 1033 est
1741 998 1899 1041 mun,
1920 983 2101 1033 solvisti
2122 984 2265 1032 fldem
2312 984 2372 1032 A.
2400 985 2468 1043 iv,
2503 993 2551 1039 1.
2580 994 2641 1039 1⁹

1580 1047 1651 1097 Di
1670 1056 1871 1099 vostram
1892 1049 2035 1097 fidem
2054 1048 2067 1095 l
2100 1046 2162 1097 A.
2180 1047 2247 1105 iv.
2267 1053 2317 1099 ⁸.
2344 1055 2390 1101 1.
2426 1050 2494 1109 iv,
2516 1058 2565 1105 4.
2586 1060 2639 1105 5.

1579 1112 1672 1161 Eu.
1702 1113 1773 1173 iii,
1800 1119 1842 1163 1.
1868 1116 1951 1165 28.
1998 1113 2063 1169 iv,
2086 1117 2133 1162 7.
2154 1118 2237 1163 20.
2289 1130 2340 1174 ν,
2360 1120 2407 1165 4.
2430 1120 2480 1165 2.
2521 1134 2569 1173 ν.
2586 1122 2639 1167 9.

1579 1182 1661 1227 19.
1696 1176 1819 1229 Heu.
1840 1178 1917 1241 iii,
1936 1183 1981 1227 1.
2003 1182 2085 1228 98.
2123 1177 2215 1228 Ad.
2250 1178 2325 1237 iii.
2347 1182 2395 1227 3.
2416 1184 2498 1232 27.
2546 1182 2640 1233 Ph.

1581 1258 1627 1297 v,
1652 1247 1699 1292 1.
1719 1248 1802 1292 3⁰.
1836 1258 1885 1299 v,
1907 1248 1955 1293 3.
1974 1247 2037 1292 26
2073 1242 2206 1291 Heus
2228 1243 2311 1291 tu!
2344 1244 2434 1293 hnc
2458 1244 2562 1309 lege
2584 1248 2643 1295 ti.

1579 1307 1629 1354 bi
1650 1323 1800 1355 meam
1828 1308 2035 1371 astringo
2062 1308 2204 1355 fldem
2248 1307 2338 1355 Eu.
2361 1308 2395 1366 i,
2414 1313 2465 1358 2.
2490 1314 2555 1360 22
2588 1312 2641 1362 Si

1579 1370 1721 1420 fidem
1754 1373 1927 1421 hubent
1956 1372 2047 1419 Eu.
2074 1373 2111 1428 i,
2134 1376 2181 1422 2.
2203 1377 2269 1423 69
2310 1372 2523 1423 Forsitan
2560 1377 2641 1426 hic

1579 1436 1695 1483 mihi
1716 1452 1903 1499 parvam
1924 1436 2097 1485 habeat
2115 1436 2257 1485 fidem
2290 1436 2381 1485 Eu.
2412 1438 2449 1496 i,
2472 1444 2520 1489 2.
2545 1446 2640 1491 117

1577 1500 1705 1549 Proh
1742 1501 1885 1549 fidem
1922 1501 2111 1551 Deum!
2160 1501 2252 1552 Eu.
2284 1516 2331 1557 v,
2352 1494 2401 1553 6.
2429 1508 2454 1553 1
2498 1504 2645 1555 Thais

1578 1565 1703 1627 patri
1734 1582 1786 1613 se
1818 1567 2165 1614 commendavit
2193 1566 2243 1613 in
2287 1566 2555 1617 clientelam
2588 1580 2643 1619 et

1578 1629 1721 1677 fidem
1755 1630 1847 1678 Eu.
1884 1648 1933 1687 v,
1952 1636 1999 1681 9.
2024 1635 2057 1680 9
2110 1630 2191 1678 Do
2233 1632 2395 1691 fidem,
2432 1632 2641 1683 futurum

1580 1694 1673 1741 Eu.
1707 1711 1753 1750 ν,
1776 1700 1826 1744 9.
1849 1698 1913 1743 30
1966 1696 2113 1744 Venit
2146 1697 2280 1758 ipsus
2316 1697 2457 1752 ultro,
2496 1697 2640 1747 fidem

1578 1760 1716 1819 dans,
1730 1758 1895 1821 jurans
1923 1775 1974 1807 se
2000 1761 2131 1808 illum
2164 1762 2413 1809 ducturum
2446 1764 2639 1811 domum

1581 1822 1677 1870 Ad.
1716 1824 1787 1883 iii,
1806 1829 1854 1873 4.
1874 1828 1939 1873 27
1974 1825 2105 1873 nlaec
2125 1825 2266 1873 fidem
2288 1840 2417 1875 nunc
2436 1836 2638 1876 vostram

1577 1887 1799 1949 implorat
1856 1888 1952 1938 Ad.
1997 1890 2069 1947 iii,
2110 1893 2159 1938 4.
2201 1895 2267 1939 43
2320 1890 2417 1939 Pro
2461 1890 2639 1940 Divum

1578 1952 1719 2001 fidem
1742 1954 1753 1999 !
1788 1953 1886 2004 Ad.
1913 1954 1977 2013 iv,
1997 1959 2045 2003 7.
2070 1959 2134 2003 28
2178 1954 2277 2010 Qui
2296 1971 2346 2003 se
2368 1955 2419 2003 in
2438 1965 2641 2004 vostrum

1577 2018 1812 2065 commisit
1849 2018 1993 2067 fidem
2046 2018 2140 2073 He.
2170 2020 2272 2069 Ait.
2306 2020 2431 2069 Prol.
2450 2023 2513 2069 46
2571 2021 2641 2070 Ut

1578 2090 1760 2143 tergum
1782 2098 1936 2131 meum
1960 2088 2085 2131 tuum
2106 2083 2157 2129 in
2180 2083 2323 2131 fidem
2348 2085 2639 2132 committam

1579 2144 1673 2193 He.
1694 2146 1731 2206 i,
1752 2152 1800 2195 2.
1823 2151 1885 2195 34
1918 2146 1967 2195 Si
1985 2146 2100 2193 mihi
2122 2148 2263 2195 fidem
2285 2149 2387 2203 dar,
2406 2156 2451 2195 te
2470 2150 2642 2197 tacitu-

1578 2224 1694 2265 ram,
1714 2211 1885 2259 dicam.
1918 2211 2012 2258 Ph.
2031 2210 2192 2259 Fidem
2214 2212 2307 2259 do:
2334 2212 2523 2276 loquere
2546 2213 2641 2261 He.

1579 2274 1613 2329 i,
1636 2280 1685 2324 2.
1707 2279 1789 2324 37.
1814 2279 1881 2325 39
1930 2276 2121 2323 Servare
2158 2276 2209 2323 in
2245 2292 2303 2323 eo
2338 2286 2517 2325 certum
2550 2286 2641 2335 est,

1577 2341 1709 2398 quod
1744 2341 1859 2398 dixi,
1896 2339 2035 2387 fidem
2091 2340 2183 2388 He.
2218 2340 2290 2402 iii,
2312 2345 2361 2389 3.
2383 2347 2449 2391 42
2488 2342 2550 2390 Ei
2572 2344 2641 2391 rei

1577 2402 1769 2449 firmasti
1791 2405 1933 2453 fidem
1964 2404 2061 2453 He.
2097 2405 2165 2461 iv,
2188 2409 2235 2454 2.
2258 2412 2289 2453 6
2324 2405 2424 2463 Qui
2461 2406 2643 2456 firmare

1578 2480 1729 2580 {eiam
1762 2468 1917 2586 5333,
1941 2483 2243 2594 332152232‘3
2273 2470 2641 2585 ἰῖῗῖῗὲξὴζὶ

1576 2595 1795 2644 habuisse
1828 2596 1922 2646 He.
1962 2612 2009 2658 v,
2028 2600 2076 2645 4.
2101 2601 2160 2646 31
2222 2596 2373 2660 Cujus
2410 2607 2462 2646 tu
2498 2601 2641 2649 fidem

1575 2659 1627 2706 in
1651 2661 1854 2722 pecunia
1875 2661 2163 2723 perspexeris
2196 2661 2287 2709 Ph.
2326 2664 2360 2723 i,
2380 2666 2429 2711 2.
2455 2668 2517 2712 19
2562 2665 2647 2714 Ne'

1577 2725 1691 2786 quid
1718 2734 1906 2786 propter
1928 2734 2054 2772 tuam
2074 2724 2214 2772 fidem
2238 2726 2443 2788 decepte
2458 2736 2643 2790 patere·

1579 2796 1654 2835 tur
1676 2789 1784 2835 maii
1820 2789 1905 2836 Ph.
1927 2789 1996 2842 iii.
2021 2793 2066 2837 1.
2087 2795 2117 2836 5
2168 2789 2251 2836 Sin
2276 2789 2417 2838 fldem
2439 2791 2519 2841 do.
2543 2792 2647 2842 Do.

1579 2851 1795 2899 Fabulae!
1830 2851 1920 2898 Ph.
1949 2853 2023 2904 iii,
2046 2857 2095 2900 2.
2117 2857 2147 2902 7
2196 2852 2399 2916 Nequeo
2434 2870 2641 2916 exorare,

1577 2931 1687 2962 cum
1720 2916 1803 2964 ino
1840 2926 1895 2963 ut
1932 2924 2082 2964 mutet
2116 2916 2257 2964 fidem
2294 2917 2381 2966 Ph.
2420 2919 2487 2978 iii,
2506 2925 2553 2969 2.
2574 2927 2641 2973 27

1577 2977 1704 3026 Itan'
1726 2996 1915 3042 parvam
1935 2981 2049 3028 mihi
2083 2981 2226 3030 fidem
2258 2998 2361 3031 esso
2392 2986 2522 3047 apud
2556 2988 2641 3034 te?

1578 3043 1670 3094 Ph.
1698 3061 1744 3100 v,
1763 3050 1810 3094 3.
1833 3050 1893 3094 27
1950 3045 2081 3092 Nihil
2116 3045 2235 3094 istuc
2266 3062 2387 3109 opus
2422 3057 2495 3096 est
2526 3059 2644 3112 arte,

1578 3109 1664 3156 sed
1695 3109 1773 3166 iis,
1809 3109 1903 3158 fide
1939 3119 1990 3156 et
2026 3110 2341 3160 taciturnitate
2383 3112 2446 3160 A.
2481 3114 2517 3171 i,
2541 3121 2588 3164 1.
2610 3121 2643 3166 7

1578 3172 1775 3222 Dictum
1796 3190 1853 3222 ac
1872 3174 2046 3222 factum
2066 3175 2269 3224 reddidi.
2320 3176 2410 3225 Ch.
2450 3178 2640 3227 Bonnn'

1577 3238 1707 3286 fide?
1742 3238 1866 3286 Heu.
1898 3240 1960 3298 iv,
1984 3245 2033 3288 5.
2058 3244 2119 3290 1³
2155 3239 2287 3287 Leno
2316 3257 2435 3289 sum.
2470 3244 2537 3290 At
2558 3245 2643 3302 ita,

1578 3310 1633 3349 ut
1664 3318 1861 3366 usquam
1894 3303 1989 3351 fuit
2020 3305 2115 3352 fide
2147 3305 2393 3369 quisquam
2444 3317 2643 3371 optuma
2720 3321 2726 3330 '

1577 3368 1677 3416 Ad.
1712 3369 1766 3424 ii,
1794 3374 1835 3417 1.
1855 3372 1885 3417 7
1936 3369 2097 3417 Homo
2135 3369 2331 3434 antiqua
2364 3372 2554 3431 virtute,
2584 3390 2641 3423 nc

1577 3431 1674 3480 fide
1705 3433 1804 3482 Ad.
1827 3432 1899 3487 iii,
1924 3437 1970 3482 3.
1992 3438 2059 3484 88

1642 3496 1801 3546 Fides.
1854 3498 2059 3548 chorda.
2125 3497 2389 3556 obsonare,
2414 3517 2522 3548 cum
2544 3503 2641 3551 fide

1575 3569 1780 3610 scortum
1823 3564 2056 3612 adducere
2101 3563 2198 3611 Ad.
2220 3580 2269 3619 v,
2290 3569 2342 3614 9.
2364 3569 2394 3614 7
2469 3565 2520 3612 Is
2554 3567 2641 3614 ubi

1577 3626 1699 3674 hanc
1736 3628 1883 3674 forma
1920 3628 2050 3675 videt
2082 3630 2281 3676 honesta
2312 3630 2554 3692 virginem,
2593 3639 2645 3679 et

1575 3689 1749 3738 fidibus
1771 3691 1887 3740 scire
1918 3692 2011 3742 Eu.
2035 3694 2071 3748 i.
2094 3697 2145 3742 2.
2166 3697 2229 3742 63

1642 3755 1871 3805 Fidicina.
1939 3757 2191 3812 Quondam
2228 3758 2471 3806 fidicinam
2512 3767 2643 3807 amat

1574 3819 1655 3867 hic
1686 3820 1884 3868 Chaerea
1944 3821 2035 3869 Eu.
2072 3837 2119 3877 v,
2152 3827 2203 3870 6.
2240 3828 2301 3871 16
2377 3821 2477 3880 Qui
2509 3823 2641 3871 illam

1574 3887 1763 3932 amabat
1796 3885 2037 3934 fidicinam
2096 3885 2186 3936 Ph.
2208 3886 2242 3941 i,
2265 3892 2312 3936 2.
2334 3890 2401 3935 69
2453 3888 2639 3950 Ecquid

1574 3965 1661 3996 nos
1683 3965 1811 3996 amas
1833 3951 1893 3997 de
1914 3949 2105 3998 fidicina
2126 3951 2278 3998 istac?
2310 3951 2403 3998 Eu.
2426 3952 2493 4008 iii,
2516 3957 2566 4002 2.
2590 3958 2623 4003 4

1640 4013 1855 4064 Fiducia.
1920 4014 2029 4071 Qua
2072 4015 2247 4064 fiducia
2277 4015 2329 4063 id
2366 4016 2519 4065 facere
2554 4033 2637 4065 au-

1573 4079 1712 4126 deam
1732 4080 1749 4126 ?
1786 4079 1847 4128 A.
1886 4079 1959 4135 iii,
1982 4085 2029 4127 5.
2052 4084 2082 4129 7

1642 4143 1827 4207 Figura.
1880 4142 2021 4192 Nova
2054 4143 2202 4207 figura
2236 4145 2344 4193 oris.
2395 4144 2539 4194 Color
2559 4161 2639 4194 ve-

1575 4223 1671 4265 rus,
1709 4223 1881 4272 corpus
1914 4208 2135 4266 solidum,
2176 4217 2226 4257 et
2272 4211 2400 4258 succi
2444 4212 2635 4275 plenum

1577 4273 1670 4322 Eu.
1691 4272 1747 4330 ii,
1766 4278 1818 4322 3.
1840 4277 1905 4324 26

1640 4336 1777 4388 Filia.
1841 4338 2001 4386 Mater
2034 4339 2180 4402 coepit
2222 4340 2435 4389 studione
2480 4340 2640 4388 omniu
