3192 4975
585 414 894 481 cxxxviii

581 595 686 629 esse
719 578 989 642 gravidam?
1039 576 1161 629 Hes.
1182 578 1248 633 iv,
1275 581 1318 625 1.
1340 580 1402 629 13
1464 569 1634 627 Partu-

581 645 669 754 ἷίτε)
692 657 989 759 eam,·neq;11e
1011 642 1262 757 gravigiag
1270 658 1371 717 esse
1391 657 1450 689 ex
1473 649 1538 699 te,
1561 659 1637 690 so·

605 724 658 755 us
675 721 891 755 conscius
971 722 1014 753 e.
1037 721 1107 761 ιιι,
1162 737 1176 752 .

651 769 836 829 Gravis,
857 786 900 817 e.
977 769 1095 829 Hui,
1115 776 1208 815 tam
1231 784 1392 831 graves
1413 766 1635 829 (rastros)

584 835 688 887 hos,
710 849 868 896 quaeso
889 834 907 879 ?
940 832 1061 881 Hea.
1083 833 1117 888 i.
1139 837 1185 881 1.
1206 838 1271 881 40
1306 833 1635 894 Paupertatem

585 912 683 944 una
719 897 994 960 pertulimus
1024 912 1208 959 gravem
1257 897 1352 949 Ad.
1381 897 1450 951 iii,
1484 900 1531 946 4.
1570 903 1637 946 50

585 961 846 1023 Nunquam
869 968 960 1011 tam
985 977 1145 1024 graves
1181 961 1245 1007 ob
1280 962 1401 1008 hanc
1436 960 1638 1007 inimici-

586 1025 675 1071 tias
697 1038 910 1087 caperem
948 1025 998 1073 in
1033 1032 1236 1073 nostram
1276 1024 1498 1072 familiam
1547 1024 1637 1071 Ph.

583 1088 638 1162 ii,
661 1093 710 1137 3.
733 1093 797 1137 22
830 1088 906 1136 At·
919 1089 1042 1137 istuc
1064 1088 1320 1166 periculum
1358 1088 1411 1135 in
1435 1089 1531 1163 filia
1551 1088 1637 1136 fle·

585 1152 1134 1279 zisuffiueesteigarsshillii
1155 1150 1640 1279 ξεῖῗίᾳξῶυῖὲὲιέξ

589 1280 742 1328 donec
773 1280 872 1329 He.
891 1281 930 1335 i,
953 1286 1001 1329 2.
1022 1285 1087 1329 50
1121 1280 1380 1342 Paupertas
1397 1279 1640 1327 mihionus

589 1342 740 1389 visum
761 1351 851 1398 est,
888 1352 938 1391 et
967 1344 1197 1400 miserum,
1221 1352 1270 1391 et
1292 1359 1430 1406 grave
1480 1344 1568 1391 Ph.
1603 1344 1642 1403 i,

589 1410 639 1461 2.
660 1411 724 1455 44
774 1408 891 1456 Haec
930 1409 1042 1454 dum
1082 1408 1297 1469 incipias,
1321 1408 1477 1471 gravia
1497 1415 1639 1457 sunte

589 1472 671 1517 ubi
686 1472 918 1534 cognoris,
933 1472 1090 1520 facilia
1120 1472 1240 1519 Hea.
1262 1488 1308 1530 v,
1324 1478 1372 1521 5.
1393 1476 1452 1520 14
1477 1471 1641 1531 Quan-

591 1542 641 1589 to
663 1542 771 1583 tuus
792 1544 864 1583 est
883 1537 1063 1587 animus
1098 1545 1210 1585 natu
1252 1535 1448 1597 gravior,
1485 1536 1641 1595 ignos-

591 1598 772 1646 centior
805 1599 927 1647 Hes.
949 1600 1016 1657 iv,
1044 1604 1088 1648 1.
1111 1605 1173 1651 32
1219 1598 1367 1658 Quasi
1389 1600 1641 1662 quicquam

591 1662 641 1716 in
663 1663 789 1711 hunc
821 1662 921 1725 jam
957 1664 1139 1725 gravius
1168 1663 1263 1710 dici
1289 1663 1464 1724 possiet
1511 1663 1572 1709 A.
1597 1679 1641 1718 v,

590 1730 692 1775 &³
739 1726 865 1783 Scin,
902 1728 988 1775 tibi
1027 1743 1128 1775 esse
1163 1729 1250 1774 hoc
1274 1728 1456 1785 gravius
1477 1726 1642 1778 multo,

593 1804 650 1836 ae
692 1790 873 1845 durius,
915 1792 990 1838 cui
1025 1792 1079 1837 fit
1139 1791 1262 1838 Hea.
1288 1807 1335 1848 v,
1357 1796 1406 1845 2.
1429 1795 1458 1839 4
1512 1790 1646 1836 Errat

595 1852 754 1915 longe,
775 1854 857 1916 qui
878 1853 1120 1918 imperium
1135 1856 1296 1903 credat
1315 1854 1500 1917 gravius
1523 1870 1642 1908 esse,

594 1925 677 1963 aut
713 1918 944 1975 stabilius,
975 1919 1020 1966 vi
1056 1920 1181 1981 quod
1221 1918 1276 1965 fit
1329 1917 1428 1965 Ad.
1452 1916 1485 1971 i,
1511 1923 1556 1966 1.
1577 1921 1640 1965 41

594 1980 726 2036 Quid
751 1982 944 2041 faceres,
973 1983 1019 2029 si
1058 1983 1185 2029 aliud
1208 1982 1391 2043 gravius
1413 1982 1496 2028 tibi
1517 1996 1644 2028 nuuc

593 2044 869 2093 faciundum
905 2046 1060 2093 foret?
1114 2046 1205 2095 Ph.
1222 2046 1260 2104 i,
1280 2050 1327 2095 4·
1352 2050 1415 2095 30
1459 2044 1649 2103 Mane;

595 2112 805 2159 nondum
831 2109 1019 2165 audisti,
1059 2109 1258 2166 Demea,
1298 2110 1428 2173 quod
1451 2116 1522 2156 est
1542 2124 1647 2171 gra-

594 2172 834 2220 vissimum
867 2172 966 2221 Ad.
987 2174 1053 2229 iii,
1076 2179 1124 2222 4.
1145 2178 1210 2222 22

661 2235 891 2284 Graviter.
915 2236 1144 2285 Gravius.
1169 2236 1348 2285 Omnes
1371 2235 1454 2298 qui
1474 2242 1652 2296 amant,

592 2300 794 2361 graviter
815 2300 902 2347 sibi
925 2301 1026 2347 dari
1046 2315 1234 2347 uxorem
1253 2300 1410 2347 ferunt
1455 2299 1518 2347 A.
1539 2300 1572 2354 i,
1597 2304 1647 2347 2.

595 2367 660 2415 20
706 2362 1100 2411 Adulescentulus
1123 2377 1249 2423 saepe
1267 2363 1451 2417 eadem,
1473 2370 1523 2409 et
1544 2378 1648 2424 gra-

597 2425 716 2472 viter
737 2426 994 2480 audiendo,
1018 2426 1167 2473 victus
1188 2432 1262 2472 est
1306 2425 1428 2473 Hea.
1452 2426 1486 2485 i,
1512 2430 1558 2473 1.
1583 2430 1648 2475 62

597 2488 867 2538 Advertunt
904 2490 1117 2552 graviter,
1170 2505 1278 2550 quae
1325 2506 1422 2536 non
1459 2504 1650 2538 censeas

596 2552 723 2602 Hea.
747 2553 814 2606 iii,
836 2558 882 2606 3.
903 2558 936 2603 9
984 2554 1112 2610 Quid
1136 2562 1224 2608 est,
1247 2554 1374 2616 quod
1397 2561 1490 2600 tam
1513 2569 1540 2600 a
1561 2569 1650 2600 no·

596 2617 671 2668 bis
691 2618 888 2678 graviter
922 2625 1204 2680 crepuerunt
1235 2618 1392 2666 fores?
1426 2617 1549 2665 Hea.
1579 2617 1651 2673 iii,

597 2685 646 2730 3.
667 2685 732 2730 52
780 2681 934 2729 Nimis
966 2683 1165 2744 graviter
1185 2682 1360 2730 cruciat
1382 2681 1653 2731 adolescen-

597 2745 766 2800 mium.
782 2746 1013 2809 nimisque
1034 2746 1284 2794 inhumane
1332 2746 1454 2794 Hea.
1477 2761 1523 2800 v,
1545 2751 1594 2794 5.
1622 2751 1648 2795 1

598 2808 825 2870 =Quisnam
843 2826 872 2857 a
889 2826 960 2858 me
979 2811 1163 2873 pepulit
1180 2819 1272 2858 tam
1289 2810 1484 2872 graviter
1499 2810 1651 2858 fores?

599 2871 700 2920 Ad.
724 2889 770 2930 v,
793 2878 840 2922 3.
862 2878 894 2922 2
942 2873 1114 2937 Neque
1151 2876 1271 2922 adeo
1309 2874 1430 2922 clam
1469 2890 1542 2921 me
1564 2881 1655 2933 est,

600 2952 866 3052 {panget}
886 2954 993 3050 eluom
1017 2939 1214 3050 gErpariter
1233 2939 1429 2986 laturum
1465 2938 1653 3049 οῐοᾲὲιι)

652 3017 697 3048 e.
731 3017 746 3048 ι
770 3036 782 3057 .
853 3037 867 3050 .
1107 3019 1120 3050 ι
1161 3019 1288 3050 amor
1325 3019 1400 3050 me
1437 3017 1565 3064 gravi
1616 3017 1653 3056 r,

599 3068 986 3129 consuetudoque
1010 3065 1113 3129 ejus
1133 3073 1264 3114 tenet
1309 3066 1402 3113 He.
1421 3066 1495 3120 iii,
1518 3070 1566 3114 3.
1587 3068 1654 3114 44

598 3127 706 3176 Tibi
727 3145 916 3194 quoque
937 3131 1120 3193 oedepol
1158 3131 1300 3178 iratus
1332 3146 1453 3186 sum,
1489 3128 1653 3176 Phila..

601 3208 755 3248 mena,
778 3193 977 3257 graviter
1007 3195 1197 3258 quidem
1229 3194 1322 3241 He..
1345 3193 1411 3248 iv.
1432 3198 1480 3243 4.
1502 3197 1534 3242 3
1568 3192 1655 3240 Me

601 3257 846 3309 miseram!
879 3272 1040 3306 vereor
1057 3273 1119 3306 ne
1137 3257 1257 3304 illud
1353 3256 1482 3306 avius
1516 3256 1655 3305 Phae-

601 3319 704 3366 dria
734 3319 892 3366 tulerit
943 3318 1035 3368 Eu.
1063 3321 1100 3375 i,
1121 3324 1169 3368 2.
1194 3325 1217 3367 1
1329 3320 1405 3366 olo
1435 3320 1484 3366 in
1508 3319 1655 3366 ·illum

605 3381 792 3444 gravius
830 3383 984 3431 dicere
1050 3383 1146 3431 Ad.
1166 3382 1200 3438 i,
1223 3387 1272 3432 2.
1295 3387 1360 3434 60
1423 3382 1622 3431 Oremus
1642 3401 1655 3431 e

605 3459 876 3496 accusemus
915 3445 1127 3509 gravium
1161 3447 1366 3511 denique
1393 3447 1659 3500 minitemur

605 3507 702 3561 He.
725 3509 791 3566 iv,
810 3513 863 3559 4.
885 3515 947 3560 95

670 3571 866 3629 Gravor.
951 3573 1031 3621 Da
1065 3575 1248 3623 veniam
1295 3575 1402 3624 AEs.
1437 3574 1516 3624 Ne
1553 3590 1657 3638 gra·

606 3650 713 3686 vare
745 3637 841 3685 De.
861 3637 974 3701 Fac,
995 3637 1212 3700 promitte
1246 3638 1342 3688 Ad.
1363 3656 1411 3696 v,
1431 3646 1480 3690 8.
1500 3643 1563 3688 19
1587 3672 1592 3678 -

670 3700 929 3752 Gremium.
993 3703 1163 3757 Jovem
1195 3719 1290 3767 quo
1313 3711 1453 3766 pacto
1475 3703 1659 3752 Danaa

606 3763 782 3816 misisse
804 3767 938 3820 aiunt
970 3769 1205 3830 quondam
1243 3769 1292 3816 in
1316 3768 1540 3829 gremium
1571 3767 1659 3820 irn-

606 3827 734 3878 brem
757 3846 944 3880 aureum
996 3831 1086 3878 Eu.
1109 3831 1182 3892 iii,
1203 3837 1252 3880 6.
1273 3836 1336 3881 37
1391 3831 1488 3888 Qui
1523 3845 1572 3877 se
1609 3830 1661 3878 in

606 3893 681 3942 sui
735 3893 910 3957 gremio
947 3896 1206 3957 positurum
1242 3911 1436 3958 puerum
1473 3894 1662 3944 dicebat

605 3956 748 4024 patris
781 3958 878 4006 Ad.
903 3959 972 4013 iii,
994 3964 1042 4009 2.
1063 3963 1124 4010 35

672 4019 815 4070 Grex.
901 4022 1024 4072 Cum
1081 4038 1166 4086 per
1209 4020 1458 4068 tumultum
1501 4027 1662 4070 noster

687 4101 712 4130 x
731 4093 886 4134 motus
907 4085 1013 4135 loco
1035 4094 1108 4134 est
1140 4085 1232 4133 Ph.
1253 4084 1380 4132 Ptol.
1401 4089 1464 4134 33
1498 4085 1660 4136 Unum

606 4098 698 4194 {zen
719 4163 802 4197 vos
825 4164 928 4204 oro.
959 4158 1012 4198 ut
1049 4166 1124 4198 me
1161 4150 1208 4197 in
1235 4155 1438 4196 vestrum
1473 4165 1660 4212 gregem

605 4210 845 4271 recipiatis
876 4213 968 4263 Eu.
990 4231 1039 4275 v,
1059 4218 1109 4262 9.
1130 4217 1194 4262 54
1245 4214 1328 4262 Sin
1353 4212 1472 4264 lenis
1495 4220 1584 4270 est,
1597 4215 1661 4268 ad

607 4270 750 4327 alium
792 4275 998 4330 defertur
1030 4293 1213 4342 gregem
1264 4277 1389 4336 Hes.
1427 4278 1556 4332 Ptol.
1593 4283 1657 4330 45

1537 426 1781 477 munt

1707 573 1997 629 Andiiantm
2021 586 2205 638 genem
2226 574 2409 622 domat
2428 586 2587 621 acum
2633 570 2759 624 nen.

1706 642 1760 697 ii.
1784 648 1833 691 3.
1855 645 1885 690 4
1921 639 2091 689 Hercle.
2113 640 2189 686 hio
2210 638 2271 685 de
2294 654 2432 701 grege
2453 637 2533 685 iilo
2554 644 2630 685 est
2662 636 2761 684 Ad.

1709 706 1777 761 iii,
1802 710 1853 753 3.
1876 708 1909 753 8

1774 766 2085 821 Gubematrix
2166 766 2245 813 Au
2290 764 2545 812 Fortunam
2583 763 2760 812 cossam

1710 834 1836 888 dem,
1857 848 1962 895 quae
1984 829 2277 893 gubernatrix
2299 828 2424 876 fuit?
2458 828 2548 875 Eu.
2572 844 2617 887 v,
2634 833 2681 878 9.
2700 833 2763 877 16

1776 896 2018 944 Gubemo.
2082 894 2181 950 Qui
2202 908 2283 941 eos
2300 894 2527 953 gubernat
2556 893 2759 950 animus,

1712 960 1939 1008 infirmum
1962 968 2133 1021 gerunt
2163 957 2258 1007 He.
2278 956 2349 1013 iii,
2374 961 2419 1005 1.
2440 961 2501 1006 31

1776 1023 2089 1088 Gynaeceum.
2156 1020 2253 1069 Ubi
2288 1022 2337 1069 in
2378 1034 2654 1083 gsnaeceum
2688 1018 2761 1069 ire

1713 1088 1915 1151 occipio,
1938 1101 2054 1153 puer
2073 1086 2134 1134 ad
2158 1101 2231 1133 tue
2266 1085 2465 1135 accurrit
2498 1084 2637 1133 Mida
2669 1083 2764 1133 Ph.

1714 1169 1761 1215 v,
1780 1157 1831 1201 o.
1850 1156 1916 1201 28

2210 1340 2277 1391 H.

1779 1470 1875 1519 Ha.
1897 1470 1971 1517 Ha
1992 1471 2004 1519 1
2029 1472 2088 1517 ha
2106 1469 2119 1516 !
2138 1468 2227 1518 he!
2256 1467 2400 1523 Δάν,
2418 1472 2467 1516 4.
2493 1470 2551 1514 15
2573 1462 2667 1512 Eu.
2689 1462 2767 1527 iii,

1716 1540 1763 1584 1.
1786 1539 1868 1584 36.
1910 1535 1979 1588 iii.
2003 1539 2052 1584 2.
2075 1530 2159 1584 44.
2206 1532 2331 1581 Hea.
2355 1546 2400 1588 v,
2419 1534 2467 1580 1.
2486 1534 2566 1579 13.
2600 1528 2696 1577 He.
2717 1544 2767 1584 v,

1714 1604 1765 1649 4.
1788 1604 1870 1653 22.
1910 1599 1999 1647 Ph.
2022 1599 2071 1653 ii.
2096 1602 2145 1647 3.
2166 1601 2233 1646 64

1780 1662 1963 1709 Habe0.
2028 1662 2085 1709 In
2112 1660 2331 1710 memoria
2348 1658 2502 1706 habeo
2548 1655 2610 1704 A.
2641 1656 2679 1711 i,
2720 1660 2768 1704 1.

1722 1730 1779 1776 13
1815 1726 1870 1775 Id
1897 1735 2077 1788 gratum
2099 1726 2238 1771 fuisse
2258 1725 2506 1770 advorsum
2528 1727 2593 1776 te,
2616 1720 2767 1767 habeo

1717 1792 1909 1849 gratiam
1944 1790 2007 1837 A.
2028 1790 2062 1849 i,
2088 1795 2134 1838 1.
2159 1794 2219 1837 1⁵
2268 1787 2442 1849 Neque
2472 1785 2554 1847 pol
2582 1783 2771 1832 consilii

1717 1852 1872 1901 locum
1895 1855 2063 1909 habeo,
2084 1867 2241 1915 neque
2272 1850 2433 1897 auxilii
2463 1849 2649 1911 copiam
2704 1847 2769 1895 A.

1716 1916 1768 1974 ii,
1791 1922 1837 1966 l.
1858 1922 1923 1966 20
1983 1918 2065 1965 Sat
2082 1918 2233 1963 habeo
2296 1912 2359 1961 A.
2381 1914 2431 1967 ii,
2455 1919 2504 1963 1.
2528 1917 2589 1961 35
2638 1912 2769 1968 Quid

1717 1995 1870 2043 agam,
1894 1982 2045 2029 habeo
2078 1980 2145 2029 A.
2166 1979 2237 2033 iii,
2259 1983 2311 2027 2.
2330 1982 2389 2028 18
2421 1977 2769 2039 Propemodum

1719 2045 1870 2093 habeo
1906 2046 1989 2091 tibi
2021 2044 2121 2107 jam
2160 2044 2301 2091 fidem
2348 2041 2413 2093 A.
2433 2041 2503 2097 iii,
2521 2044 2572 2089 4.
2594 2044 2622 2089 7
2676 2039 2774 2087 Hei

1720 2109 1863 2157 mihi!
1888 2124 1971 2156 cur
1990 2124 2085 2157 non
2108 2108 2259 2155 habeo
2272 2107 2491 2169 spatium,
2515 2105 2601 2151 ut?
2625 2102 2773 2159 A.iii‚

1720 2178 1771 2221 5.
1795 2176 1854 2221 17
1904 2174 1934 2223 J
1938 2188 2011 2219 am
2034 2174 2124 2220 hoc
2146 2187 2267 2234 opus
2288 2178 2375 2218 est.
2408 2169 2502 2217 Da.
2522 2167 2654 2225 Quin
2668 2167 2773 2231 jam

1720 2237 1890 2283 habeo.
1938 2236 2029 2284 ch.
2052 2236 2181 2292 Quid
2201 2234 2307 2282 est?
2355 2232 2449 2280 Da.
2490 2232 2635 2287 Huic,
2673 2246 2769 2277 non

1726 2299 1811 2347 tibi
1833 2300 2004 2357 habeo,
2024 2315 2086 2347 ne
2109 2314 2246 2346 erres.
2294 2297 2385 2345 Ch.
2406 2297 2489 2344 Sat
2508 2297 2659 2343 habeo
2706 2294 2773 2345 A.

1721 2363 1787 2418 iv,
1809 2368 1856 2411 2.
1877 2368 1959 2411 21.
1981 2366 2047 2412 22
2078 2362 2210 2420 Quid
2228 2361 2447 2409 veniam?
2485 2361 2597 2407 nihil
2623 2359 2775 2407 habeo

1722 2426 1785 2473 A.
1808 2427 1871 2483 iv,
1894 2432 1942 2480 2.
1964 2431 2029 2475 30
2074 2426 2166 2473 Dis
2189 2426 2267 2489 pol
2304 2427 2455 2473 habeo
2489 2424 2659 2488 gratias
2710 2423 2776 2477 A.

1722 2491 1787 2546 iv,
1808 2496 1856 2540 4.
1878 2495 1941 2540 31
1980 2490 2049 2538 Ni
2069 2499 2275 2538 metuam
2296 2498 2495 2554 patrem,
2516 2491 2667 2537 habeo
2687 2504 2776 2552 pro

1720 2555 1807 2602 ina
1825 2570 1876 2603 re
1897 2554 2029 2602 illum
2048 2556 2177 2619 quod
2207 2569 2422 2602 moneam
2456 2554 2599 2616 probe
2646 2552 2706 2600 A.
2728 2569 2776 2610 v,

1724 2623 1774 2668 4.
1799 2622 1859 2667 16
1895 2619 2065 2667 Habeo
2088 2619 2178 2666 alia
2200 2619 2364 2675 multa,
2386 2627 2491 2681 (μω
2513 2631 2641 2665 nunc
2661 2631 2777 2664 con-

1725 2683 1976 2732 donabitur
2022 2683 2114 2730 Eu.
2150 2682 2279 2731 Proi.
2318 2687 2379 2731 17
2430 2681 2557 2730 Mihi
2591 2681 2779 2744 reliquit

1726 2747 1847 2805 haec,
1887 2763 1993 2811 quae
2028 2748 2199 2803 habeo,
2236 2746 2397 2796 omnia
2440 2745 2531 2794 Eu.
2564 2745 2599 2802 i,
2632 2749 2681 2794 8.
2710 2750 2777 2794 40

1727 2809 1896 2858 Habeo
1918 2812 1994 2858 hic
2014 2810 2251 2858 neminem
2282 2810 2375 2858 Eu.
2393 2811 2491 2867 i‚2.
2508 2814 2570 2859 67
2605 2809 2781 2858 Omnia

1726 2875 1897 2931 habeo,
1935 2890 2091 2938 neque
2118 2875 2369 2940 quicquam
2402 2875 2552 2922 habeo
2606 2872 2699 2922 Eu.
2722 2873 2781 2928 ii.

1726 2941 1775 2990 2.
1798 2942 1860 2986 12
1894 2939 2028 2987 Bene
2042 2939 2225 2987 fecisti:
2251 2939 2444 3002 gratiam
2466 2939 2617 2986 habeo
2634 2937 2780 2984 maxi-

1726 3017 1849 3048 mam
1880 3002 1972 3051 Eu.
1994 3019 2041 3063 v,
2056 3007 2107 3052 9.
2126 3008 2186 3053 61
2220 3001 2389 3049 riflum
2408 3002 2599 3050 unicum
2620 3002 2781 3049 adole-

1728 3067 1991 3114 scentulum
2011 3067 2161 3140 habeo
2194 3066 2317 3113 Hes.
2340 3066 2376 3127 i,
2395 3071 2443 3115 1.
2466 3070 2531 3116 42
2554 3065 2644 3140 ῼαί
2666 3065 2783 3127 quid

1727 3129 2784 3248 fflffi2⁶3321‚¹2¹1¹¹3.¹.33¹3.32..3⁶2·13;.¹15}ss

1728 3261 1792 3306 97
1844 3257 2010 3322 Euge!
2042 3257 2192 3304 habeo
2229 3264 2469 3318 optumam
2500 3255 2785 3319 (rationem)

1730 3320 1853 3368 Hea.
1873 3321 1939 3376 iv,
1959 3326 2009 3370 2.
2032 3326 2093 3369 10
2124 3320 2234 3367 Seni
2256 3329 2415 3368 nostro
2439 3320 2547 3368 fidei
2566 3318 2681 3367 nihil
2696 3320 2782 3366 ha-

1731 3385 1823 3433 beo
1872 3385 1997 3434 Hes.
2017 3401 2064 3447 V,
2083 3389 2131 3434 2.
2151 3389 2217 3434 49
2270 3383 2465 3449 Egomet
2486 3386 2636 3433 habeo
2676 3399 2783 3447 pro·

1792 3450 2005 3510 modum,
2042 3465 2181 3511 quam
2209 3449 2319 3496 volo
2378 3449 2502 3498 Hea.
2544 3465 2593 3504 v,
2630 3454 2681 3496 5.
2716 3451 2785 3496 2⁰

1785 3529 1847 3560 on
1870 3529 2061 3562 necesse
2082 3514 2234 3562 habeo
2256 3514 2413 3560 omnia
2434 3527 2519 3576 pro
2539 3527 2644 3558 meo
2673 3509 2782 3572 jum

1732 3591 1871 3640 agere
1918 3577 2017 3627 Ad.
2039 3577 2075 3633 i,
2102 3583 2147 3626 1.
2169 3579 2237 3626 26
2288 3575 2449 3626 Unum
2483 3577 2573 3623 hoc
2594 3575 2747 3622 habeo
2764 3589 2781 3622 ι

1734 3642 1862 3695 vide.
1898 3642 1939 3689 si
1969 3641 2127 3702 placet
2174 3639 2273 3688 Ad.
2294 3639 2347 3695 ii,
2368 3644 2417 3692 2.
2440 3644 2502 3689 31
2558 3637 2783 3687 Miseram

1734 3706 1842 3752 me!
1877 3705 2111 3754 neminem
2134 3705 2285 3753 habeo
2319 3703 2413 3751 Ad.
2434 3704 2506 3760 iii,
2530 3709 2578 3753 1.
2597 3708 2630 3753 4
2662 3701 2783 3750 Gra·

1734 3767 1845 3816 tiam
1880 3769 2031 3816 habeo
2078 3768 2176 3818 Ad.
2200 3785 2246 3822 v.
2268 3771 2369 3818 5.ss
2418 3765 2651 3819 Omnibus
2682 3781 2785 3830 gm-

1733 3831 1845 3878 tism
1881 3833 2063 3880 habeo:
2098 3840 2151 3880 et
2173 3847 2379 3882 seorsum
2414 3832 2503 3881 tibi
2548 3833 2644 3880 Ad.
2664 3847 2712 3888 v,
2732 3835 2784 3884 θ.

1736 3899 1799 3944 14
1846 3895 1939 3946 Dis
1972 3895 2163 3959 gratiam
2192 3897 2343 3944 habeo
2396 3897 2493 3948 He.
2526 3896 2599 3954 ἱὶἰ,
2636 3900 2686 3946 8.
2721 3897 2783 3946 u

1734 3959 1937 4020 Evenit}
1978 3961 2131 4008 habeo
2172 3962 2367 4024 gratiam
2392 3960 2481 4008 Dis
2526 3961 2621 4010 He.
2642 3959 2710 4015 iv,
2732 3961 2785 4007 4.

1732 4028 1795 4072 31
1832 4023 1957 4071 Amo
1980 4031 2046 4085 te,
2068 4031 2117 4072 et
2138 4025 2291 4073 habeo
2323 4024 2516 4088 gratiam
2564 4023 2653 4070 Ph.
2674 4022 2713 4078 i,
2733 4025 2785 4071 8.

1733 4091 1765 4137 4
1812 4088 2096 4137 Conclusam
2122 4088 2197 4138 hie
2217 4089 2371 4136 habeo
2404 4103 2593 4135 uxorem
2612 4100 2786 4136 savam

1734 4151 1825 4204 Ph.
1847 4167 1897 4208 v,
1915 4156 1959 4200 1.
1983 4157 2045 4202 1⁷
2095 4151 2187 4200 Dis
2221 4166 2411 4216 magnas
2431 4151 2595 4198 merito
2648 4149 2787 4198 ratius

1732 4216 1904 4273 habeo,
1944 4223 2088 4280 atque
2127 4231 2217 4279 ago
2266 4217 2356 4266 Ph.
2380 4231 2427 4270 v.
2448 4219 2497 4263 7.
2520 4219 2547 4263 1
2682 4229 2711 4261 ο
2733 4221 2787 4260 tu

1736 4279 2001 4350 impudens,
2018 4296 2115 4330 non
2134 4280 2247 4334 satis
2261 4281 2421 4344 habes,
2434 4279 2564 4342 quod
2582 4277 2601 4326 i
2635 4277 2699 4328 A.
2721 4277 2787 4340 iv,
