3192 4975
520 436 762 501 cxxxfi

520 608 570 653 1.
591 608 652 652 66
699 602 820 650 'l’u'm
839 608 948 649 uno·
959 615 1038 649 ore
1062 600 1194 647 bona'
1207 598 1379 659 dicere,
1403 612 1452 651 et
1473 604 1572 651 iau-

517 668 630 716 dare
651 667 858 715 fortunas
895 680 1021 713 meas
1053 664 1116 715 A.
1145 666 1180 722 i,
1203 671 1247 714 1.
1269 671 1334 716 70
1381 669 1574 717 Servon'

516 728 725 781 fortunas
745 746 872 778 meas
892 746 966 778 me
986 730 1270 779 commisisse
1303 732 1461 780 futili?
1512 732 1574 780 A.

515 796 588 852 iii,
607 803 656 845 5.
681 801 712 845 8

583 860 878 915 Fortunatus,
901 875 948 917 a,
967 874 1066 907 um.
1133 859 1274 909 Fores
1295 861 1446 923 aperis
1475 862 1576 909 for·

519 932 710 972 tunatus
743 923 832 972 Eu.
856 924 910 985 ii,
929 926 978 973 2.
999 927 1061 972 58
1113 923 1246 981 Quid
1269 925 1306 973 si
1327 940 1458 973 nunc
1475 932 1580 973 tute

517 990 780 1037 fortunatus
802 988 918 1037 fias?
972 986 1062 1035 Eu.
1098 988 1152 1045 ii,
1174 995 1224 1039 8.
1241 994 1306 1039 77
1357 989 1448 1037 Nm
1486 1004 1576 1053 ego

516 1052 780 1101 fortunatus
824 1054 963 1101 homo
1007 1052 1143 1101 sum!
1193 1054 1317 1102 Hea.
1353 1054 1419 1111 iv,
1442 1058 1490 1103 6.
1511 1056 1572 1103 21

518 1118 753 1167 Derides?
774 1118 1055 1173 fortunatus,
1075 1118 1158 1183 qui
1179 1118 1300 1167 istoc
1315 1119 1471 1166 animo
1487 1120 1580 1167 sies

520 1182 619 1231 Ad.
653 1199 702 1240 v,
721 1187 768 1231 8.
789 1186 856 1231 66
913 1181 1070 1238 Quam
1108 1182 1374 1231 fortunatus
1414 1184 1582 1231 ceteris

523 1262 624 1295 sum
645 1247 811 1295 robus!
857 1246 954 1293 He.
985 1246 1055 1303 iv,
1075 1251 1126 1296 2.
1147 1251 1212 1297 26
1269 1247 1336 1295 At
1377 1254 1428 1295 tu
1463 1246 1581 1295 mihi

522 1318 686 1361 contra
703 1326 830 1359 nunc
851 1311 1008 1359 videre
1030 1312 1293 1359 fortunatus
1340 1310 1428 1359 Ph.
1463 1312 1498 1372 i,
1531 1316 1580 1363 8.

521 1382 584 1426 21
618 1377 663 1424 0
682 1376 970 1423 'fortunatum
991 1376 1130 1423 istum
1151 1376 1461 1424 Eunuchum!
1487 1376 1580 1426 Eu.

520 1441 574 1504 ii,
594 1446 643 1491 8.
665 1445 729 1490 78
751 1439 810 1487 χΟ
844 1440 1104 1488 fortunate!
1147 1440 1301 1489 nescis
1332 1440 1448 1504 quid
1471 1441 1582 1489 mali

522 1504 795 1569 praeterieris
825 1504 919 1555 He.
941 1504 1010 1560 iii,
1027 1510 1074 1555 4.
1091 1508 1124 1553 4
1158 1504 1314 1562 Quam
1327 1505 1440 1553 estis
1455 1520 1583 1552 max·

525 1586 632 1619 ume
669 1576 900 1631 potentes,
933 1570 1075 1625 dites,
1118 1568 1360 1625 fortunati,
1401 1570 1586 1619 nobiies

523 1634 620 1682 Ad.
645 1634 717 1690 iii,
739 1638 786 1682 4.
811 1639 874 1683 57
927 1633 1044 1681 Mea
1065 1642 1113 1681 te
1135 1633 1404 1696 Antiphila,
1422 1634 1582 1691 laudo,

524 1708 571 1747 et
594 1700 874 1745 fortunatam
892 1696 1058 1760 judico
1093 1698 1216 1749 Hea.
1239 1698 1294 1759 ii,
1310 1702 1360 1748 4.
1375 1702 1402 1747 1
1437 1698 1583 1755 Quod

522 1764 806 1811 fortunatum
817 1762 896 1810 isti
909 1769 1079 1825 putant
1098 1762 1195 1810 Ad.
1211 1762 1256 1823 i,
1267 1768 1313 1813 1.
1326 1767 1388 1811 18
1411 1762 1584 1826 Ecquis

525 1843 600 1874 me
619 1826 738 1873 vivit
757 1827 899 1875 hodie
918 1826 1230 1875 fortunatior?
1281 1826 1373 1874 Eu.
1411 1844 1458 1883 v,
1479 1832 1528 1876 9.
1552 1834 1579 1877 1

526 1890 648 1948 Quis
685 1898 733 1938 te
767 1898 840 1938 est
872 1891 1186 1939 fortunatior?
1221 1891 1344 1939 Hea.
1374 1891 1427 1948 ii,
1449 1896 1500 1940 8.
1519 1897 1584 1941 55

525 1956 614 2003 Me
654 1956 736 2019 qui
773 1956 835 2002 sit
873 1956 1152 2002 fortunatior
1203 1956 1296 2005 He.
1327 1954 1401 2016 iii,
1437 1960 1487 2005 6.
1517 1960 1581 2005 41

527 2020 648 2077 Quis
693 2034 768 2068 me
801 2026 874 2067 est
908 2020 1202 2082 fortunatior,
1239 2020 1586 2083 venustatisque

527 2086 648 2133 adeo
670 2080 882 2149 pienior?
916 2084 1012 2131 He.
1033 2100 1080 2141 V,
1103 2089 1152 2133 4.
1169 2090 1202 2135 8
1240 2084 1402 2132 Multo
1437 2084 1589 2131 omni·

527 2166 608 2197 um
629 2161 756 2197 nnnc
777 2164 854 2196 me
873 2148 1289 2197 fortunatissimum
1303 2148 1480 2197 factum
1531 2164 1590 2196 u·

528 2221 580 2261 to
601 2229 702 2263 esse
735 2212 858 2261 Hes.
895 2213 960 2267 iv,
981 2216 1033 2262 8.
1057 2217 1085 2261 1
1133 2212 1180 2261 0
1223 2211 1472 2260 fortunatis

527 2275 773 2340 Antipho!
807 2276 899 2324 Ph.
917 2275 990 2331 iii,
1005 2279 1054 2323 2.
1072 2279 1138 2325 19

594 2341 782 2389 Forum.
849 2338 955 2401 Ego
974 2339 1085 2387 hinc
1107 2354 1182 2387 me
1201 2338 1261 2386 ad
1285 2338 1438 2386 forum
1469 2338 1535 2386 A.
1553 2339 1588 2395 i,

530 2408 580 2454 8.
597 2408 658 2453 21
697 2403 972 2450 Praeteriens
987 2403 1130 2449 modo
1145 2403 1260 2450 mihi
1273 2404 1402 2464 apud
1419 2402 1586 2460 forum,

531 2464 1021 2581 {323{‘.1{¹‹3133¹33¹?1
1057 2466 1378 2582 ῗρζάἶίἰῖῗ
1398 2467 1590 2596 ’ῗξίἓξζέῗ

937 2563 950 2578 0
1025 2567 1039 2592 ’
1092 2563 1106 2579 0

531 2613 638 2646 rans
679 2611 896 2660 percurro
931 2597 996 2643 ad
1038 2596 1189 2643 forum
1242 2597 1309 2644 A.
1349 2595 1406 2650 ii,
1439 2601 1486 2646 2.
1527 2602 1590 2646 18

533 2661 665 2718 Quid
686 2662 833 2709 turbae
854 2667 928 2708 est
946 2662 1075 2723 apud
1095 2661 1276 2708 forum!
1318 2660 1381 2708 A.
1401 2661 1465 2716 iv,
1488 2667 1537 2711 4.
1557 2667 1590 2710 6

535 2726 666 2774 Dum
686 2725 794 2773 hinc
817 2733 1073 2774 transcurro
1106 2726 1167 2772 ad
1200 2726 1350 2773 forum
1397 2725 1489 2774 Eu.
1522 2727 1590 2784 iv,

533 2795 584 2840 6.
601 2795 666 2840 26
703 2790 830 2837 Volo
851 2789 1088 2838 hominem
1109 2790 1379 2846 convenire,
1402 2790 1440 2837 si
1463 2792 1590 2852 apud

533 2854 682 2902 forum
705 2861 778 2903 est
807 2853 906 2904 Ad.
945 2854 982 2911 i,
1005 2859 1056 2904 2.
1077 2858 1142 2903 74
1197 2855 1301 2918 Ego
1345 2855 1404 2901 ad
1441 2854 1592 2902 forum

529 2918 632 2975 ibo,
653 2926 709 2966 ut
727 2921 854 2966 hunc
870 2920 1104 2967 absolvam
1135 2915 1233 2966 Ad.
1253 2919 1309 2980 ii,
1330 2922 1456 2968 4.18
1491 2917 1590 2965 Ad-

536 2989 666 3031 ortus
677 2982 836 3046 jurgio
855 2985 1041 3032 fratrem
1063 2983 1190 3046 apud
1210 2983 1362 3030 forum
1398 2982 1493 3033 Ad.
1517 2983 1592 3040 iii,

534 3051 584 3097 8.
619 3053 684 3096 60
740 3045 1022 3104 Micionem,
1065 3049 1105 3094 si
1145 3049 1277 3110 apud
1317 3047 1466 3094 forum
1507 3056 1596 3109 est,

535 3112 814 3160 conveniam
848 3112 944 3162 Ad.
964 3112 1041 3170 iii,
1061 3118 1107 3160 6.
1127 3115 1162 3158 2
1215 3109 1319 3166 Est,
1355 3113 1484 3173 quod
1519 3107 1594 3161 m‘e

535 3177 728 3225 transire
749 3177 811 3224 ad
832 3177 982 3224 forum
997 3174 1098 3237 jam
1115 3181 1330 3238 oporteat
1362 3175 1452 3222 He.
1474 3175 1526 3230 ii,
1544 3179 1592 3222 2.

538 3245 598 3289 81
636 3241 757 3288 Inde
779 3239 858 3286 ibo
879 3241 940 3286 ad
959 3240 1112 3286 forum
1147 3237 1237 3284 Ph.
1257 3237 1312 3292 ii,
1331 3243 1378 3286 1.
1395 3243 1458 3288 82
1491 3239 1594 3287 Ho-

539 3305 710 3352 minem
733 3305 794 3350 ad
812 3304 962 3350 forum
978 3301 1098 3365 jussi
1115 3299 1320 3364 opperiri
1352 3301 1441 3349 Ph.
1464 3303 1531 3360 iv,
1545 3309 1597 3354 2,

539 3374 572 3416 8
612 3368 681 3415 Ut
702 3369 842 3414 modo
861 3373 1106 3430 argentum
1125 3365 1210 3411 tibi
1233 3365 1448 3414 dedimus
1469 3370 1594 3430 apud

535 3431 687 3478 forum
722 3431 810 3478 Ph.
840 3447 887 3494 v,
907 3437 956 3481 6.
978 3435 1042 3481 19
1095 3429 1190 3476 Sed
1212 3429 1356 3477 transi
1377 3433 1513 3479 sodes
1534 3433 1596 3480 ad

537 3495 689 3542 forum
723 3496 813 3543 Ph.
851 3511 898 3553 v,
919 3501 969 3546 7.
990 3501 1055 3545 28
1094 3493 1287 3542 Amicus
1308 3497 1499 3560 quidam
1523 3513 1599 3546 me

539 3575 566 3607 a
587 3560 692 3610 foro
715 3561 910 3624 abduxit
929 3562 1070 3609 modo
1093 3557 1188 3607 Ad.
1210 3558 1276 3616 iv,
1291 3566 1340 3609 6.
1365 3566 1424 3611 11
1459 3561 1601 3611 Scisti

539 3623 606 3672 uti
630 3625 731 3673 foro
765 3625 858 3676 Ph.
882 3625 918 3681 i,
937 3630 988 3676 2.
1009 3631 1077 3676 29
1379 3649 1396 3655 ·

605 3687 806 3754 Frange.
871 3690 1058 3740 Navem
1087 3693 1131 3740 is
1160 3693 1302 3758 fregit
1333 3691 1460 3766 apud
1493 3689 1600 3738 An·

542 3753 675 3801 drum
696 3756 896 3804 insulam
928 3754 994 3807 A.
1032 3757 1069 3820 i,
1090 3762 1139 3807 8.
1160 3762 1222 3807 17
1273 3756 1464 3805 Atticus
1497 3755 1602 3818 qui·

543 3820 651 3867 dam
694 3819 806 3867 olim
838 3821 947 3868 navi
998 3821 1162 3880 fracta,
1217 3823 1344 3886 apud
1386 3819 1600 3867 Andrum

542 3883 724 3946 ejectus
746 3894 819 3933 est
848 3885 915 3935 A.
937 3902 984 3942 v,
1000 3891 1048 3934 4.
1071 3893 1136 3936 20

606 3947 780 3997 Frater.
829 3950 1012 3998 Phania
1040 3951 1141 4013 ine,
1176 3951 1314 3999 frater
1348 3963 1477 3996 meus
1509 3947 1603 3995 fuit

543 4012 608 4063 A.
630 4029 676 4071 v,
699 4018 746 4063 4.
765 4018 827 4063 81
884 4014 1002 4078 Ejus
1035 4015 1174 4063 frater
1209 4014 1273 4062 ali
1306 4020 1499 4060 uantum
1538 4013 1601 4060 ad

541 4091 637 4124 rem
659 4086 732 4126 est
751 4079 931 4126 avidior
963 4077 1054 4127 Eu.
1076 4080 1113 4137 i,
1133 4085 1184 4130 2.
1203 4084 1261 4126 51
1328 4086 1376 4124 ta
1391 4083 1444 4124 ut
1458 4076 1603 4139 jussit

542 4141 682 4188 frater
713 4142 804 4189 Eu.
827 4143 881 4199 ii,
904 4148 952 4192 8.
975 4148 1039 4193 72
1088 4143 1278 4191 Nostin’
1302 4144 1437 4198 hanc,
1460 4157 1600 4205 quam

543 4211 672 4251 amat
689 4205 860 4254 frater?
895 4207 986 4255 Eu.
1007 4208 1078 4263 iii,
1099 4215 1150 4258 6.
1173 4214 1235 4259 16
1291 4207 1448 4264 Quem
1485 4221 1601 4253 mer-

546 4275 679 4315 catus
697 4269 850 4316 fuerat
868 4270 1006 4319 frater
1023 4269 1195 4320 Thaidi
1245 4271 1335 4320 Eu.
1371 4269 1442 4326 iii,
1465 4276 1512 4320 6.
1534 4275 1600 4320 21

546 4331 758 4380 Advenit
779 4333 999 4382 Chremes
1022 4337 1311 4394 adolescens,
1344 4336 1482 4384 frater
1511 4336 1600 4382 vir·—

1491 448 1734 500 mnnx

1648 604 1769 665 ginis
1822 603 1913 655 En.
1950 604 2018 661 iv,
2042 609 2087 654 1.
2110 608 2140 653 8
2192 603 2343 652 Venit
2375 602 2570 652 Chaerea
2618 603 2708 651 Ph.

1648 668 1901 716 Fraterne?
1943 668 2041 719 Do.
2079 668 2157 716 Ita
2202 669 2293 716 Eu.
2325 668 2392 723 iv,
2413 672 2460 719 4.
2482 672 2547 717 80
2587 669 2711 726 Quis

1647 731 1776 779 fuit?
1810 734 1904 799 Py.
1936 734 2035 781 Iste
2063 734 2273 797 ephebus
2304 732 2445 779 frater
2479 732 2707 780 Phtedriae

1649 796 1740 843 Eu.
1780 816 1827 860 v,
1848 805 1892 848 1.
1916 796 1948 846 8
2000 798 2108 847 Jam
2142 798 2283 845 frater
2312 796 2421 859 ipse
2452 797 2529 846 hic
2561 798 2713 845 aderit

1648 861 1837 924 virginis
1868 861 1960 911 Eu.
1984 878 2031 919 v,
2052 866 2102 912 2.
2125 866 2191 911 62
2223 861 2375 909 Adest
2392 869 2586 925 optume
2606 862 2711 925 ipse

1649 925 1791 974 frater
1820 926 1909 975 Eu.
1952 944 1996 983 v,
2020 932 2070 976 2.
2092 930 2157 976 66
2195 925 2285 974 Ine
2318 926 2397 973 ubi
2435 926 2487 973 id
2524 927 2713 973 rescivit

1649 988 1845 1052 facturn,
1880 992 2022 1039 frater
2056 990 2419 1038 violentissimus
2464 990 2554 1037 Eu.
2588 1006 2635 1045 v,
2658 996 2708 1038 5.

1654 1058 1716 1103 12
1749 1054 1909 1103 Frater
1926 1057 2012 1103 ubi
2034 1054 2116 1103 ubi
2138 1062 2209 1103 est
2242 1054 2333 1101 Eu.
2361 1072 2405 1111 v,
2430 1058 2477 1102 9.
2502 1059 2563 1104 12
2611 1054 2707 1103 Sed

1650 1118 1731 1165 ubi
1748 1126 1821 1167 est
1840 1120 2015 1169 frater?
2049 1119 2142 1168 Eu.
2170 1135 2217 1177 v,
2240 1124 2290 1168 9.
2308 1123 2375 1169 20
2414 1118 2621 1175 Quando
2640 1120 2711 1166 ita

1651 1183 1752 1230 volt
1770 1184 1913 1232 frater
1941 1184 2040 1231 Ad.
2062 1184 2135 1246 iii,
2156 1189 2206 1233 8.
2226 1188 2290 1233 88
2339 1184 2391 1232 Si
2420 1184 2539 1230 forte
2572 1184 2711 1231 frater

1652 1246 1860 1310 redierit,
1883 1248 1981 1296 viso
2027 1248 2126 1295 Ad.
2156 1249 2221 1305 iv,
2254 1252 2303 1297 2.
2330 1252 2391 1296 10
2446 1248 2535 1295 Est
2570 1247 2713 1295 frater

1653 1312 1817 1359 domi?
1865 1312 1961 1360 Ad.
1992 1313 2057 1369 iv,
2079 1317 2128 1362 2.
2154 1317 2214 1362 17
2266 1312 2360 1359 Sed
2398 1320 2531 1359 estne
2574 1312 2715 1359 frater

1652 1375 1815 1423 intus?
1846 1376 1940 1424 Ad.
1959 1376 2027 1438 iv,
2048 1382 2096 1426 2.
2119 1382 2185 1426 80
2220 1374 2271 1423 Si
2292 1376 2447 1431 frater,
2472 1386 2553 1421 aut
2574 1378 2715 1423 soda-

1655 1440 1713 1487 lis
1742 1448 1882 1497 esset,
1903 1442 1987 1505 qui
2010 1442 2155 1505 magis
2178 1456 2347 1487 morem
2370 1440 2581 1502 gereret?
2606 1440 2713 1493 Ad.

1655 1503 1720 1562 iv,
1742 1511 1793 1554 6.
1814 1510 1877 1556 74
1912 1506 2078 1553 Heus!
2114 1510 2249 1568 rogat
2287 1504 2443 1559 frater,
2477 1520 2536 1551 ne
2570 1505 2713 1551 abeas

1657 1569 1843 1631 longius
1874 1568 1970 1617 Ad.
1992 1586 2041 1631 v,
2064 1576 2111 1618 5.
2135 1576 2160 1619 1
2194 1569 2226 1618 J
2230 1568 2343 1615 ubet
2360 1568 2534 1615 frater?
2572 1568 2649 1615 ubi
2670 1568 2715 1615 is

1656 1634 1763 1681 est?
1798 1634 1895 1684 Ad.
1918 1651 1965 1689 v,
1985 1639 2033 1683 8.
2058 1639 2083 1683 1
2122 1634 2281 1681 Frater
2299 1643 2372 1680 est
2398 1634 2719 1695 expectandus

1656 1697 1774 1745 mihi
1808 1698 1898 1746 Ph.
1918 1698 1972 1756 ii,
1992 1704 2044 1749 4.
2066 1702 2131 1747 20
2162 1698 2239 1745 Ita
2270 1697 2457 1752 faciam,
2492 1704 2543 1743 ut
2576 1697 2719 1743 frater

1657 1761 1840 1810 censuit
1872 1762 1963 1813 Ph.
1988 1780 2036 1825 v,
2054 1766 2102 1811 2.
2132 1768 2189 1813 11
2237 1761 2307 1809 Te
2328 1760 2379 1807 in
2402 1763 2603 1821 genn-ani
2626 1760 2715 1808 fra-

1656 1824 1740 1873 tris
1759 1826 1906 1875 dilexi
1924 1827 2027 1876 loco
2061 1827 2123 1876 A.
2148 1826 2180 1883 i,
2204 1832 2254 1875 5.
2274 1830 2339 1875 67
2384 1826 2555 1873 Fratris
2575 1826 2715 1873 finam

1657 1891 1789 1955 (esse
1809 1892 1992 1953 aiebat)
2036 1890 2101 1939 A.
2132 1905 2180 1945 v,
2200 1894 2251 1939 4.
2272 1895 2339 1940 29
2383 1891 2537 1938 Duras
2567 1890 2717 1936 fratris

1658 1962 1811 2017 partes
1855 1955 2079 2019 praedicas
2130 1954 2223 2004 Eu.
2260 1954 2314 2011 ii,
2346 1959 2393 2005 8.
2424 1958 2491 2003 62
2546 1954 2716 2001 Fratris

1658 2019 1801 2082 igitur
1816 2019 1961 2070 Thais
1980 2028 2082 2068 tota
2103 2020 2211 2067 est?
2245 2018 2338 2066 Eu.
2358 2036 2405 2072 v,
2422 2024 2473 2067 9.
2497 2023 2557 2067 10
2606 2016 2717 2065 Fra·

1661 2083 1741 2131 tris
1760 2099 1835 2132 me
1856 2085 2053 2149 quidem·
2070 2084 2234 2147 pudet,
2254 2083 2478 2147 pigetque
2518 2082 2615 2132 Ad.
2646 2082 2721 2145 iii,

1660 2152 1710 2198 8.
1732 2152 1795 2198 87
1830 2148 2001 2197 Dicam
2021 2147 2175 2197 fratris
2194 2162 2299 2196 esse
2320 2148 2477 2195 hanc?
2522 2146 2617 2196 Ad.
2654 2148 2719 2206 iv,

1660 2216 1710 2261 4.
1734 2216 1793 2261 16
1831 2214 2093 2261 Phaedriam
2112 2210 2207 2259 mei
2227 2211 2383 2259 ftatris
2400 2211 2539 2259 video
2570 2210 2717 2258 fllium

1666 2274 1783 2323 mihi
1796 2275 1867 2324 ire
1888 2278 2071 2324 obviam
2103 2276 2195 2325 Ph.
2218 2274 2269 2331 ii,
2292 2281 2339 2324 1.
2356 2280 2419 2325 28
2457 2276 2571 2323 Meo
2590 2274 2720 2323 fratri

1697 2341 1849 2388 audeo
1872 2356 2073 2388 amorem
2094 2355 2196 2388 esse
2206 2354 2391 2387 ornnem
2408 2342 2455 2386 in
2470 2339 2722 2402 tranquillo

1712 2418 1760 2451 n.
1801 2420 1849 2460 v,
1866 2410 1914 2454 9.
1936 2410 1969 2453 8
2000 2405 2118 2453 Haec
2139 2405 2268 2452 sne-tri
2287 2420 2469 2451 mecum
2490 2419 2584 2451 non
2608 2420 2722 2451 con-

1664 2467 1861 2516 veniunt
1892 2468 1990 2517 Ad.
2017 2470 2055 2526 i,
2082 2474 2125 2520 1.
2148 2473 2213 2519 84
2246 2469 2399 2526 Quem
2422 2469 2550 2518 trau-i
2572 2469 2721 2532 adop·-

1664 2535 1859 2580 tandum
1902 2535 2075 2582 dedisti
2128 2533 2227 2582 Ad.
2271 2533 2345 2592 iii,
2375 2539 2425 2584 4.
2463 2539 2521 2582 17
2576 2533 2723 2580 Fratri

1666 2597 1791 2646 ades
1828 2599 1945 2646 fient
1982 2599 2155 2662 pervim
2188 2596 2286 2646 Ad.
2320 2615 2365 2655 v,
2387 2603 2436 2646 7.
2464 2603 2523 2648 14
2566 2598 2723 2646 Laetus

1665 2676 1786 2718 sum,
1806 2661 1934 2710 fratri
1956 2663 2194 2727 obtigisse,
2218 2664 2347 2725 quod
2372 2663 2471 2710 volt
2504 2663 2591 2710 1²11.
2612 2667 2724 2719 v,4.

1666 2730 1693 2775 1
1746 2727 1836 2774 Me
1866 2726 1970 2790 ejus
2000 2743 2136 2790 spero
2168 2728 2351 2774 fratrem
2388 2728 2724 2789 propemodum

1660 2789 1760 2852 jam
1784 2792 2041 2855 repperisse
2074 2791 2165 2841 Eu.
2187 2792 2221 2850 i,
2242 2797 2291 2840 2.
2313 2796 2406 2841 128
2440 2791 2609 2839 Metuo
2632 2791 2726 2850 fra·

1668 2861 1802 2916 trem,
1839 2871 1901 2904 ne
1936 2855 2063 2902 intus
2102 2857 2165 2904 sit
2197 2855 2288 2903 Eu.
2322 2855 2393 2914 iii,
2416 2861 2462 2904 5.
2483 2859 2548 2904 62
2581 2854 2724 2902 Unde

1668 2919 1809 2982 igitur
1834 2921 2021 2968 fratrem
2053 2935 2209 2968 meum
2243 2936 2343 2968 esse
2374 2920 2585 2969 sciebas?
2633 2919 2725 2966 Eu.

1666 2984 1734 3039 iv,
1768 2987 1815 3032 4.
1851 2989 1913 3033 88
1968 2984 2188 3034 Vidistin'
2224 2984 2409 3033 fratrem
2448 2983 2726 3033 Chaeream?

1671 3047 1761 3094 Eu.
1781 3047 1849 3104 iv,
1870 3053 1920 3097 4.
1941 3052 2007 3097 46
2048 3048 2168 3104 Scis,
2186 3047 2373 3095 fratrem
2394 3049 2498 3112 ejus
2520 3063 2621 3096 esse
2643 3063 2728 3110 ap·

1670 3111 2729 3237 a2ffi⁰vz¹53¹22¹3¹523¹3p22321{⁰A35‘zf25‘1‘5

1670 3239 1901 3297 Arbitror,
1920 3242 2106 3287 fratrem
2128 3238 2304 3286 homini
2324 3239 2497 3286 nemini
2514 3251 2615 3286 esse
2633 3239 2727 3302 pri*

1670 3319 1847 3352 marum
1870 3304 2035 3352 artium
2054 3304 2202 3366 magis
2230 3303 2491 3367 principem
2543 3302 2641 3350 Ad.
2678 3304 2731 3366 ii,

1670 3373 1719 3418 8.
1740 3375 1773 3418 6
1806 3369 1904 3427 Qui
1924 3369 2115 3434 quidem
2136 3375 2187 3415 te
2200 3368 2396 3416 habeam
2411 3369 2597 3416 fratrem
2629 3367 2729 3419 Ad.

1668 3434 1725 3493 ii,
1747 3437 1797 3482 4.
1822 3440 1851 3484 4
1877 3432 2086 3481 Adortus
2100 3431 2258 3495 jurgio
2279 3433 2462 3480 fratrem
2477 3432 2575 3482 Ad.
2590 3432 2663 3488 iii,
2680 3437 2730 3484 8.

1670 3502 1735 3546 60
1768 3498 1973 3547 Fratrem
1990 3497 2283 3555 conveniam,
2300 3497 2456 3560 Hegio
2476 3495 2575 3544 Ad.
2596 3497 2667 3554 iii,
2683 3500 2732 3545 4.

1671 3567 1735 3626 68
1768 3563 1875 3620 Ibo,
1898 3579 1953 3612 ac
1974 3562 2203 3626 requiram
2222 3562 2428 3624 fratrem,
2451 3568 2503 3608 ut
2536 3559 2634 3608 Ad.
2656 3560 2732 3619 iii,

1671 3630 1721 3676 4.
1741 3631 1803 3676 66
1838 3627 2044 3676 Fratrem
2064 3640 2291 3690 nusquam
2310 3625 2503 3673 invenio
2520 3625 2731 3689 gentium

1674 3688 1773 3740 Ad.
1794 3691 1858 3755 iv,
1876 3696 1926 3740 2.
1947 3697 1974 3740 1
2008 3691 2131 3739 Tute
2152 3691 2283 3738 dicas
2302 3690 2512 3739 mulieri:
2534 3691 2733 3753 suspici-

1673 3769 1813 3804 onem
1829 3763 2019 3819 propter
2035 3755 2221 3803 fratrem
2236 3755 2340 3819 ejus
2354 3771 2457 3803 esse
2488 3755 2590 3804 Ad.
2606 3755 2669 3815 iv,
2685 3759 2734 3804 8.

1674 3823 1709 3869 9
1754 3819 1926 3883 Neque
1946 3820 2133 3867 fratrem
2155 3821 2297 3868 homo
2318 3821 2487 3868 vidisse
2509 3836 2559 3868 se
2578 3820 2733 3868 aiebat

1706 3884 1917 3948 uisquam
1952 3883 2049 3933 Ad.
2062 3884 2129 3946 iv,
2146 3888 2199 3933 6.
2219 3888 2252 3933 4
2286 3885 2489 3933 Fratrem
2512 3881 2731 3946 majorem

1698 3949 1923 3996 'hremem
1945 3948 2157 3996 nostin’?
2191 3949 2281 3997 Ph.
2300 3949 2338 4011 i,
2359 3954 2409 3998 2.
2436 3953 2494 3997 18
2534 3947 2732 3994 Fratrem

1674 4014 1767 4061 huc
1790 4014 1914 4060 senis
1936 4012 2195 4060 introduxit
2226 4013 2313 4061 Ph.
2349 4030 2394 4068 v,
2417 4017 2465 4060 6.
2490 4017 2551 4060 26
2600 4009 2733 4056 Nihil

1676 4084 1749 4125 est
1766 4077 1947 4126 Thaide
1967 4079 2056 4125 hac
2078 4084 2175 4132 tua,
2206 4077 2363 4132 frater,
2396 4076 2582 4138 dignius
2604 4073 2733 4136 quod

1676 4150 1857 4190 ametur
1908 4142 2000 4192 Eu.
2025 4157 2070 4198 v,
2090 4145 2143 4190 9.
2164 4145 2227 4190 21
2278 4141 2325 4188 Ο
2363 4138 2527 4187 frater!
2552 4138 2732 4185 'fi-ater!

1676 4205 1774 4258 Ad.
1794 4207 1848 4269 ii,
1868 4210 1915 4255 8.
1937 4211 1967 4255 8
2002 4206 2209 4264 Quando
2236 4218 2431 4252 evenere
2453 4204 2554 4250 haec
2578 4202 2733 4255 nobis,

1677 4271 1817 4320 frater
1831 4287 2054 4336 prospere
2087 4271 2177 4319 Pb.
2216 4285 2261 4324 v,
2284 4273 2334 4318 7.
2358 4273 2389 4316 2
2443 4267 2508 4314 Ex
2544 4283 2621 4316 me
2657 4268 2735 4314 hic

1678 4351 1774 4385 non
1796 4344 1933 4384 natus
1950 4343 2037 4392 est,
2060 4335 2143 4382 sed
2162 4349 2221 4382 ex
2242 4333 2381 4379 fratre
2421 4330 2518 4382 Ad.
2544 4333 2579 4395 i,
2601 4336 2646 4381 1.
2672 4337 2731 4381 15
