3192 4975
1191 459 1271 508 IN
1322 457 1802 509 Tunnnvrum.

411 611 643 660 fite-mini
656 613 754 660 sine
778 610 951 676 periclo
974 623 1077 659 esse
1108 609 1233 658 Hea.
1252 609 1307 671 ii,
1330 615 1379 660 8.
1394 613 1467 666 97,

480 676 730 726 Conflicto.
792 676 897 725 Nec
934 691 1042 724 cum
1080 673 1353 737 huju-odi
1373 675 1469 723 un·'

409 757 552 806 quarn
586 755 696 788 usus
730 741 877 798 venit,
916 748 972 788 ut
1008 739 1301 788 conflictares
1338 740 1475 806 malo·

410 805 505 855 Pb.
525 805 599 859 iii,
619 809 668 853 2.
688 809 754 854 20

474 868 747 918 conflictor.
828 868 955 916 Nam
994 869 1077 930 qni
1116 883 1224 916 cnm
1261 866 1465 932 ingeniis

411 933 704 982 conflictatur
724 931 959 996 ejusmodi
991 931 1056 981 A.
1078 933 1114 987 i,
1138 937 1185 983 1.
1206 936 1272 981 66

474 997 658 1048 Confio.
724 998 863 1060 Soepe
900 1013 959 1045 ex
986 996 1260 1060 hujusmodi
1276 1011 1325 1043 re
1346 1009 1461 1056 qua·

408 1061 863 1175 Rfflzssssfflssi'?
860 1060 979 1172 {51³⁹
974 1062 1239 1174 {⁰'2m35m
1260 1059 1462 1108 “¹⁰³³“

472 1190 733 1254 Coniugio.
806 1189 949 1238 Nunc
986 1160 1078 1237 h'uc
1118 1189 1333 1250 confugit
1366 1187 1462 1237 He.

406 1255 487 1315 iii,
507 1259 556 1304 8.
568 1258 635 1304 24
668 1254 837 1316 Neque
860 1261 911 1301 tu
933 1254 1116 1302 scilicet
1132 1269 1189 1302 eo
1208 1268 1333 1301 nunc
1349 1267 1463 1301 con-

405 1318 565 1382 fugies
596 1318 719 1368 Hea.
738 1320 807 1374 iv,
827 1324 874 1367 6.
912 1322 975 1367 46
1026 1318 1251 1373 Memini,
1287 1319 1348 1365 ad
1391 1332 1465 1364 me

406 1391 553 1430 nocte
584 1383 733 1442 prima
763 1382 1015 1446 confugere
1045 1382 1342 1432 anhelantem
1376 1382 1465 1428 do-

406 1463 537 1496 mum
569 1446 666 1494 He.
684 1462 730 1503 v,
752 1450 799 1495 8.
820 1451 883 1496 26

474 1511 699 1568 Confuto.
724 1541 729 1548 -
768 1510 1047 1559 Confutavit
1094 1510 1246 1558 verbis
1302 1511 1465 1558 admo-

410 1576 523 1628 dum
544 1574 713 1622 iratum
733 1582 912 1638 patrem
947 1576 1038 1624 Pb.
1072 1575 1143 1632 iii,
1167 1579 1217 1623 1.
1243 1578 1301 1623 18
1352 1573 1465 1630 Hic,

409 1638 481 1688 ita
499 1647 553 1688 ut
577 1639 751 1687 liberos
772 1647 845 1687 est
864 1654 1067 1703 aquom,
1090 1639 1231 1687 dictis
1251 1638 1467 1687 confuta·

412 1705 537 1753 bitur
567 1703 691 1754 Heu.
713 1719 760 1760 v,
783 1708 828 1753 1.
849 1708 917 1753 76

477 1768 667 1831 Conger
685 1768 761 1815 vel
785 1767 1017 1830 Congrus.
1067 1768 1305 1830 Congrum
1326 1767 1467 1814 istum

409 1833 661 1947 :nagistrum
682 1833 735 1880 in
756 1847 879 1896 aqua
902 1832 1041 1880 sinito
1072 1833 1233 1880 ludere
1266 1829 1364 1879 Ad.
1396 1831 1468 1888 iii,

428 1989 437 1996 ·
478 1957 711 2024 Congero.
778 1959 899 2009 Cum
921 1960 973 2007 in
995 1958 1219 2020 cellulam*
1233 1959 1291 2007 ad
1317 1966 1363 2007 te
1385 1975 1468 2022 pa-

413 2027 499 2074 tris
513 2041 687 2090 penum
722 2039 907 2073 omnem
930 2025 1241 2086 congerebam
1274 2023 1466 2072 clancu-

417 2091 521 2138 lum·
546 2089 639 2138 Eu.
658 2090 715 2145 ii,
736 2094 785 2138 8.
811 2094 875 2139 18
906 2088 915 2096 ’

478 2154 788 2217 conglutino.
830 2151 1127 2200 Meretricios
1149 2166 1327 2200 amores
1346 2166 1469 2214 nup-

416 2218 495 2268 tiis
518 2219 813 2282 conglutinas
832 2218 849 2264 ?
883 2215 945 2264 A.
968 2233 1014 2273 v,
1036 2221 1085 2265 4.
1108 2221 1171 2266 10
1488 2260 1493 2264 .

479 2282 785 2348 congredior.
819 2281 1119 2345 Congredere
1140 2287 1353 2330 actutum
1378 2277 1469 2336 Pb.

412 2364 461 2404 v,
484 2353 534 2398 θ.
556 2353 621 2397 12

484 2412 722 2474 congruo.
787 2411 967 2459 Mulier
980 2407 1165 2458 mulieri
1186 2409 1333 2472 magis
1354 2423 1470 2456 con·

415 2477 540 2543 gruit
560 2477 649 2525 Ph.
668 2476 736 2534 iv,
758 2482 807 2528 5.
846 2479 908 2526 14
958 2475 1135 2524 Omnes
1172 2481 1437 2539 congruunt
1457 2489 1469 2521 ι

416 2558 561 2590 unum
582 2542 828 2604 cognorisz
864 2556 1025 2591 omnes
1046 2540 1173 2587 noris
1205 2539 1296 2587 Ph.
1332 2538 1385 2595 ii,
1425 2543 1470 2587 1.

418 2610 483 2655 84
532 2606 757 2655 Concede
794 2605 905 2655 hinc
928 2606 1136 2661 domum,
1158 2618 1220 2650 ne
1242 2618 1329 2650 nos
1347 2602 1473 2650 inter

418 2686 505 2717 nos
524 2685 782 2733 congruere
802 2669 1007 2717 sentiant
1037 2669 1163 2716 Hea-
1182 2666 1252 2723 iii,
1270 2671 1317 2716 1.
1341 2671 1403 2715 91

462 2732 735 2801 'Conjectm
757 2797 768 2807 ·
800 2734 971 2797 Neque
1008 2734 1104 2781 scio
1140 2731 1257 2794 quid
1300 2730 1472 2784 dicam,

419 2800 944 2925 Ψέἳιιιῖῇῖοἳῗιᾞῗοωὲι
957 2796 1478 2931 Eguilliliis⁴ct⁶rnjectura

417 2927 559 2977 facile
580 2928 637 2973 fit
656 2926 753 2972 Ad.
773 2941 819 2979 v,
843 2928 891 2972 8.
912 2928 977 2972 86
1016 2923 1123 2979 'Qui
1161 2928 1476 2982 conjecturam

418 2994 543 3040 hanc
560 3004 689 3037 nunc
704 2988 831 3035 facio
847 2986 911 3033 A.
933 2987 1003 3047 iii,
1016 2991 1064 3035 2.
1078 2992 1142 3035 82
1166 2986 1407 3041 Quantum
1421 3000 1477 3031 ex

415 3058 525 3119 ipsa
532 3070 583 3101 re
600 3052 915 3115 conjecturam
930 3050 1139 3113 cepimus
1154 3049 1274 3096 Hea.
1292 3048 1343 3103 ii,
1354 3053 1401 3098 3.
1415 3052 1477 3096 25

416 3120 526 3185 Ego
544 3119 609 3165 de
628 3132 705 3165 me
713 3116 837 3164 facio
854 3115 1171 3179 conjecturam
1198 3112 1318 3161 Hea.
1340 3112 1414 3169 iii,
1428 3117 1479 3163 8.

488 3245 729 3311 Conjicio.
766 3246 1005 3309 Suspicor.
1050 3240 1217 3292 Annos
1238 3241 1482 3302 sexaginta

421 3320 559 3359 natus
578 3328 648 3368 es,
668 3320 753 3359 aut
772 3311 877 3374 plus
914 3325 991 3366 eo,
1025 3316 1081 3371 ut
1115 3305 1322 3368 conjicio
1354 3304 1479 3355 flea.

423 3377 463 3434 i,
488 3381 535 3423 1.
556 3381 615 3424 n
648 3374 719 3422 Tu
743 3374 971 3437 conjicito
992 3381 1149 3421 cetera
1169 3372 1260 3420 Ph.
1284 3371 1318 3426 i,
1343 3375 1392 3419 8.
1419 3376 1479 3419 14

424 3440 627 3503 Nequeo
668 3441 781 3489 satis
821 3438 995 3495 mirari,
1050 3450 1206 3499 neque
1246 3434 1481 3499 conjicere

428 3504 522 3551 Eu.
540 3504 614 3557 iii.
636 3508 685 3553 4.
707 3508 741 3554 9

495 3567 735 3631 Conjicio.
767 3568 921 3617 Jacio.
987 3564 1048 3612 In
1084 3563 1277 3627 nuptias
1297 3561 1484 3625 conjeci

427 3631 617 3681 herilem
640 3632 789 3680 filium
810 3631 907 3680 Ad.
928 3630 1002 3689 iii,
1018 3636 1066 3679 4.
1087 3632 1150 3677 28
1185 3627 1245 3674 In
1261 3628 1389 3690 quod
1408 3642 1484 3674 me

428 3695 615 3759 conjeci
636 3698 842 3744 malum?
876 3696 972 3746 He.
1012 3695 1047 3751 i,
1069 3699 1118 3743 2.
1155 3696 1217 3741 57
1271 3690 1369 3747 Qui
1407 3706 1483 3739 me

427 3760 573 3809 hodie
607 3778 664 3808 ex
692 3761 1073 3823 tranquillissima
1093 3773 1143 3806 re
1166 3754 1413 3818 conjecisti
1432 3755 1482 3801 in

428 3826 620 3887 nuptias
651 3824 717 3875 A.
736 3825 813 3881 iii,
833 3831 880 3873 ⁵.
920 3830 983 3873 14
1033 3823 1147 3870 Haec
1179 3820 1262 3867 ubi
1300 3819 1486 3882 aperuit

430 3888 622 3945 ostium,
645 3891 873 3937 continuo
906 3888 989 3936 hic
1024 3903 1073 3935 se
1112 3884 1321 3961 conjecit
1360 3882 1483 3930 intro

430 3952 556 4004 Hea.
578 3954 635 4016 ii,
654 3957 702 4002 8.
719 3958 785 4004 86
815 3952 895 4001 Ne
917 3968 989 4000 me
1008 3951 1062 3999 in
1085 3951 1296 3998 laetitiam
1318 3948 1486 3995 frustra

428 4016 657 4081 conjicias
679 4018 799 4067 Hea.
823 4018 875 4073 ii,
897 4022 946 4067 8.
971 4021 1030 4065 61
1088 4014 1167 4062 Ne
1187 4012 1323 4060 mein
1344 4012 1486 4059 breve

428 4080 659 4196 ffi’jidi’
688 4076 1487 4208 3²¹¹ffi¹÷¹32÷3²20⁶33ss322¹⁸233¹2

431 4210 545 4259 hinc
566 4180 643 4257 rire
676 4210 958 4273 conjicerem
1002 4208 1215 4271 protinus
1251 4207 1301 4252 in
1342 4207 1487 4267 pedes

433 4273 529 4323 Ph.
552 4275 589 4335 i,
610 4280 661 4326 4.
682 4279 745 4324 13
796 4276 849 4323 Si
886 4288 1048 4322 omnes
1071 4273 1196 4319 hunc
1220 4268 1487 4332 conjectum

435 4337 491 4385 in
512 4341 701 4403 nuptias
720 4340 899 4389 inimici
922 4339 1095 4387 vellent
1126 4334 1191 4385 A.
1214 4334 1278 4392 iv,
1302 4339 1347 4383 1.
1366 4337 1431 4382 48

2486 445 2592 512 lix.

1603 609 1914 674 eonjugium.
1978 607 2330 658 consuetudine
2352 615 2401 658 et
2421 611 2590 676 conju·

1539 675 1620 739 gio
1643 675 1821 723 liberali
1845 672 2116 722 devinctum
2147 672 2210 720 A.
2231 674 2304 730 iil,
2327 677 2374 724 8.
2395 679 2462 725 29
2603 671 2612 686 ”

1605 738 1730 802 Conj
1737 740 1901 788 uratio.
1947 739 2078 795 Quid
2093 739 2183 786 hoc
2197 754 2344 814 genus
2356 739 2460 787 est?
2481 756 2590 806 quo

1538 804 1641 851 haec
1662 812 1734 851 est
1753 803 2054 867 conjuratio?
2089 803 2180 849 He.
2201 803 2257 859 ri.
2278 808 2324 853 1.
2346 808 2373 852 l
2597 806 2606 818 ⁰

1605 867 1780 918 Conor.
1846 866 1915 916 At
1934 883 2025 932 ego
2059 867 2244 915 obviam
2264 867 2466 915 conabar
2486 869 2594 928 tibi,

1539 930 1678 981 Dave
1710 933 1803 983 Pb.
1820 932 1855 988 i,
1873 937 1923 983 2.
1946 936 1979 981 2
2027 931 2136 979 Scio
2173 933 2286 994 quid
2327 947 2493 981 conere
2526 932 2592 985 A.

1538 996 1606 1052 iv,
1628 1002 1678 1047 2.
1702 1001 1766 1046 20
1816 997 1868 1045 Si
1892 1011 2076 1045 sensero
2100 995 2245 1043 hodie
2267 995 2518 1059 quicquam
2542 999 2606 1045 in'

1540 1061 1613 1108 his
1649 1069 1698 1110 te
1729 1061 1908 1124 nuptiis
1940 1060 2140 1110 fallaciae
2162 1061 2337 1116 conari,
2360 1076 2456 1124 quo
2479 1060 2596 1110 fiant

1540 1126 1696 1172 minus
1727 1129 1790 1174 A.
1824 1126 1861 1184 i,
1895 1131 1945 1176 2.
1980 1129 2047 1174 26
2111 1124 2257 1184 Hem,
2289 1139 2445 1188 egone
2475 1125 2597 1174 istnc

1540 1190 1700 1238 conari
1723 1205 1890 1254 queam
1909 1191 1926 1236 ?
1947 1189 2011 1237 A.
2032 1189 2070 1250 i,
2087 1195 2133 1239 fi.
2152 1193 2216 1238 85
2249 1189 2426 1239 Conari
2447 1191 2596 1238 mani·

1540 1255 1647 1310 bus,
1671 1255 1887 1316 pedibus,
1908 1261 2166 1318 noctesque
2199 1261 2250 1302 et
2287 1253 2390 1302 dies
2427 1254 2494 1302 A.
2525 1255 2593 1313 ir,

1568 1377 1587 1388 ‘
1607 1383 1899 1447 Conqueror.
1975 1382 2148 1446 Neque
2182 1399 2295 1432 voce
2315 1382 2428 1440 alia,
2449 1397 2506 1431 ac
2523 1397 2596 1432 res

1542 1450 1780 1504 monebat,
1803 1448 1908 1511 ipsa
1930 1454 2113 1512 poterat
2134 1447 2359 1512 conqueri
2391 1445 2486 1496 He.
2525 1447 2595 1506 iii,

1609 1576 1899 1625 Conscindo.
1965 1575 2160 1624 Vestem
2194 1591 2380 1624 omnem
2413 1574 2594 1623 miser-ar

1541 1640 1766 1688 discidit:
1817 1649 1916 1688 tum
1958 1640 2106 1703 ipsam
2149 1635 2322 1704 capillo
2363 1640 2599 1688 conscidit

1542 1703 1636 1754 Eu.
1660 1705 1724 1759 iv.
1747 1707 1794 1753 8.
1815 1709 1846 1754 4
1882 1704 2030 1768 Virgo
2051 1704 2284 1752 conscissa
2298 1712 2426 1753 veste
2446 1705 2596 1752 lacru-

1541 1783 1676 1815 mans
1691 1768 1871 1817 obticet
1891 1769 1982 1818 Eu.
2003 1786 2050 1826 v,
2075 1774 2119 1817 1.
2142 1774 2173 1819 4

1608 1832 1856 1889 Conscius,
1879 1849 1925 1891 a,
1949 1849 2045 1883 nm.
2107 1833 2344 1881 Parturire
2367 1847 2488 1888 eam,
2511 1847 2596 1881 ne-

1541 1912 1636 2009 {¹³25
1657 1899 1894 2018 ἕεῗῗῗὲῗ
1915 1897 2600 2018 ²3tfissffm‘111303333’322‘3:

1542 2025 1657 2072 mihi
1678 2027 1894 2074 conscius
1917 2027 2015 2074 sis?
2051 2028 2142 2074 Ph.
2161 2027 2198 2083 i,
2217 2030 2266 2075 8.
2287 2032 2318 2075 4
2352 2024 2449 2074 Ubi
2466 2041 2596 2074 com-

1543 2089 1644 2151 peri
1665 2105 1722 2136 ex
1751 2090 1828 2146 iis,
1851 2091 1935 2154 qui
1971 2093 2015 2138 ei
2051 2091 2180 2138 fuere
2203 2088 2382 2138 conscii
2414 2089 2537 2136 Hea.
2557 2089 2598 2144 i.

1548 2157 1591 2201 1.
1613 2157 1679 2201 69
1727 2153 1849 2215 Ego,
1875 2153 1971 2216 pol,
1994 2169 2100 2215 quae
2133 2155 2249 2201 mihi
2271 2168 2371 2200 sum
2394 2153 2601 2210 conscia,

1543 2217 1636 2263 hoc
1659 2225 1786 2265 certo
1808 2219 1906 2264 scio
1949 2217 2041 2264 Eu.
2066 2218 2099 2273 i,
2122 2222 2170 2266 2.
2193 2221 2290 2266 119
2337 2216 2600 2278 Postremo,

1544 2283 1735 2345 q'uando
1758 2297 1846 2343 ego
1869 2282 2056 2330 conscia
2077 2281 2192 2329 mihi
2215 2297 2334 2336 sum,
2351 2295 2381 2328 a
2401 2296 2476 2329 me
2496 2281 2598 2329 eul-

1544 2361 1654 2409 pam
1675 2361 1775 2394 esse
1795 2347 1917 2394 hanc
1941 2347 2101 2409 procul
2135 2346 2231 2394 Ad.
2247 2346 2320 2401 iii,
2343 2349 2391 2394 2.
2416 2350 2482 2394 ⁵⁰

1610 2410 1884 2459 Consector.
1950 2411 2037 2459 Est
2056 2426 2203 2474 genus
2224 2409 2484 2467 hominum,
2514 2409 2599 2473 qui

1544 2490 1647 2524 esse
1685 2476 1855 2538 primos
1891 2492 1942 2524 se
1975 2477 2183 2525 omnium
2227 2491 2379 2524 rerum
2419 2473 2601 2534 volunt,

1545 2554 1635 2588 nec
1657 2549 1796 2589 sunt:
1828 2542 1914 2588 hos
1935 2552 2180 2590 consector
2211 2540 2303 2590 Eu.
2326 2540 2378 2597 ii,
2401 2544 2449 2589 2.
2469 2544 2533 2589 18

1568 2600 1577 2613 ⁴
1613 2606 1904 2669 Consequor.
1970 2605 2073 2669 Ego
2093 2620 2356 2667 consequor
2384 2604 2509 2652 Hea.
2545 2604 2603 2667 ii,

1545 2672 1594 2725 8.
1617 2672 1682 2717 86
1731 2668 1885 2716 Recta
1921 2684 2182 2730 consequor
2213 2669 2311 2719 He.
2344 2667 2416 2726 iii,
2450 2673 2498 2717 8.
2536 2673 2598 2718 12

1546 2731 1706 2780 Mater
1726 2734 2025 2795 consequitur
2055 2734 2149 2783 He.
2173 2734 2246 2790 iii,
2280 2736 2327 2781 8.
2368 2736 2431 2782 18
2477 2732 2600 2781 Cum

1547 2810 1650 2842 eam
1675 2796 1978 2859 consequitur
1997 2797 2176 2843 alienus
2199 2812 2318 2859 puer
2351 2796 2444 2844 He.
2464 2797 2532 2852 iv,
2547 2802 2599 2845 4.

1548 2862 1610 2907 27
1665 2860 1866 2907 Bacchis
1887 2867 2140 2907 consecuta
2160 2869 2232 2907 est
2267 2860 2378 2906 ilico
2411 2860 2532 2906 Hea.
2553 2876 2604 2917 v,

1552 2926 1597 2970 1.
1621 2927 1684 2972 82
1733 2923 1855 2979 Quae
1875 2932 2128 2972 consecuta
2147 2932 2219 2972 est
2247 2938 2350 2989 ‘nox
2381 2922 2476 2972 He.
2501 2922 2534 2979 i,
2557 2928 2606 2973 2.

1552 2990 1616 3035 62
1651 2986 1856 3034 Matrem
1893 2988 2043 3049 ipsam
2081 3004 2138 3035 ex
2173 2987 2447 3051 aegritudine
2464 2987 2603 3035 mise·

1554 3066 1651 3097 ram
1695 3066 1817 3097 mors
1853 3060 2105 3099 consecuta
2138 3059 2210 3099 est
2242 3052 2330 3101 Ph.
2362 3068 2409 3109 v,
2451 3056 2500 3101 1.
2539 3052 2604 3101 23

1552 3114 1645 3161 Sed
1668 3130 1810 3178 quam
1829 3116 1928 3163 cito
1949 3125 2058 3163 sunt
2069 3124 2334 3164 consecuta
2357 3115 2602 3163 mulieres!

1552 3178 1678 3231 Hea.
1701 3179 1756 3240 ii,
1777 3184 1826 3229 8.
1851 3184 1946 3229 184
1988 3180 2033 3235 1,
2071 3182 2224 3237 sodes,
2247 3180 2407 3240 intr03
2439 3195 2606 3228 conse-

1551 3258 1668 3305 quar
1695 3243 1796 3306 jam
1837 3252 1904 3306 te,
1923 3260 2030 3291 mea
2048 3254 2196 3294 mater
2227 3243 2324 3294 He.
2358 3244 2430 3302 iii,
2461 3248 2510 3293 2.
2539 3248 2606 3293 28

1554 3307 1712 3356 Hasce
1751 3309 2032 3357 ornamentis
2070 3318 2414 3374 consequentur
2449 3308 2607 3356 alterae

1553 3372 1676 3420 Hea.
1720 3374 1783 3429 iv,
1827 3378 1876 3423 7.
1913 3376 1947 3422 9
2001 3374 2207 3424 Necesse
2244 3383 2334 3431 est,
2376 3371 2607 3437 Clitipho,

1553 3436 1752 3485 consilia
1774 3439 2000 3503 consequi
2033 3440 2298 3488 consimilia
2330 3438 2451 3487 Hea.
2485 3440 2522 3496 i,
2559 3443 2608 3487 2.

1622 3565 1876 3616 Conserva.
1943 3568 2131 3619 Summa
2154 3568 2302 3616 forma
2337 3580 2607 3615 conservam

1556 3630 1683 3677 domi
1711 3630 1890 3679 videbit
1920 3630 2010 3682 Eu.
2047 3634 2102 3692 ii,
2139 3637 2187 3681 8.
2209 3637 2272 3682 74
2322 3632 2607 3680 Conservam

1556 3710 1658 3742 esse
1681 3696 1876 3744 credidi.
1909 3697 2003 3761 Py.
2037 3697 2319 3745 Conservam
2339 3700 2352 3741 l
2375 3694 2469 3743 Eu.
2494 3710 2540 3750 v,
2557 3697 2607 3742 2.

1621 3822 1878 3874 Conservo.
1913 3823 2290 3880 conservante,
2312 3830 2454 3885 atque
2473 3819 2603 3868 illam

1558 3885 1682 3934 Hea.
1701 3888 1768 3943 iv,
1790 3892 1834 3937 1.
1860 3893 1924 3937 40
1973 3886 2226 3946 Conserva,
2263 3902 2438 3951 quare,
2472 3900 2610 3949 parco

1557 3949 1658 3998 Ad·
1677 3968 1726 4007 V,
1750 3956 1798 4001 ⁸0
1818 3956 1880 4002 27
2539 3960 2542 3963 ι

1625 4016 1907 4067 Conservns.
1972 4016 2222 4065 Conservis
2241 4016 2300 4064 ad
2323 4015 2524 4063 eundem
2547 4011 2609 4061 is-

1558 4084 1672 4127 tunc
1691 4081 1912 4143 proecipio
1934 4083 2128 4128 modum
2159 4081 2256 4128 Ad.
2278 4078 2348 4137 iii,
2375 4084 2422 4128 8.
2440 4083 2505 4129 70

1625 4144 1902 4194 Considero.
1969 4144 2089 4193 Cum
2131 4152 2317 4209 egomet
2350 4160 2476 4194 nunc
2515 4158 2611 4190 me·

1558 4222 1668 4318 <firm
1721 4209 1770 4254 fn
1813 4208 1968 4256 animo
2011 4212 2153 4257 vitam
2197 4218 2322 4257 tuam
2369 4208 2613 4258 considero

1613 4287 1685 4319 ea.
1708 4273 1759 4328 ii,
1785 4278 1832 4323 4.
1856 4280 1885 4322 5
2269 4278 2275 4283 “
2381 4282 2390 4289 “

1625 4336 1904 4386 Consilium.
1971 4338 2231 4389 Consilium
2269 4338 2388 4388 illud
2428 4343 2606 4387 rectum
