3192 4975
1162 435 1243 484 m
1288 435 1740 486 TERENTIUM
1753 467 1768 484 .

436 575 650 634 Arrideo.
708 581 803 632 Sed
820 582 893 632 his
916 581 1036 632 ultro
1052 571 1233 632 arrideo
1265 582 1354 630 Eu.
1372 581 1429 638 ii,

365 651 422 698 2.
446 652 509 697 19
539 642 673 696 Nulli
692 645 857 696 laedere
880 662 949 704 os,
983 646 1181 696 arridere
1216 647 1432 696 omnibus

373 709 619 837 A‘kr'ssgss.
635 716 847 838 loArrige
881 789 1031 832 aures,
1071 773 1319 838 Pamphile
1368 773 1434 824 A.

372 854 421 895 v,
436 843 637 964 Arrigio.
700 901 984 978 Submonujt
1005 917 1079 976 me
1100 901 1333 976 Parmeno
1367 899 1433 948 ibi

370 965 1268 1094 {ffffizzffiesssssm‘zssi‘gssffit
1288 971 1360 1091 1⁸2⁵.
1369 969 1433 1080 ²2²1

376 1097 551 1206 18Διί.
616 1155 748 1213 Quid
790 1162 863 1206 est
898 1158 1025 1221 quod
1080 1157 1167 1206 tibi
1207 1172 1308 1206 mea
1362 1171 1435 1206 ars

370 1218 559 1269 efficere
600 1222 693 1268 hoc
734 1221 883 1284 possit
918 1221 1118 1285 amplius
1147 1221 1208 1271 A.
1238 1221 1276 1277 i,
1318 1224 1364 1269 1.
1399 1225 1433 1270 4

370 1281 540 1332 Habet
578 1283 752 1347 pudice
794 1285 1028 1347 eductam,
1063 1286 1270 1348 ignaram
1326 1284 1437 1334 artis

368 1347 649 1397 meretricia
679 1347 799 1396 Hea-
831 1348 884 1405 ii,
907 1353 953 1400 1.
989 1353 1049 1398 14
1095 1349 1145 1398 Si
1166 1365 1293 1410 *num
1327 1364 1436 1398 uam

370 1425 511 1460 avare
532 1411 728 1474 pretium
749 1412 891 1460 statui
910 1413 998 1462 arti
1014 1429 1132 1461 mem
1165 1411 1289 1461 Hea.
1350 1412 1433 1460 rol.

371 1478 441 1524 48
470 1475 565 1524 He.
585 1474 685 1524 Alt.
707 1475 833 1522 Prol.
863 1480 921 1526 41
972 1475 1137 1526 Nolite
1170 1477 1322 1526 sinere
1354 1491 1439 1540 per

371 1554 458 1585 vos
494 1546 637 1588 artem
669 1539 891 1589 musicam
924 1541 1132 1590 recidere
1164 1541 1227 1588 ad
1262 1555 1438 1604 paucos

373 1601 471 1654 He.
506 1601 609 1652 Alt.
644 1603 771 1651 Prol.
808 1607 872 1653 38
922 1603 983 1651 In
1023 1605 1179 1654 medio
1222 1603 1471 1652 omnibus·

370 1666 576 1730 palmam
597 1683 699 1716 esse
719 1667 937 1730 positam,
964 1669 1047 1733 qui
1072 1677 1219 1717 artem
1238 1673 1440 1716 tractant

374 1730 599 1779 musicam
632 1731 723 1780 Pb.
746 1731 874 1780 Prol.
906 1736 970 1782 18
1027 1732 1164 1781 Nihil
1185 1732 1302 1781 istac
1321 1746 1440 1792 opus

370 1801 451 1841 est
487 1801 585 1843 arte
616 1796 679 1842 ad
721 1796 845 1844 hane
886 1810 982 1843 rem
1012 1796 1074 1845 A.
1104 1797 1139 1854 i,
1164 1801 1210 1846 1.
1233 1803 1263 1846 5
1317 1795 1439 1844 Haec

372 1857 634 1922 (Bacchis)
655 1866 754 1907 arte
789 1861 1020 1908 tractabat
1047 1861 1195 1910 virum
1228 1860 1352 1910 Hea-
1387 1857 1439 1918 ii,

372 1925 421 1970 3.
448 1926 540 1972 126
574 1923 634 1972 Id
656 1929 754 1972 arte
775 1932 829 1972 ut
848 1923 1065 1987 corrigas.
1109 1925 1206 1976 De.
1244 1925 1437 1974 Correo-

372 1985 471 2034 tor!
512 2002 685 2051 nempe
723 1994 808 2037 tua
842 1995 939 2037 arte
980 1987 1151 2054 viginti
1181 1989 1319 2038 minae
1388 2005 1438 2036 ro

374 2047 574 2098 Psaltria
595 2051 769 2114 periere
802 2051 901 2102 Ad.
920 2051 987 2110 ir,
1006 2057 1059 2102 7.
1076 2058 1139 2103 23
1174 2061 1224 2102 et
1243 2058 1307 2104 24
1336 2005 1437 2104 ἑὸ·

376 2121 555 2162 motum
576 2116 637 2162 ab
658 2117 834 2176 studio,
858 2123 999 2180 atque
1022 2117 1082 2164 ab
1103 2117 1279 2177 labore,
1298 2124 1440 2179 atque

371 2185 475 2227 arte
503 2179 682 2228 musica
713 2180 808 2230 He.
828 2179 931 2228 Alt.
953 2179 1081 2230 Prol.
1118 2186 1178 2231 16
1234 2179 1440 2228 Fratrem

374 2241 557 2319 homini
601 2244 780 2320 pemiui
820 2260 921 2293 esse
955 2243 1223 2320 ‘primarum
1270 2245 1438 2294 artium

374 2321 453 2446 {na
486 2322 812 2422 ”affligit-pen&
835 2308 1195 2422 ΐοῖὶὲιτὶῗοίῇιιᾶ
1226 2371 1352 2428 vide,
1386 2379 1441 2420 ut

374 2449 427 2482 sn
449 2435 463 2482 i
502 2451 553 2484 so
575 2436 771 2485 articulo
792 2438 1051 2501 oppressit!
1086 2436 1187 2486 Ad.
1211 2436 1325 2494 ἰί,2.
1342 2440 1402 2486 21

378 2566 405 2615 ι
494 2501 644 2551 rtifex.
708 2500 753 2551 Ο
775 2503 995 2552 artificem
1019 2502 1245 2567 probum!
1274 2500 1363 2553 Ph.
1386 2502 1439 2559 ii,

446 2626 561 2676 Arx.
626 2629 686 2676 In
730 2645 881 2679 arcem
923 2636 1183 2679 transcurso
1217 2644 1336 2691 opus
1371 2638 1443 2677 est

376 2692 488 2741 Par.
522 2691 615 2743 Cui
636 2694 849 2743 homini?
905 2694 993 2745 Pa.
1046 2694 1169 2743 Tibi.
1220 2694 1331 2742 Par.
1382 2693 1442 2741 In

378 2758 561 2804 arcem!
616 2758 731 2821 quid
770 2760 862 2807 eo?
917 2758 1014 2808 He.
1058 2758 1128 2814 iii,
1170 2762 1219 2807 4.
1266 2761 1343 2806 17.
1380 2761 1443 2806 18

378 2818 632 2883 Hospitem
652 2822 767 2869 dum
790 2830 1011 2885 exspecto
1031 2822 1080 2869 in
1100 2837 1206 2869 arce
1236 2820 1443 2869 Callide-

377 2883 558 2932 midem
591 2884 688 2934 He.
712 2901 759 2941 ν,
781 2891 829 2934 3.
851 2891 881 2934 3

444 2947 687 2996 Ascendo.
750 2948 825 2995 Ibi
862 2948 1063 2995 ascendo
1101 2947 1154 2995 in
1196 2947 1445 3009 quemdam

375 3012 621 3059 excelsum
641 3011 797 3058 locum
827 3010 890 3058 A.
911 3011 964 3071 ii,
985 3015 1033 3059 2.
1057 3014 1121 3059 19
1155 3010 1315 3057 Abiit:
1360 3026 1444 3073 pe·

376 3075 459 3123 tiit
476 3091 491 3121 ι
511 3091 679 3124 navem
702 3075 913 3123 ascendit
944 3073 1039 3121 Ad.
1059 3074 1126 3131 iv,
1149 3080 1197 3125 5.
1218 3078 1284 3123 69

446 3138 581 3188 Asia.
647 3140 733 3189 Me
768 3156 827 3187 ue
858 3140 907 3186 in
940 3136 1103 3185 Asiam
1146 3154 1443 3203 persequens,

380 3204 695 3267 proficiscitur
778 3236 791 3253 .
815 3220 861 3260 v,
881 3206 929 3252 4.
950 3207 1013 3253 32
1069 3202 1128 3249 In
1150 3203 1312 3251 Asiam
1334 3203 1445 3253 hinc

382 3268 480 3315 abii
503 3276 691 3332 propter
712 3268 981 3332 pauperiem
1014 3265 1137 3315 Hea.
1163 3268 1197 3323 i,
1218 3272 1264 3316 1.
1288 3272 1353 3316 69
1383 3268 1444 3315 In

383 3330 547 3379 Asiam
569 3335 627 3380 ad
651 3348 805 3395 regem
827 3332 1078 3381 militatum
1098 3331 1213 3379 abiit
1250 3331 1372 3381 Hea.
1408 3334 1444 3389 i,

384 3399 437 3445 1.
460 3400 523 3444 6⁵
557 3396 752 3451 Audivi,
773 3411 873 3444 esse
893 3396 943 3442 in
964 3394 1079 3443 Asia
1109 3396 1233 3443 Hea.
1253 3396 1287 3452 i,
1310 3400 1359 3443 2.
1380 3400 1411 3445 7

451 3458 644 3511 Asinus.
710 3461 831 3517 Quae
855 3466 964 3508 sunt
994 3459 1123 3509 dicta
1154 3460 1204 3506 in
1236 3460 1447 3521 stultum,

382 3524 583 3581 caudex,
602 3524 661 3573 sti
698 3541 767 3587 es,
786 3525 959 3578 asinus,
979 3522 1223 3585 plumbeus
1255 3524 1375 3571 Hea-
1397 3541 1446 3582 v,

389 3591 437 3636 1.
459 3593 490 3638 4
523 3588 667 3637 Flabe
686 3590 782 3637 lum
803 3596 961 3637 tenere
982 3594 1031 3635 te
1063 3587 1245 3635 asinum
1264 3594 1447 3635 tantum

389 3648 481 3701 Eu.
522 3652 590 3710 iii,
612 3660 663 3705 5.
693 3660 758 3703 50
807 3653 973 3709 Quid?
1027 3662 1081 3701 tu
1123 3658 1278 3699 autem
1320 3651 1448 3708 huic,

388 3715 534 3775 asine,
556 3718 822 3767 auscultas?
860 3717 959 3779 Ad.
983 3736 1029 3777 v,
1052 3723 1101 3769 8.
1128 3720 1191 3766 12

455 3779 683 3845 Aspecto.
748 3782 897 3831 Satin'
934 3782 1105 3831 sanus?
1156 3779 1270 3843 quid
1302 3794 1375 3827 me
1397 3794 1447 3829 a·

387 3847 606 3907 spectas?
641 3846 733 3895 Eu.
754 3848 829 3906 iii,
849 3852 898 3895 5.
919 3851 979 3897 11

454 3906 625 3973 Asper,
648 3926 693 3969 a,
716 3928 815 3960 um.
880 3911 959 3961 Sic
998 3914 1105 3967 hoc,
1147 3907 1341 3969 dicens3
1374 3922 1447 3955 as-

391 3986 575 4034 perum,
611 3984 761 4039 pater,
794 3976 889 4022 hoc
910 3983 1015 4035 est;
1047 3974 1178 4023 aliud
1199 3972 1352 4020 lenius
1372 3987 1447 4019 so-

391 4037 477 4085 des
500 4040 609 4087 vide
642 4039 765 4089 Hes.
787 4039 859 4095 iii,
882 4043 928 4088 1.
947 4044 1013 4091 49

393 4162 406 4175 ·
454 4101 713 4166 Aspernor.
777 4102 933 4161 Quam
964 4104 1005 4153 is
1043 4106 1313 4167 aspernatur
1350 4107 1447 4152 tam

391 4163 681 4217 1uiberaliter
712 4168 804 4218 Ph.
826 4168 879 4225 ii,
903 4172 952 4218 3.
975 4172 1040 4222 24

457 4231 531 4280 As
566 4232 677 4281 icio.
740 4232 881 4281 Forte
900 4248 1042 4281 unam
1060 4229 1241 4293 aspicio
1263 4226 1445 4277 adoles·

396 4303 507 4345 cent
557 4312 633 4347 am
669 4295 785 4355 Λή,
808 4302 935 4349 1.91
994 4293 1218 4345 Accessit
1249 4294 1375 4343 intro
1396 4307 1445 4340 a·

2365 443 2563 490 XXXV

1506 582 1640 646 spexi
1676 581 1740 630 A.
1781 579 1836 638 ii,
1877 585 1927 631 2.
1970 584 2036 630 28
2081 579 2268 644 Tremo,
2287 585 2452 632 horreo
2485 601 2566 644 ue,

1509 651 1759 710 postquam
1780 645 1942 710 aspexi
1974 645 2096 694 hanc
2125 644 2220 696 Eu.
2254 645 2292 704 i,
2315 653 2362 698 2.
2385 653 2416 698 4
2529 650 2562 697 d

1509 718 1758 774 postquam
1780 709 1960 773 aspexi,
1979 709 2094 757 ilico
2116 709 2316 774 cognovi
2353 711 2475 763 Hes.
2495 713 2564 772 iv,

1513 777 1558 822 1.
1580 778 1643 824 43
1679 775 1939 848 Postquam
1960 774 2140 838 aspexi,
2159 791 2189 820 o
2209 775 2391 823 facinus
2408 775 2566 840 indig-

1510 839 1655 886 num!
1689 837 1782 886 He.
1814 838 1886 894 iii,
1921 841 1971 886 8.
2003 843 2068 886 16
2139 835 2394 902 Postquam
2415 855 2491 888 me
2512 855 2564 890 a·

1511 917 1700 964 spexere
1735 901 1916 950 ancillo
1945 900 2190 950 advenisse
2225 901 2317 950 He.
2352 901 2428 965 iii,
2464 908 2512 953 3.
2533 909 2566 956 7

1510 965 1636 1014 Hem
1661 965 1672 1012 Ξ
1708 964 1907 1021 Demea,
1945 964 2074 1012 haud
2095 979 2362 1028 aspexeram
2385 974 2432 1014 te
2465 966 2566 1018 Ad.

1509 1029 1580 1088 iii,
1605 1034 1652 1078 3.
1673 1033 1739 1080 19
1789 1029 2025 1086 Clamant,
2060 1029 2218 1078 venit!
2251 1029 2304 1078 id
2327 1031 2454 1092 quod
2490 1047 2566 1081 me

1511 1101 1706 1156 repente
1751 1100 2027 1157 aspexerant
2062 1091 2155 1142 He.
2177 1091 2250 1149 iii,
2271 1097 2322 1144 8.
2346 1099 2379 1144 8
2423 1093 2568 1154 Vide,

1510 1155 1707 1205 amabo!
1742 1157 1782 1205 si
1816 1173 1930 1214 non,
1968 1172 2075 1206 curn
2097 1155 2314 1219 aspicias,
2338 1173 2392 1206 os
2411 1157 2570 1222 impu·

1510 1223 1629 1270 dens
1650 1221 1836 1270 videtur
1867 1221 1959 1271 Eu.
1981 1238 2028 1278 v,
2054 1225 2101 1270 1.
2123 1225 2189 1271 22
2235 1219 2333 1268 Sibi
2357 1237 2464 1270 com
2498 1222 2566 1270 la-

1511 1285 1656 1334 citam
1677 1285 1892 1343 formam,
1915 1291 2163 1350 postquam
2185 1285 2420 1348 aspexerit
2495 1301 2567 1336 ea.

1510 1349 1579 1406 ir,
1603 1353 1728 1398 &25

1577 1411 1805 1475 Asporto.
1870 1410 2076 1475 Quoquo
2111 1411 2224 1460 binc
2256 1428 2282 1460 a
2343 1409 2572 1460 ortabitur

1511 1482 1750 1534 terrarum,
1770 1481 1948 1524 eertum
1969 1483 2042 1524 est
2062 1477 2279 1542 persequi
2391 1508 2406 1525 .
2427 1475 2500 1541 iii,
2518 1479 2570 1526 8.

1577 1601 1823 1652 Assentor.
1918 1601 2154 1666 Imperavi
2209 1610 2396 1666 egomet
2449 1602 2567 1650 mibi

1512 1667 1673 1715 omnia
1692 1666 1914 1716 assenttwi
1946 1667 2036 1714 Eu.
2058 1667 2111 1723 ii,
2135 1670 2182 1716 2.
2207 1671 2270 1716 22
2321 1665 2446 1714 Nam
2483 1665 2567 1730 qui

1511 1732 1623 1781 huic
1635 1732 1842 1779 animum
1855 1731 2078 1778 assentari
2088 1731 2322 1778 induxeris
2333 1729 2423 1782 Eu.
2437 1730 2507 1786 iii,
2519 1735 2568 1780 2.

1513 1799 1577 1844 37
1627 1795 1706 1844 Ne
1724 1795 1780 1844 id
1801 1794 2068 1842 assentandi
2087 1793 2254 1858 magis,
2292 1809 2432 1868 quam
2500 1810 2564 1842 uo

1513 1859 1710 1908 habeam
1805 1866 1944 1924 ⁸tum,
1988 1857 2142 1908 facere
2184 1859 2423 1906 existimes
2513 1859 2566 1907 d.

1511 1921 1563 1980 ii,
1584 1929 1636 1974 4.
1657 1928 1691 1973 6
1764 1925 1794 1972 d
1818 1939 1914 1972 non
1935 1923 2036 1972 fieri
2056 1938 2113 1970 ex
2138 1937 2246 1970 vers
2268 1922 2382 1980 vita,
2403 1923 2488 1970 sed
2507 1937 2566 1970 ex

1511 1988 1811 2045 assentando,
1830 1987 2120 2052 indulgendo
2153 1985 2253 2036 Ad.
2275 2003 2325 2048 v,
2347 1990 2397 2036 9.
2421 1990 2483 2037 31

1577 2051 1833 2116 Assequor.
1900 2050 2180 2114 Assequere,
2192 2066 2250 2099 ac
2269 2049 2433 2107 retine,
2451 2049 2565 2098 dum

1512 2115 1607 2164 huc
1627 2131 1782 2162 servos
1803 2130 1948 2164 evoco
1983 2114 2072 2161 Ph.
2093 2130 2139 2168 v,
2161 2118 2210 2162 7.
2235 2117 2300 2162 89

1579 2177 1767 2226 Assero.
1831 2176 1958 2224 Nam
1980 2192 2068 2239 ego
2091 2175 2268 2224 liberali
2287 2175 2420 2222 illam
2442 2190 2568 2224 assc-

1512 2257 1565 2292 ro
1584 2257 1726 2290 causa
1747 2256 1886 2290 manu
1921 2239 2015 2288 Ad.
2037 2240 2088 2294 ii,
2115 2245 2158 2290 1.
2181 2244 2246 2289 40
2305 2275 2312 2284 .

1581 2305 1804 2356 Asservo.
1871 2304 2018 2360 Here,
2053 2303 2132 2354 hic
2154 2301 2243 2352 tibi
2263 2302 2567 2350 asservandus

1514 2377 1587 2418 est
1619 2371 1742 2422 Hea.
1761 2368 1834 2426 iii,
1858 2374 1906 2420 3.
1930 2373 1994 2418 32
2040 2367 2137 2417 Dic
2171 2384 2246 2416 me
2283 2367 2364 2414 hic
2386 2365 2566 2430 oppido

1514 2451 1614 2484 esse
1651 2435 1867 2491 invitam,
1903 2442 2044 2497 atque
2083 2431 2304 2482 asservari
2337 2429 2460 2480 Hea.
2500 2431 2566 2489 iv,

1513 2503 1561 2549 4.
1586 2505 1648 2551 12
1703 2500 1831 2550 Cura
1849 2498 2175 2547 asservandum
2193 2497 2402 2545 vinctum
2435 2495 2502 2547 A.
2521 2512 2567 2553 v,

1584 2627 1777 2675 Assido.
1815 2626 2010 2682 Assido,
2033 2632 2280 2691 accurrunt
2299 2623 2418 2672 servi
2441 2622 2566 2672 Hea.

1538 2726 1553 2749 ⁹
1583 2756 1810 2802 Assidue.
1871 2752 1951 2799 Ne
1972 2768 2154 2818 semper
2187 2765 2344 2801 servus
2364 2764 2570 2807 currens,

1516 2818 1661 2865 iratus
1702 2833 1860 2870 senex,
1903 2815 1992 2863 διο.
2036 2814 2222 2863 assidue
2265 2812 2437 2875 agendi
2479 2812 2573 2859 sint

1517 2882 1636 2929 mihi
1668 2881 1792 2929 Hea.
1828 2878 1956 2927 Prol.
1995 2882 2060 2927 39
2112 2875 2242 2932 Quid
2282 2883 2330 2923 te
2362 2876 2568 2923 futurum

1518 2960 1698 3001 censes,
1719 2960 1858 3007 quem
1881 2942 2068 2991 assidue
2085 2939 2320 2989 exedent?
2353 2937 2476 2990 Hea.
2496 2936 2575 2995 iii,

1521 3013 1565 3058 1.
1588 3014 1652 3059 53
1697 3006 1881 3055 Dicunt
1901 3004 2136 3060 malevoli,
2156 3004 2369 3051 homines
2389 3001 2573 3051 nobiles

1517 3089 1627 3121 eum
1665 3070 1895 3135 adjutare,
1927 3068 2207 3131 assidueque
2242 3083 2338 3115 una
2374 3066 2574 3115 scribere

1518 3136 1619 3187 Ad.
1652 3135 1779 3183 Ptol.
1826 3139 1889 3183 16
1943 3133 2101 3181 Multo
2146 3131 2308 3182 melius
2352 3130 2429 3177 hic
2466 3146 2572 3193 quas

1516 3202 1656 3255 fiunt,
1679 3215 1818 3263 quam
1852 3198 1968 3255 illic,
2006 3196 2089 3244 ubi
2121 3212 2224 3243 sum
2246 3194 2448 3253 assidue,
2471 3194 2572 3243 scio

1516 3264 1610 3314 He.
1631 3265 1687 3319 ii,
1710 3269 1753 3314 1.
1776 3268 1841 3313 20

1582 3328 1840 3377 Assimu10.
1907 3324 2036 3382 Quid
2071 3324 2112 3371 si
2147 3322 2398 3371 assimulo?
2431 3321 2572 3369 satin’

1518 3401 1591 3441 est
1612 3394 1629 3441 ?
1663 3394 1756 3442 Ph.
1779 3392 1817 3446 i,
1837 3395 1886 3440 4.
1909 3393 1972 3439 33
2029 3387 2214 3437 Gnatus
2235 3386 2365 3449 quod
2385 3402 2435 3434 se
2456 3386 2570 3433 assi-

1516 3458 1667 3505 mulat
1689 3458 1866 3511 laetum,
1897 3452 1950 3501 id
1985 3452 2136 3499 dicis?
2169 3451 2292 3500 Hea.
2327 3467 2376 3507 v,
2420 3455 2465 3499 1.
2506 3455 2568 3500 15

1520 3522 1631 3578 Quo
1652 3538 1728 3569 me
1759 3518 2074 3569 assimularam
2113 3517 2178 3563 ire
2216 3513 2278 3563 ad
2299 3520 2573 3569 mercatum,

1520 3602 1618 3633 non
1639 3602 1698 3633 eo
1731 3584 1888 3645 Ph.v,
1921 3586 1970 3630 6.
2008 3585 2070 3631 53
2121 3578 2248 3627 Hinc
2291 3576 2350 3625 ab
2386 3576 2576 3623 dextera

1518 3666 1595 3697 me
1618 3649 1775 3697 venire
1797 3645 2075 3696 assimulabo
2109 3643 2172 3692 A.
2193 3643 2260 3698 iv,
2280 3645 2330 3691 3.
2353 3645 2418 3689 20
2450 3638 2573 3687 Adi-

1520 3714 1602 3776 bo,
1623 3722 1764 3777 atque
1785 3709 2084 3764 assimulabo,
2107 3706 2242 3771 quasi
2259 3720 2388 3753 nunc
2410 3718 2573 3751 exeam

1520 3776 1613 3826 Eu.
1632 3778 1706 3835 iii,
1729 3782 1776 3826 2.
1799 3782 1830 3825 8
1863 3776 2118 3823 Paternum
2139 3770 2340 3817 amicum
2361 3783 2436 3815 me
2458 3767 2572 3814 assi-

1520 3842 1710 3889 mulabo
1733 3839 1925 3904 virginis
1962 3837 2053 3885 Ph.
2074 3836 2110 3895 i,
2129 3838 2178 3882 2.
2198 3838 2264 3883 78
2315 3830 2574 3879 Assimula-

1521 3906 1690 3963 bimus,
1713 3913 1840 3953 tuam
1864 3900 2076 3955 amicam,
2098 3897 2238 3961 hujus
2251 3912 2349 3945 esse
2372 3894 2496 3945 Hea.
2519 3894 2576 3950 ii,

1521 3974 1569 4019 3.
1589 3975 1651 4020 91
1688 3969 1790 4017 Has
1815 3970 1933 4015 bene
1954 3973 2008 4015 ut
2027 3962 2266 4011 assimules
2287 3960 2476 4024 nuptias
2511 3957 2573 4007 A.

1520 4033 1557 4091 i,
1580 4039 1627 4084 l.
1651 4038 1741 4084 141
1793 4032 1956 4081 Istunc
1975 4042 2130 4084 exora,
2152 4033 2206 4074 ut
2226 4040 2356 4073 suam
2379 4038 2479 4071 esse
2502 4038 2576 4070 as-

1521 4098 1707 4147 simulet
1739 4097 1861 4145 Hes.
1881 4094 1936 4151 ii,
1953 4098 2000 4143 3.
2027 4095 2118 4143 117
2170 4089 2268 4147 Qui
2307 4089 2415 4144 scis,
2435 4103 2496 4136 an
2517 4103 2576 4137 ea

1520 4178 1682 4222 causa,
1699 4178 1775 4211 me
1797 4160 1952 4209 odisse
1973 4153 2310 4205 assimulaverit
2339 4152 2430 4201 He.
2450 4151 2504 4209 ii,
2525 4154 2574 4203 1.
2602 4214 2606 4218 .

1520 4232 1586 4277 ³8
1639 4226 1720 4274 An
1757 4232 1858 4273 tute
1893 4220 2124 4272 intellexti
2153 4220 2243 4269 hoc
2281 4216 2573 4265 assimulari?
2619 4249 2624 4253 -

1522 4290 1586 4340 A.
1607 4290 1680 4351 iii,
1699 4296 1749 4342 2.
1772 4295 1839 4341 20
1885 4288 1970 4339 Me
1993 4292 2176 4335 oetatem
2199 4299 2360 4335 censes
2381 4282 2503 4331 velle
2522 4281 2573 4327 id
