3192 4975
552 406 771 473 clxxii

550 578 703 643 ipsam
723 572 1006 623 offendimus
1038 565 1161 626 Hea.
1200 570 1236 621 ii
1242 606 1256 632 ,
1277 576 1326 621 3.
1344 576 1412 624 44
1441 570 1516 621 Te
1532 574 1613 637 ip..

1439 476 1444 481 ,
1521 420 1769 471 mnttx

1688 578 1736 627 1.
1756 576 1823 624 29
1902 570 1977 619 Τιι
2003 586 2198 636 qnoque
2242 579 2456 635 proterve
2498 574 2749 623 iracundus

550 658 651 691 sam
672 638 867 704 quoerito
898 636 995 684 Ad.
1021 635 1094 695 iii,
1113 642 1165 687 2.
1187 641 1252 687 23
1287 636 1359 685 Ex
1379 637 1485 702 ipsa
1503 638 1611 685 mil·
1684 652 1737 687 ea
1767 637 1866 686 He.
1903 636 1979 693 iii,
2000 643 2050 685 5.
2070 642 2134 685 53
2186 637 2308 686 Cum
2331 640 2439 696 hoc,
2454 640 2581 701 quod
2602 640 2747 687 levius

551 707 638 756 lies
672 702 832 753 audivi
883 699 950 749 A.
983 717 1032 759 v,
1053 706 1102 751 4.
1123 706 1187 751 43
1231 702 1282 750 Si
1313 718 1408 750 non
1435 704 1540 765 ipsa
1561 717 1613 751 re

554 772 676 819 istuc
701 768 786 815 tibi
807 766 938 814 dolet
974 765 1066 817 Ad.
1105 766 1168 823 iv,
1188 769 1238 816 7.
1265 772 1322 815 15
1367 768 1497 825 Quid
1536 767 1613 829 ip-

555 835 654 885 sae?
677 832 790 896 quid
815 829 981 878 aiunt?
1030 830 1126 878 Ad.
1161 830 1228 892 iv,
1251 838 1298 881 5.
1321 836 1386 880 22
1434 830 1504 879 ‘I'e
1536 829 1613 894 ip-

555 914 656 948 sum
693 911 886 959 purgare
916 894 1034 958 ipsis
1054 910 1224 949 coram.
1251 895 1524 958 placabilius
1543 904 1617 943 est

556 963 653 1011 Ad.
689 962 754 1021 iv,
777 965 825 1009 3.
856 965 916 1009 17
967 958 1104 1007 Itane
1137 968 1443 1023 attemperate
1486 960 1619 1007 venit

555 1026 697 1075 hodie
719 1026 768 1072 in
790 1024 904 1087 ipsis
925 1024 1142 1087 nuptiis?
1172 1026 1239 1073 A.
1260 1041 1308 1081 r,
1321 1030 1371 1076 4.
1389 1029 1452 1073 13
1486 1023 1619 1073 Istuc

556 1087 864 1203 {i'ffiztni
896 1088 1058 1201 iiq?
1074 1088 1621 1216 {iiuffi’ffiffiffl'i'dflss

559 1220 654 1270 ch.
705 1218 767 1266 Id
811 1188 980 1281 ipsum,-
1015 1217 1108 1281 Py.
1158 1216 1220 1266 Id
1255 1216 1446 1281 ipsum?
1487 1218 1619 1281 virgo

558 1283 696 1332 vero!
733 1282 825 1329 Eu.
862 1298 914 1337 v,
933 1286 982 1331 2.
1003 1286 1069 1330 69
1101 1280 1263 1343 Ipsum
1294 1279 1416 1331 istuc
1439 1281 1553 1329 mihi
1571 1282 1623 1329 in

561 1350 656 1397 hoc
679 1355 751 1396 est
785 1347 874 1394 Ph.
895 1346 966 1403 iii,
982 1350 1030 1395 2.
1051 1351 1114 1395 23
1148 1345 1298 1408 Apud
1315 1346 1458 1394 alium
1475 1347 1623 1409 ipsius

561 1412 678 1462 facti
700 1412 852 1475 pudet
881 1409 1004 1457 Hea.
1027 1410 1098 1465 iii,
1113 1414 1162 1458 3.
1187 1416 1244 1459 15
1281 1410 1442 1473 Ipsum
1458 1411 1506 1458 id
1523 1427 1623 1459 me·

565 1485 666 1537 tuo,
690 1483 743 1523 ut
762 1474 956 1523 credant
1007 1474 1102 1521 Ad.
1146 1475 1210 1530 iv,
1233 1480 1282 1524 4.
1305 1480 1366 1525 17
1421 1475 1482 1523 In
1518 1476 1624 1539 ipso

565 1549 778 1604 tempore
799 1554 962 1588 eccum
983 1539 1137 1602 ipsum
1159 1539 1344 1587 obviam
1381 1538 1446 1588 A.
1483 1540 1554 1596 iii,
1576 1547 1626 1591 2.

567 1610 633 1655 52
666 1604 782 1652 Ain'
801 1611 852 1651 tu
871 1604 888 1651 ?
911 1604 1020 1650 laeta
1035 1604 1142 1651 est?
1165 1604 1264 1653 Gn.
1280 1603 1329 1651 N
1333 1619 1394 1651 on
1411 1612 1506 1652 tam
1521 1605 1625 1667 ipso

567 1671 716 1731 dono,
735 1684 876 1733 quam
908 1668 1001 1715 Eu.
1023 1668 1094 1728 iii,
1113 1673 1156 1718 1.
1177 1668 1414 1732 2-saepius
1435 1668 1548 1716 alibi
1611 1659 1625 1675 ⁸

632 1733 727 1783 Ira.
793 1732 936 1780 Unde
968 1732 1038 1779 ira
1069 1733 1190 1781 inter
1236 1748 1314 1781 eas
1351 1733 1630 1790 intercessit,

603 1813 682 1844 uoe
725 1804 820 1844 tam
859 1797 1111 1859 permansit
1143 1797 1224 1845 diu
1269 1797 1363 1845 He.
1399 1797 1469 1854 iii,
1495 1803 1543 1848 1.
1563 1803 1627 1847 25

568 1814 790 1910 Decedet
799 1860 900 1923 jam
919 1861 986 1907 ira
999 1863 1100 1909 haec
1122 1862 1216 1911 He.
1236 1862 1308 1918 iii,
1325 1868 1373 1911 5.
1391 1868 1452 1911 55
1477 1863 1633 1925 Prop-

571 1934 698 1975 terea
729 1927 828 1973 haec
851 1926 918 1972 ira
941 1932 1012 1972 est
1045 1925 1139 1973 He.
1173 1927 1241 1989 iv,
1255 1930 1304 1975 4.
1327 1929 1390 1975 89
1439 1926 1549 1975 Cito
1571 1928 1633 1975 ab

573 2006 634 2039 eo
657 1992 758 2038 haec
777 1990 847 2037 ira
868 1990 1091 2037 abscedet
1123 1990 1220 2039 He.
1251 2007 1299 2046 v,
1321 1995 1372 2041 2.
1394 1996 1454 2039 15
1489 1991 1635 2039 Unde

574 2063 727 2103 ortum
747 2061 820 2103 est
840 2054 1026 2102 initium
1043 2054 1124 2101 irae
1158 2054 1252 2102 He.
1281 2054 1349 2111 iii,
1371 2060 1420 2105 2.
1446 2060 1508 2104 16
1549 2055 1633 2102 Ti-

571 2127 671 2168 met
690 2118 866 2175 omnia,
889 2118 1034 2182 patris
1052 2120 1169 2181 iram
1183 2127 1232 2167 et
1247 2118 1454 2166 animum
1471 2119 1639 2167 amicte

574 2182 700 2233 Hea.
723 2184 761 2241 i,
783 2188 832 2233 2.
859 2189 918 2233 15
955 2182 1026 2231 Ut
1057 2198 1146 2247 ego
1177 2184 1294 2231 iram
1327 2184 1448 2231 hanc
1479 2184 1528 2231 in
1553 2199 1637 2231 eos

575 2263 787 2295 evomam
809 2262 994 2295 omnem
1028 2246 1124 2294 Ad.
1155 2248 1224 2303 iii,
1243 2252 1292 2296 2.
1317 2252 1376 2296 14
1410 2248 1531 2295 Iram
1553 2263 1639 2295 ex-

573 2312 741 2375 pedies
788 2310 884 2361 He.
925 2310 998 2366 iii,
1028 2316 1074 2360 1.
1109 2316 1169 2359 11
1225 2310 1388 2359 Unum
1441 2312 1635 2374 aliquod

575 2377 770 2423 verbum
811 2376 936 2422 inter
967 2389 1047 2422 eas
1080 2376 1194 2421 iram
1229 2376 1349 2423 hanc
1383 2376 1639 2423 conciverit

577 2438 672 2488 He.
708 2439 779 2496 iii,
804 2442 850 2488 1.
873 2441 935 2485 33
984 2437 1258 2486 Videndum
1279 2445 1367 2493 est,
1401 2453 1462 2485 ne
1483 2439 1637 2486 miuus

577 2512 770 2567 propter
787 2503 903 2550 iram
924 2503 1046 2550 hanc
1066 2501 1330 2564 impetrem,
1363 2518 1502 2566 quam
1526 2519 1639 2566 pos-

580 2569 696 2616 siem
751 2566 843 2614 He.
885 2581 932 2628 v,
954 2569 1002 2614 1.
1025 2571 1054 2614 3
1105 2566 1304 2614 Missam
1335 2567 1449 2615 iram
1497 2568 1642 2616 faciet

578 2631 673 2680 He.
697 2649 744 2692 v,
761 2636 810 2680 2.
837 2636 898 2681 14
931 2629 990 2678 In
1011 2645 1088 2678 me
1099 2646 1284 2678 omnem
1300 2631 1418 2680 iram
1431 2632 1643 2680 derivem

580 2696 736 2744 aenis?
771 2695 862 2745 Ph.
883 2695 935 2750 ii,
951 2701 1002 2744 2.
1021 2698 1054 2743 9
1085 2695 1258 2744 Minue
1272 2713 1382 2744 vero
1397 2697 1511 2744 iram
1545 2697 1639 2746 Ph.

581 2760 636 2818 ii,
657 2765 707 2810 3.
727 2764 792 2810 88
824 2759 972 2823 Vide,
991 2775 1052 2807 ne
1071 2758 1298 2824 impulsus
1319 2761 1386 2808 ira
1405 2776 1544 2824 prave
1567 2762 1641 2809 in·-

579 2825 718 2874 sistas
755 2824 850 2873 He.
888 2823 957 2878 iii,
979 2830 1024 2874 5.
1049 2829 1113 2874 34
1145 2824 1381 2872 Incendor
1411 2825 1497 2880 ira,
1538 2841 1641 2873 esse

580 2905 742 2938 ausam
763 2889 918 2937 facere
938 2889 1039 2937 haec
1062 2895 1110 2936 te
1129 2887 1310 2949 injussu
1330 2905 1434 2936 meo
1466 2889 1558 2937 He.
1575 2890 1641 2947 iv,

583 2958 634 3004 1.
656 2957 720 3003 47
765 2953 856 3001 Irae
889 2961 998 3000 sunt
1016 2953 1139 3001 inter
1159 2951 1434 3028 Glycerium
1456 2961 1507 3001 et
1527 2969 1643 3018 gna-

584 3024 706 3075 tum,
725 3016 796 3064 ita
815 3031 1016 3080 magnas,
1034 3024 1089 3064 ut
1122 3016 1182 3064 A.
1204 3017 1272 3073 i1i,
1295 3021 1342 3066 3.
1365 3023 1430 3067 20
1463 3017 1643 3065 Aman-

583 3081 700 3129 tium
723 3081 821 3139 irae,
843 3082 1012 3128 amoris
1033 3080 1280 3146 integratio
1301 3090 1374 3130 est
1414 3081 1476 3131 A.
1499 3083 1568 3140 iii,
1591 3087 1641 3131 3.

587 3150 652 3196 23
685 3145 780 3193 Hae
801 3147 880 3194 irae
901 3147 1040 3194 factae
1061 3153 1218 3194 essent
1233 3146 1382 3195 multo
1397 3147 1647 3210 ampliores

583 3209 682 3258 He.
719 3210 793 3273 iii,
808 3215 856 3259 1.
877 3214 910 3258 9
957 3209 1079 3266 Quae
1112 3225 1338 3258 maxumas
1372 3219 1482 3258 sunt
1501 3212 1645 3258 inter-

585 3274 701 3322 dum
721 3275 802 3321 iras
835 3273 932 3321 He.
969 3272 1039 3334 iii,
1063 3279 1108 3323 1.
1129 3278 1192 3322 27
1235 3273 1375 3322 Haud
1400 3275 1466 3322 it‘a
1488 3277 1646 3331 decet,

587 3338 740 3386 celare
763 3346 810 3385 te
825 3336 916 3384 iras
947 3335 1046 3386 He.
1081 3337 1133 3393 ii,
1154 3343 1205 3387 2.
1232 3343 1290 3387 11
1344 3339 1487 3387 Pueri
1526 3339 1648 3386 inter

587 3417 691 3449 sese
714 3416 856 3466 quam
877 3416 961 3465 pro
983 3400 1164 3450 levibus
1179 3403 1328 3450 noxiis
1341 3403 1430 3451 iras
1443 3411 1611 3466 gerunt
1632 3404 1643 3450 ἒ

590 3465 688 3514 He.
711 3465 780 3522 iii,
806 3471 852 3514 1.
873 3471 938 3514 30
973 3465 1158 3522 Quibus
1179 3467 1256 3514 iris
1276 3468 1504 3530 impulsus
1519 3484 1648 3517 nunc

586 3528 789 3580 inillam
810 3529 996 3595 iniquos
1018 3530 1166 3578 siem?
1201 3531 1296 3582 He.
1319 3531 1389 3589 iii,
1411 3539 1460 3582 5.
1486 3537 1548 3583 35

653 3594 921 3652 Iracundia.
987 3594 1040 3643 Si
1073 3593 1262 3658 adjutor
1293 3597 1382 3644 sim·
1411 3596 1515 3659 ejus
1555 3596 1651 3645 ira-

590 3659 780 3708 cundiae
811 3660 908 3706 Ad.
936 3659 970 3718 i,
993 3664 1043 3708 2.
1061 3664 1127 3710 66
1160 3660 1304 3717 Quod
1325 3660 1427 3709 e‘us
1451 3662 1650 3710 remedi-

591 3739 674 3770 um
709 3724 944 3772 inveniam
987 3724 1277 3773 iracundiae?
1332 3677 1423 3774 ἐὴ.
1459 3725 1496 3787 i,
1529 3731 1579 3774 4.
1618 3731 1651 3775 8

598 3786 798 3852 Omitte,
821 3789 1020 3844 Demea,
1046 3795 1173 3836 tuam
1195 3789 1344 3837 istanc
1358 3789 1653 3838 iracundiam

593 3851 688 3900 Ad.
727 3853 790 3909 iv,
813 3858 861 3902 7.
885 3857 946 3902 37
1003 3852 1230 3917 Reprime
1249 3853 1558 3911 iracundiam,
1580 3862 1654 3902 at-

595 3932 688 3980 que
709 3919 770 3965 ad
792 3925 840 3966 te
863 3917 962 3966 redi
996 3916 1094 3966 Ad.
1130 3935 1178 3978 v,
1201 3921 1249 3966 3.
1273 3923 1304 3966 8
1353 3919 1508 3966 Recte
1538 3918 1655 3966 mihi

593 3981 833 4038 vidissem,
855 3990 904 4029 et
925 3983 1048 4030 senis
1059 3997 1209 4030 essem
1224 3981 1348 4028 ultus
1362 3982 1654 4030 iracundiam

595 4045 688 4094 Ph.
721 4047 758 4102 i,
780 4050 914 4096 4.12
965 4046 1070 4094 Prae
1099 4046 1365 4106 iracundia,
1404 4062 1499 4093 non
1549 4062 1655 4094 sum

595 4111 724 4170 apud
746 4126 822 4158 me
855 4110 976 4160 Hea.
997 4127 1041 4167 v,
1069 4115 1113 4158 1.
1131 4115 1194 4160 47
1229 4109 1326 4157 Vix
1341 4125 1442 4158 sum
1456 4126 1656 4174 compos

595 4172 736 4219 animi
757 4191 768 4220 :
795 4175 863 4222 ita
879 4176 1020 4222 ardeo
1039 4174 1281 4222 iracundia
1311 4173 1412 4223 Ad.
1434 4174 1504 4232 iii,
1522 4179 1570 4224 2.
1591 4179 1653 4224 12

663 4235 940 4286 Iracundus.
1007 4239 1129 4288 Cum
1152 4240 1214 4286 de
1235 4239 1402 4290 eadem
1423 4254 1566 4291 causa
1581 4245 1659 4288 est

597 4300 851 4350 iracundus
885 4302 1046 4354 factus.
1059 4303 1415 4358 ,inimicissimus
1453 4303 1550 4354 He.
1579 4303 1656 4363 iii,

1686 710 1775 759 est,
1810 709 1905 748 tam
1940 702 2099 749 animo
2142 702 2367 750 iracundo
2407 703 2516 752 tulit
2547 704 2643 755 He.
2684 705 2749 761 iv,

1752 831 1949 879 Irascor.
2016 829 2240 887 Rursum,
2284 830 2483 891 Demea,
2514 833 2746 880 irascere?

1689 894 1789 944 Ad.
1827 896 1863 953 i,
1885 900 1933 945 2.
1956 899 2020 944 56
2076 894 2147 943 Ut
2166 910 2272 941 cum
2297 895 2405 943 velit
2428 897 2512 943 tibi
2526 896 2635 959 jure
2654 898 2747 943 ira-

1692 960 1778 1017 sci,
1800 976 1898 1007 non
1920 966 2064 1023 queat
2084 958 2150 1007 A.
2172 960 2223 1015 ii,
2246 964 2293 1008 3.
2313 965 2377 1007 20
2409 959 2499 1007 Ille
2520 961 2750 1009 continuo

1691 1024 1825 1073 irasci
1847 1043 1859 1071 z
1883 1040 2039 1087 neque
2062 1040 2233 1089 negare
2252 1026 2424 1071 audere
2457 1026 2549 1073 Eu.
2574 1026 2636 1081 iv,
2653 1029 2700 1073 1.
2717 1031 2751 1074 4

1758 1089 1933 1146 Iratus,
1977 1104 2023 1149 a,
2056 1104 2152 1138 um.
2220 1088 2389 1137 Redeo
2423 1090 2535 1137 inde
2585 1089 2752 1149 iratus,

1695 1160 1841 1216 atque
1876 1170 1997 1217 aegre
2035 1154 2187 1201 ferens
2234 1154 2298 1204 A.
2335 1154 2368 1210 i,
2395 1158 2439 1201 1.
2463 1158 2559 1203 110
2609 1154 2752 1211 Quod

1696 1234 1823 1266 nunc
1844 1224 1946 1265 tute
1968 1226 2121 1265 tecum
2144 1218 2287 1266 iratus
2308 1218 2487 1279 cogitas
2521 1216 2612 1265 Eu.
2649 1220 2683 1278 i,
2705 1223 2754 1267 1.

1699 1286 1761 1331 19
1793 1282 1972 1329 Metuit
2004 1297 2203 1343 semper,
2237 1298 2298 1330 ne
2320 1284 2513 1344 quando
2537 1282 2679 1329 iratus
2702 1290 2753 1328 tu

1696 1347 1791 1395 alio
1812 1347 2023 1395 conferas
2058 1346 2146 1393 Eu.
2168 1346 2238 1401 iii,
2263 1350 2309 1395 1.
2330 1350 2395 1395 60
2428 1346 2593 1393 *Iratus
2614 1362 2759 1393 senex

1698 1410 1822 1461 Hea.
1844 1411 1970 1458 Prol.
1992 1414 2052 1459 37
2092 1410 2287 1467 Vereor,
2321 1426 2460 1473 quam
2484 1425 2545 1457 ne
2568 1412 2683 1473 quid
2707 1412 2758 1457 in

1698 1476 1833 1523 illurn
1856 1476 1997 1522 iratus
2020 1473 2126 1537 plus
2148 1475 2260 1521 satis
2280 1474 2413 1531 faxit,
2454 1482 2587 1536 pater
2632 1474 2759 1524 Hea.
2790 1468 2805 1485 '

1700 1541 1737 1600 i,
1758 1544 1807 1588 2.
1830 1544 1896 1590 24
1930 1540 2038 1589 Jam
2059 1554 2153 1586 non
2177 1554 2277 1585 sum
2297 1540 2443 1586 iratus
2476 1538 2599 1587 Hea.
2620 1539 2689 1597 iv,
2706 1543 2757 1587 6.

1702 1609 1766 1654 16
1816 1604 1999 1661 Quibus
2050 1604 2101 1650 in
2144 1605 2280 1651 rebus
2337 1603 2459 1650 alius
2494 1620 2556 1649 ne
2618 1602 2763 1650 iratus

1702 1670 1891 1733 quidem
1931 1676 2004 1716 est
2048 1667 2143 1715 He.
2186 1667 2257 1723 iii,
2294 1672 2339 1716 l.
2384 1672 2449 1717 28
2506 1667 2608 1715 Etsi
2662 1683 2761 1715 me-

1702 1736 1791 1780 rito
1832 1734 1978 1780 iratus
1994 1740 2067 1779 est
2097 1732 2190 1779 He.
2226 1732 2294 1788 iii,
2328 1738 2376 1781 5.
2416 1738 2479 1781 55
2511 1732 2622 1779 Tibi
2644 1748 2761 1795 quo·

1704 1812 1797 1860 que
1848 1796 2031 1859 aedepol
2075 1797 2221 1844 iratus
2263 1812 2364 1843 sum
2421 1798 2619 1859 graviter
2668 1796 2763 1843 He.

1704 1862 1769 1917 iv,
1787 1866 1837 1911 4.
1861 1866 1883 1911 1
1922 1862 2005 1909 Sin
2031 1868 2186 1908 autem
2210 1871 2282 1909 est
2300 1862 2361 1907 ob
2382 1876 2486 1908 eam
2508 1876 2601 1908 rem
2622 1861 2761 1907 iratus

1706 1934 1875 1989 gnatus
1908 1925 2001 1973 He.
2024 1942 2068 1980 v,
2092 1930 2142 1973 2.
2170 1931 2228 1975 14
2263 1924 2340 1972 Ne
2360 1933 2406 1972 te
2424 1926 2564 1972 iratus
2578 1923 2763 1972 saevidi-

1706 1991 1774 2038 cis
1797 1990 1938 2037 dictis
1960 1990 2160 2052 protelet
2192 1990 2283 2037 Ph.
2308 1990 2339 2045 i,
2364 1994 2413 2038 4.
2428 1994 2492 2038 36
2525 1988 2677 2036 Iratus
2691 1996 2767 2035 est

1708 2054 1797 2105 Ph.
1818 2054 1874 2111 ii,
1896 2058 1943 2103 3.
1964 2058 2011 2102 3.
2030 2058 2095 2103 79
2126 2053 2209 2101 An
2230 2063 2281 2101 tu
2314 2055 2375 2101 ob
2398 2060 2643 2117 peccatum
2676 2054 2767 2100 hoc

1708 2135 1810 2167 esse
1833 2118 1966 2165 illum
1988 2119 2155 2165 iratum
2192 2118 2363 2182 putas?
2398 2118 2522 2165 Hea.
2562 2134 2607 2174 v,
2630 2122 2679 2166 2.
2701 2122 2764 2165 37

1709 2183 1816 2231 Oh!
1852 2184 1931 2247 qui
1954 2190 2143 2247 egomet
2174 2184 2391 2245 produxi,
2424 2190 2567 2245 atque
2599 2183 2763 2228 iratum

1710 2248 1966 2296 admodum
1998 2247 2095 2294 Ad.
2120 2248 2191 2301 iii,
2214 2252 2261 2296 3.
2282 2251 2349 2296 49
2382 2246 2614 2293 Phanium
2628 2246 2768 2293 relic·

1711 2320 1807 2359 tam
1822 2312 2004 2358 solam?
2037 2310 2103 2357 Et
2117 2312 2285 2359 iratum
2303 2326 2461 2358 senem
2482 2311 2499 2357 ?
2535 2311 2625 2357 Ph.
2646 2310 2699 2366 ii,
2716 2316 2768 2359 2.

1712 2380 1745 2423 2
1800 2375 2077 2423 Confutavit
2109 2376 2263 2423 verbis
2305 2376 2558 2423 admodum
2602 2375 2767 2421 iratum

1713 2446 1892 2502 patrem
1928 2440 2017 2486 Ph.
2051 2438 2124 2500 iii,
2152 2445 2279 2490 1.13
2335 2440 2534 2488 Memini
2571 2440 2771 2503 relinqui
2872 2446 2875 2449 ’

1712 2519 1805 2560 me,
1830 2504 1937 2551 Deo
1956 2505 2071 2550 irato
2088 2521 2195 2552 meo
2228 2506 2319 2553 Ph.
2341 2506 2380 2565 i,
2398 2511 2446 2553 2.
2462 2511 2523 2554 24
2560 2505 2735 2552 Nescio
2755 2521 2769 2550 τ

1712 2569 1807 2616 nisi
1826 2568 1945 2616 mihi
1966 2568 2097 2616 Deos
2120 2571 2231 2617 satis
2252 2570 2350 2618 scio
2373 2569 2515 2617 fuisse
2537 2571 2677 2619 iratos
2707 2567 2770 2615 A.

1714 2633 1779 2690 iv,
1805 2637 1851 2681 1.
1871 2637 1935 2683 40
1990 2632 2112 2689 Quae
2149 2634 2201 2681 in
2234 2635 2389 2681 animo
2421 2635 2601 2697 cogitat
2640 2633 2771 2689 irata,

1715 2713 1856 2761 quam
1876 2697 1977 2754 illa,
1998 2713 2105 2762 quaa
2128 2706 2343 2763 parentes
2381 2699 2572 2762 propitii
2617 2697 2713 2747 Ad.
2735 2698 2774 2754 i,

1780 2825 1977 2875 Irrideo.
2042 2827 2183 2875 Bona
2202 2827 2343 2875 verba
2364 2842 2541 2890 quaeso.
2574 2825 2643 2874 Si.
2667 2824 2776 2872 Irri-

1717 2891 1837 2938 des?
1873 2892 1936 2939 A.
1974 2891 2013 2954 i,
2035 2896 2085 2940 2.
2108 2896 2170 2940 33
2225 2892 2396 2939 Irrides
2428 2890 2480 2938 in
2526 2907 2573 2938 re
2608 2890 2775 2938 tanta?

1717 2954 1841 3003 Hea.
1863 2971 1911 3012 v,
1934 2961 1981 3005 2.
2005 2961 2070 3004 29
2102 2956 2369 3019 Impuratus
2386 2972 2460 3004 me
2474 2955 2555 3004 ille
2568 2962 2622 3003 ut
2634 2955 2776 3002 etiam

1716 3019 1945 3067 irrideat?
1982 3021 2073 3068 Ph.
2095 3021 2160 3081 iv,
2182 3025 2228 3068 3.
2252 3025 2317 3068 64
2349 3020 2427 3068 Ne
2450 3036 2557 3068 eum
2578 3021 2779 3068 circum-

1719 3090 1910 3130 ventum
1932 3083 2094 3145 inique
2115 3082 2268 3145 iniqui
2290 3084 2513 3130 irrideant
2552 3084 2647 3132 He.
2674 3083 2777 3130 Alt.

1722 3147 1849 3196 Ptol.
1870 3151 1937 3196 46
1970 3146 2130 3208 coepit
2146 3148 2205 3194 ad
2226 3148 2275 3193 id
2299 3147 2525 3202 alludere,
2548 3154 2598 3195 et
2621 3162 2693 3194 me
2711 3147 2779 3192 ir-

1720 3212 1871 3258 ridere
1904 3210 1993 3260 Eu.
2030 3211 2103 3265 iii,
2129 3215 2176 3259 1.
2200 3215 2261 3259 35
2308 3210 2431 3258 Itan’
2456 3211 2666 3272 lepidum
2690 3210 2781 3258 tibi

1720 3275 1869 3322 visum
1892 3281 1979 3330 est,
2004 3275 2173 3335 scelus,
2196 3290 2283 3322 nos
2299 3275 2519 3323 irridere?
2556 3275 2645 3324 Eu.
2665 3290 2713 3332 v,
2728 3279 2779 3322 7.

1725 3343 1785 3388 17
1829 3338 1945 3385 Tam
1982 3349 2143 3402 aperte
2162 3340 2393 3388 irridens?
2442 3341 2534 3389 Ph.
2573 3357 2621 3397 v,
2642 3343 2692 3388 7.
2714 3343 2779 3387 63

1723 3403 1963 3451 Irrideor?
1995 3403 2058 3454 A.
2080 3404 2151 3460 iii.
2175 3407 2223 3454 2.
2244 3409 2309 3454 20
2358 3404 2515 3452 Etiam
2539 3421 2665 3452 nunc
2681 3419 2781 3451 non

1724 3468 1892 3525 credis,
1925 3468 2137 3532 indignis
2165 3485 2253 3518 nos
2288 3483 2389 3519 esse
2421 3469 2571 3516 irrisas
2597 3467 2782 3514 modis?

1725 3531 1818 3582 Eu.
1840 3533 1905 3590 iv,
1926 3537 1975 3582 4.
1993 3539 2059 3582 43

1791 3596 1969 3644 Irritor.
2001 3597 2227 3645 Irritatus.
2272 3595 2431 3644 Irritor
2464 3596 2555 3644 Ph.
2578 3611 2627 3656 v,
2646 3599 2696 3643 7.
2717 3597 2784 3642 39

1725 3661 1871 3710 Potes
1892 3676 2035 3717 nunc,
2053 3663 2165 3708 dum
2188 3660 2367 3707 animus
2390 3659 2595 3708 irritatus
2616 3667 2687 3708 est
2716 3657 2782 3704 A.

1726 3725 1799 3783 iii,
1820 3729 1871 3775 4.
1896 3729 1957 3773 18
1994 3725 2090 3781 Ne,
2113 3725 2153 3771 si
2172 3724 2322 3786 magis
2340 3724 2549 3774 irritatus
2570 3726 2658 3772 siet
2690 3722 2784 3770 Ad.

1726 3789 1781 3846 ii,
1804 3794 1852 3840 4.
1878 3793 1939 3838 18
1992 3789 2071 3836 Ita
2102 3804 2205 3836 sum
2244 3790 2463 3846 irritatus,
2494 3791 2699 3837 animum
2730 3794 2787 3833 ut

1727 3868 1959 3930 nequeam
1980 3855 2042 3901 ad
2066 3854 2371 3918 cogitandum
2402 3853 2645 3903 instituere
2692 3851 2784 3899 Pb.

1726 3933 1976 4038 u’Iri-itus,
1997 3997 2043 4038 a,
2064 3997 2162 4030 um.
2228 3982 2372 4039 Quod
2414 3983 2555 4030 modo
2581 3987 2681 4030 erat
2716 3994 2788 4027 ra·

1730 4054 1851 4104 tum,
1873 4045 2049 4095 irritum
2071 4054 2144 4095 est
2175 4047 2265 4095 Ph.
2291 4064 2341 4104 v,
2362 4052 2411 4096 7.
2434 4053 2499 4096 58

1795 4111 1945 4158 Irrno.
2007 4111 2066 4158 ln
2091 4113 2216 4160 aedes
2237 4113 2365 4159 irruit
2388 4112 2563 4158 alienas
2612 4108 2712 4156 Ad.
2751 4107 2787 4163 i,

1731 4180 1782 4226 2.
1805 4180 1836 4225 8
1870 4175 2027 4232 Quam
2046 4192 2155 4224 mox
2175 4175 2425 4224 irruimus?
2460 4174 2550 4221 Eu.
2573 4174 2703 4230 ἰν,’7.
2722 4176 2785 4220 18

1734 4239 1880 4297 Vide,
1902 4255 1963 4290 ne
1985 4241 2067 4290 ille
2087 4243 2181 4290 huc
2200 4255 2385 4305 prorsus
2416 4255 2467 4288 se
2500 4239 2645 4288 irruat
2686 4235 2787 4285 Ad.

1730 4303 1798 4363 iv,
1814 4307 1866 4354 2.
1888 4309 1948 4357 11
