3192 4975
600 419 749 493 lviii

596 595 741 655 ,clave
763 593 945 646 aedibus
964 594 1226 658 quoddam,
1246 600 1367 644 retro
1400 593 1522 645 Hes.
1542 614 1588 652 v,
1615 600 1664 645 1.

598 665 676 726 ,29
730 659 877 723 Virgo
897 658 950 706 in
970 659 1188 707 'conclavi
1209 660 1344 708 sedet
1377 660 1469 709 Eu.
1502 662 1572 720 iii,
1610 667 1661 710 5.

611 728 939 837 35C'oncludo.
1001 786 1096 838 Tot
1126 775 1348 839 me'nunc
1368 792 1505 839 rebus
1526 791 1664 840 mise-

607 867 710 900 rum
731 853 974 901 concludit
994 860 1128 916 pater
1158 853 1253 904 He.
1271 853 1337 911 iv,
1358 859 1407 902 4.
1430 861 1495 904 80
1542 856 1665 912 Quae

598 924 684 974 'tot
703 931 794 973 res,
816 924 987 974 tantas,
1022 929 1116 966 tam
1156 927 1423 982 opportune
1445 921 1496 966 in
1517 936 1663 967 unum

608 981 843 1030 conclusit
861 982 1019 1030 diem?
1053 982 1143 1032 Eu.
1164 998 1211 1040 ν,
1232 987 1281 1032 9.
1320 987 1379 1032 17
1427 984 1554 1032 Nam
1588 1001 1666 1033 ιιιε

602 1045 703 1107 jam
727 1045 776 1092 in
792 1046 959 1094 cellam
982 1047 1184 1110 aliquam
1206 1063 1313 1095 cum
1352 1047 1435 1096 illa
1470 1049 1664 1097 conclu-

598 1109 717 1176 -dam
751 1109 850 1158 Ad.
881 1111 944 1168 iv,
979 1118 1027 1162 2.
1063 1116 1124 1162 18
1175 1112 1302 1160 Nam
1339 1111 1471 1161 illum
1504 1113 1665 1175 aliquo

609 1173 941 1224 conclusissent
974 1177 1069 1226 Eu.
1104 1177 1173 1237 iv,
1195 1182 1242 1226 8.
1265 1181 1328 1227 25
1378 1177 1448 1226 Ut
1483 1179 1545 1225 ab
1583 1177 1668 1226 ills

609 1239 853 1296 excludar,
890 1241 982 1290 huc
1020 1241 1274 1290 concludat
1322 1240 1387 1289 A.
1426 1243 1477 1305 ii,
1520 1246 1568 1291 8.
1601 1247 1666 1292 12

609 1302 894 1353 Conclusam
914 1305 992 1354 hic
1014 1307 1165 1354 habeo
1181 1321 1365 1354 uxorem
1380 1321 1551 1355 saevam
1574 1307 1666 1355 Ph.

610 1382 658 1424 v,
676 1372 946 1483 Conligordo.
1009 1433 1075 1496 si*
1104 1435 1409 1484 concordabis
1436 1451 1545 1483 cum
1564 1435 1665 1491 illa,

608 1497 821 1574 babebis,
842 1513 948 1561 quae
969 1507 1097 1547 tuam
1132 1507 1422 1548 senectutem
1460 1500 1669 1549 oblectet

602 1561 935 1680 ,Pthlilricffo'rs‘ie
975 1613 1142 1676 ⁷Credo
1162 1643 1221 1676 ea
1240 1629 1389 1691 gratia
1410 1630 1667 1677 concordes

607 1691 776 1754 magis,
810 1692 852 1739 si
889 1706 987 1740 non
1021 1693 1259 1750 reducem,
1281 1694 1381 1742 fore
1414 1693 1507 1742 He.
1525 1694 1592 1750 iv,
1616 1697 1668 1743 8.

602 1755 946 1882 .uConcrepo.
1034 1820 1326 1884 Concrepuit
1367 1837 1396 1868 a
1440 1820 1666 1886 Glycerio

614 1885 787 1932 ostium
821 1883 887 1932 A.
907 1885 975 1941 iv,
998 1890 1044 1935 1.
1066 1891 1131 1934 59
1163 1886 1255 1934 Sed
1278 1886 1451 1933 ostium
1472 1901 1676 1934 concre-¹

608 1949 743 2010 puit!
779 1947 876 1998 He.
900 1949 963 2005 iv,
988 1952 1033 1997 1.
1054 1953 1089 1998 6
1136 1949 1232 1997 Sed
1266 1949 1436 1998 ostium
1472 1965 1666 1998 concre-

606 2013 714 2076 puit
727 2013 811 2060 abs
834 2021 882 2061 ιε
904 2014 995 2061 ΡΙ).
1019 2029 1067 2068 v,
1090 2019 1139 2063 5.
1165 2018 1229 2063 12

674 2077 920 2127 Concubo.
1016 2077 1142 2125 Nam
1187 2079 1321 2126 aiunt
1359 2084 1514 2126 tecum
1558 2085 1668 2140 post

606 2141 792 2189 duobus
814 2142 1124 2191 concubuisse
1158 2158 1263 2191 earn
1300 2143 1534 2190 mensibus
1571 2142 1666 2192 He.

606 2205 678 2262 iii,
701 2209 749 2256 8.
771 2210 833 2255 88

677 2269 933 2320 Concurro.
1000 2271 1162 2318 Multa
1204 2279 1487 2324 concurrunt
1506 2271 1664 2326 simul,

606 2332 691 2395 qui
714 2334 1030 2395 conjecturam
1051 2335 1175 2383 hanc
1195 2335 1317 2382 facio
1351 2333 1417 2382 A.
1436 2335 1504 2390 iii.
1526 2340 1573 2384 2.
1599 2340 1657 2385 81

606 2398 905 2444 Concurrunt
947 2398 1044 2446 laeti
1080 2399 1144 2446 mi
1166 2399 1351 2446 obviam
1371 2399 1665 2461 cupedinarii

607 2475 771 2509 omnes
804 2461 895 2513 Eu.
917 2462 970 2517 ii.
993 2467 1043 2512 2.
1062 2467 1125 2513 25
1174 2462 1469 2512 Concurrunt
1504 2462 1662 2511 multae

606 2525 873 2640 &22³3ssss
896 2526 1377 2641 {ufflssssffissz
1397 2536 1664 2641 3333?ss

719 2625 731 2638 .
790 2624 806 2647 ,
864 2627 876 2639 .

605 2652 703 2703 Ad.
724 2653 788 2711 iv,
810 2658 861 2705 4.
890 2659 948 2704 17
1296 2708 1301 2713 ,

558 2724 563 2729 ’
670 2718 925 2767 Concutio.
971 2717 1040 2766 At
1062 2734 1200 2783 quem
1226 2719 1382 2767 Deum
1402 2721 1419 2767 ?
1444 2721 1525 2784 qui
1545 2728 1662 2769 tem-

605 2781 687 2845 pla
724 2783 833 2832 coeli
852 2798 1033 2832 summa
1063 2785 1220 2833 sonitu
1242 2785 1454 2832 concutit
1484 2785 1575 2834 Eu.
1594 2785 1665 2842 iii,

608 2948 613 2955 .
674 2911 974 2962 Condecoro.
1064 2912 1216 2961 Vobis
1269 2912 1407 2960 datur
1459 2921 1666 2975 potestas

606 2976 959 3087 {onpecorandi
1003 2975 1142 3024 ludos
1170 2978 1398 3025 scenicos
1429 2976 1525 3026 He.
1561 2977 1666 3027 Alt.

651 3054 701 3085 ro
722 3070 735 3086 .
758 3043 822 3088 87

674 3102 918 3153 Conditio.
986 3104 1051 3152 Et
1073 3120 1181 3167 quae
1218 3106 1351 3154 vobis
1383 3107 1559 3169 placita
1592 3114 1667 3153 est

605 3168 837 3225 conditio,
878 3168 1018 3217 datur
1048 3168 1141 3217 He.
1179 3170 1230 3224 ii,
1268 3173 1314 3217 1.
1345 3175 1410 3219 44
1460 3170 1667 3233 Accepit

603 3232 943 3288 conditionem,
988 3233 1100 3279 dein
1131 3240 1361 3293 quoestum
1392 3232 1571 3297 occipit
1602 3234 1662 3284 A.

604 3296 641 3353 i,
666 3300 714 3343 l.
739 3300 804 3343 52
854 3294 995 3341 Hanc
1011 3295 1328 3344 conditionem
1352 3296 1391 3343 si
1411 3299 1487 3345 cui
1513 3299 1663 3346 tulero

603 3357 802 3406 extrario
836 3358 929 3406 Ph.
968 3358 1035 3413 iv,
1061 3364 1105 3409 1.
1132 3363 1192 3407 18
1248 3358 1426 3407 Harum
1464 3363 1661 3410 duarum

604 3420 932 3469 conditionum
986 3436 1112 3471 nunc
1157 3430 1309 3471 utram
1352 3425 1505 3482 malis,
1551 3428 1662 3475 vido

604 3484 729 3533 Hea.
752 3485 803 3541 ii,
826 3489 875 3535 8.
896 3490 958 3535 85

671 3550 922 3598 Condono.
1020 3550 1281 3613 Argentum
1324 3555 1454 3617 quod
1499 3556 1660 3613 habes,

603 3615 925 3663 condonamus
947 3621 994 3663 te
1028 3615 1117 3664 Ph.
1138 3634 1188 3674 v,
1209 3621 1259 3667 7.
1279 3622 1343 3667 54
1379 3619 1545 3669 Habeo
1568 3621 1663 3667 alia

602 3679 768 3736 multa,
807 3695 932 3743 qum,
968 3695 1094 3728 nunc
1130 3682 1501 3744 condonabitur;
1552 3700 1660 3748 quae

598 3743 892 3807 proferentur
911 3750 1021 3812 post
1053 3744 1144 3792 Eu.
1168 3746 1295 3794 Prol.
1318 3751 1379 3795 17

656 3808 942 3885 βοηᾱιιςρ..
1001 3807 1187 3858 Navem
1229 3812 1528 3868 conductam,
1567 3812 1660 3860 hoc

601 3872 1055 4000 ωὲἑῖἓῖιὲιέἓᾴῃ
1072 3937 1208 3985 Idem
1252 3940 1343 3987 hoc
1381 3938 1485 3997 tibi,
1527 3940 1658 4002 quod

598 3999 722 4111 ἔτι)
764 4002 1040 4065 promeritus
1075 4001 1235 4060 fueris,
1257 4002 1661 4066 conduplicaverit

682 4097 695 4113 .
715 4065 786 4119 iii.
808 4069 859 4114 2.
882 4069 945 4115 sl

666 4127 972 4177 confabulor.
1038 4130 1091 4178 Si
1119 4130 1309 4193 quando
1343 4131 1404 4178 ad
1436 4146 1539 4179 eam
1575 4148 1653 4181 ac-

600 4200 802 4255 cesserat
819 4194 1169 4243 confabulatum
1203 4194 1297 4243 He.
1318 4195 1353 4250 i,
1377 4200 1424 4243 2.
1448 4200 1544 4244 107

668 4254 890 4307 Confero.
954 4257 1031 4305 Illi
1054 4275 1187 4307 suum
1213 4260 1417 4307 animum
1430 4260 1525 4308 alio
1538 4277 1653 4309 con·

601 4318 758 4368 ferunt
778 4318 898 4373 Hes.
918 4321 969 4377 ii,
992 4325 1040 4372 4.
1065 4328 1127 4372 10
1174 4324 1438 4373 Conferant
1458 4324 1655 4374 consilia

1594 441 1839 492 letx

1737 595 2060 644 adolescentes
2109 593 2230 642 Hea.
2274 593 2344 650 iii,
2391 597 2442 642 1.·
2479 598 2544 644 64
2603 593 2796 661 Vix'q’uo

1727 659 1998 724 (animum)
2019 661 2113 707 huc
2133 658 2423 707 contuleram
2456 657 2548 706 Ηε.
2571 660 2640 716 iii,
2666 666 2711 709 1.
2735 667 2798 712 18

1729 724 1937 780 ·Veru'm,
1961 740 2022 772 ne
2055 730 2166 789 post
2197 723 2410 771 conferas
2431 723 2622 787 culpam
2649 725 2701 772 in
2723 743 2798 775 me

1739 788 1830 836 Eu.
1852 788 1906 844 ii,
1927 791 1977 836 8.
1995 792 2062 838 96
2112 787 2291 835 Metuit
2312 803 2510 850 semper,
2532 803 2673 851 quem
2695 791 2800 853 ipsa

1741 852 2019 916 nunc‘capit
2037 853 2260 912 fructum,
2281 866 2344 899 ne
2365 854 2556 914 quando
2577 855 2724 901 iratus
2745 864 2798 902 tu

1740 918 1832 965 alio
1853 917 2066 965 conferas
2097 916 2190 966 Ειι.
2209 916 2279 971 iii,
2302 920 2352 964 l.
2373 921 2438 965 60
2469 917 2674 973 Quodsi
2697 934 2799 966 orn-

1739 998 1824 1030 nes
1845 983 2004 1029 omnia
2025 995 2110 1028 sun
2124 979 2322 1029 consilia
2337 981 2577 1029 conferent
2606 981 2706 1029 Ad.
2727 983 2800 1040 iii,

1739 1050 1789 1095 2.
1816 1049 1843 1094 1
1899 1046 1949 1093 Si
1975 1047 2034 1094 ad
2057 1061 2152 1094 rem
2175 1045 2472 1093 conferentur
2499 1045 2692 1110 (verba)
2715 1062 2798 1092 va-

1739 1109 1925 1174 pulabit
1956 1110 2047 1158 Eu.
2089 1110 2153 1165 iv,
2189 1114 2238 1159 6.
2274 1113 2306 1158 4
2375 1109 2423 1156 Si
2461 1111 2796 1168 conferendum

1741 1174 2004 1238 exemplum
2027 1183 2117 1230 est,
2139 1189 2234 1220 non
2257 1174 2444 1221 fratrem
2467 1169 2598 1223 videt
2607 1175 2673 1222 rei
2683 1175 2798 1224 dere
2852 1221 2858 1228 ,

1741 1237 2052 1303 ορεηιιιιΑιΙ.
2074 1240 2114 1296 i,
2133 1244 2182 1288 2.
2203 1242 2266 1287 14

1808 1304 2043 1354 Conficio.
2126 1302 2388 1366 Virginem'
2417 1317 2558 1366 quarn
2598 1304 2802 1358 arnabat,

1741 1384 1846 1416 eam
1884 1368 2068 1417 confeci
2110 1366 2210 1416 sine
2251 1367 2467 1417 molestia
2499 1366 2591 1414 Eu.
2621 1383 2670 1424 V,
2691 1374 2742 1418 4.
2765 1373 2800 1418 6

1741 1433 1803 1481 Id
1841 1440 1894 1481 ut
1930 1433 2225 1481 conficerem.
2260 1430 2446 1482 confeci
2478 1431 2572 1480 Ph.
2608 1432 2642 1487 i,
2677 1436 2722 1480 1.
2764 1438 2798 1482 4

1742 1498 2050 1560 Quantasque
2073 1498 2151 1545 hic
2173 1496 2268 1543 suis
2288 1495 2498 1546 consiliis
2532 1495 2648 1542 mihi
2679 1511 2797 1544 con·

1740 1563 1856 1611 fecit
1880 1562 2202 1610 solicitudines
2222 1560 2286 1608 A.
2308 1561 2374 1619 iv,
2395 1567 2441 1610 1.
2463 1565 2530 1610 20
2551 1559 2799 1624 Numquid

1742 1627 1820 1675 hic
1839 1627 2076 1677 confecit?
2112 1627 2204 1677 Pb.
2227 1625 2299 1680 iii.
2319 1631 2371 1676 2.
2393 1629 2457 1675 24
2512 1624 2692 1680 Bonas,
2721 1641 2799 1673 me

1741 1692 1953 1748 absente,
1973 1692 2051 1740 hic
2072 1690 2344 1739 confecistis
2377 1690 2569 1753 nuptias
2588 1689 2601 1736 2
2634 1688 2724 1736 Ph.
2745 1689 2800 1746 ii,

1746 1759 1790 1803 1.
1811 1761 1876 1806 28
1928 1755 2076 1804 Simul
2113 1762 2163 1803 et
2195 1755 2442 1803 conficiam
2479 1752 2662 1801 facilius
2690 1769 2798 1816 ego,

1741 1817 2802 1947 ἓὲῖ,Ἔῗιέῗξέἰιέἕεῑξὶξίωῗξωέἓᾞ

1742 1949 1855 1995 mihi
1872 1949 2095 1997 conficies
2115 1948 2308 2013 nuptias
2343 1949 2402 1996 A.
2423 1948 2486 2003 iv,
2514 1952 2559 1996 1.
2580 1952 2643 1996 51
2679 1946 2797 1994 Pto·

1741 2013 1884 2070 fecto,
1907 2015 1996 2062 nisi
2017 2027 2174 2069 caves,
2197 2023 2248 2061 tu
2271 2015 2431 2070 homo,
2452 2012 2632 2076 aliquid
2653 2021 2798 2074 gnato

1740 2078 1962 2126 conficies
1982 2078 2093 2126 mali
2115 2077 2238 2128 Heu.
2259 2095 2308 2135 ν,
2324 2082 2373 2126 8.
2390 2082 2414 2126 1
2449 2077 2567 2124 Tam
2577 2076 2800 2124 facillime

1740 2142 1886 2204 petris
1909 2159 2076 2205 pacem
2099 2143 2150 2190 in
2170 2142 2298 2206 leges
2309 2142 2532 2192 conficiet
2547 2157 2654 2188 suas
2674 2141 2794 2189 Hea-

1740 2221 1788 2263 ν,
1811 2211 1860 2256 2.
1885 2212 1947 2256 45
1997 2206 2127 2255 Dum
2149 2207 2276 2254 aliud
2299 2206 2478 2272 aliquid
2501 2204 2666 2269 flagitii
2681 2221 2799 2254 con-

1739 2269 1870 2318 ficiet
1901 2273 1990 2321 ΡΙ).
2015 2287 2060 2330 v,
2083 2277 2132 2321 2.
2152 2277 2180 2319 5
2218 2271 2276 2318 Id
2295 2278 2350 2318 ut
2366 2271 2661 2320 conficerem.
2683 2285 2800 2318 con-

1740 2334 1835 2382 feci
1855 2335 1947 2382 Ph.
1969 2336 2002 2393 i,
2025 2341 2072 2387 1.
2092 2342 2126 2386 4
2157 2335 2254 2392 Ne,
2269 2351 2376 2383 cum
2389 2336 2466 2384 bic
2489 2351 2586 2383 non
2607 2334 2802 2382 videant

1739 2414 1836 2461 me,
1879 2401 2109 2449 conficere
2151 2401 2346 2448 credant
2385 2407 2628 2464 argentum
2662 2405 2798 2446 suurn

1739 2462 1829 2511 Ph.
1849 2480 1897 2527 v,
1920 2471 1966 2514 5.
1991 2470 2048 2515 11
2085 2465 2254 2523 Quid?
2287 2466 2529 2523 credebas,
2549 2463 2800 2513 dormienti

1738 2528 1841 2577 haec
1877 2530 1960 2576 tibi
1999 2531 2294 2579 confecturos
2332 2529 2496 2578 Deos?
2531 2529 2628 2577 Ad.
2658 2530 2724 2585 iv,
2747 2536 2798 2578 5.

1739 2597 1804 2641 59
1854 2589 2016 2656 Magis
2037 2598 2183 2642 unum
2205 2594 2346 2643 etiam
2363 2596 2557 2657 instare,
2579 2602 2633 2641 ut
2653 2594 2798 2641 hodie

1739 2658 2079 2707 conficerentur
2099 2660 2276 2722 nuptiae
2298 2659 2420 2707 Hes.
2442 2676 2488 2716 v,
2507 2664 2552 2707 1.
2574 2663 2640 2707 22
2673 2658 2800 2707 Cur-a

1740 2723 1984 2771 confectus
2020 2723 2275 2787 (animus‚)
2309 2730 2470 2787 stupet
2505 2723 2567 2769 A.
2604 2723 2656 2779 ii,
2698 2727 2744 2770 1:
2764 2728 2798 2773 4

1740 2785 1884 2834 Νιιιιε
1906 2803 2000 2834 una
2021 2789 2134 2835 mihi
2157 2804 2231 2836 res
2249 2788 2396 2837 etiam
2417 2793 2575 2845 restat,
2595 2801 2702 2848 qnae
2725 2794 2799 2834 est

1740 2852 2042 2899 conficiunda
2074 2853 2166 2902 Ph.
2189 2868 2240 2914 V,
2263 2858 2313 2902 5.
2337 2857 2367 2902 8

1807 2914 2082 2966 confidens.
2152 2916 2330 2965 Nescio
2367 2916 2451 2980 qui
2474 2930 2615 2964 senex
2653 2916 2796 2963 modo

1741 2979 1888 3035 venit,
1924 2980 2087 3037 ellum,
2127 2981 2388 3038 confidens,
2426 2988 2559 3029 catus
2593 2978 2657 3028 A.
2680 2998 2726 3039 v,
2749 2985 2799 3029 2.

1743 3046 1804 3091 14
1838 3042 1999 3092 Homo
2021 3046 2265 3093 confidens
2297 3046 2388 3096 Ph.
2411 3046 2446 3106 i,
2465 3050 2515 3095 2.
2536 3048 2600 3094 78

1805 3107 2126 3159 confidenter.
2191 3109 2249 3156 In
2294 3124 2388 3173 qua
2430 3124 2480 3155 re
2521 3122 2650 3155 nunc
2693 3116 2791 3156 tarn

1738 3171 2034 3221 confidenter
2051 3181 2212 3228 restas,
2235 3174 2408 3221 stulta?
2442 3170 2568 3219 Hea.
2587 3188 2636 3227 v,
2659 3176 2709 3221 8.
2729 3178 2761 3221 7

1804 3235 2123 3288 confidentia.
2186 3238 2305 3285 Turn
2348 3252 2454 3298 quoe
2496 3234 2600 3298 ejus
2640 3236 2791 3283 confi-

1735 3298 1900 3347 dentia
1919 3302 2022 3349 est!
2058 3302 2149 3350 Eu.
2186 3300 2232 3358 ιῗν,
2257 3306 2304 3351 1.
2341 3305 2404 3350 28
2461 3299 2506 3347 0
2550 3300 2794 3364 ingentem

1737 3364 2102 3415 confidentiam!
2138 3364 2203 3413 A.
2225 3383 2272 3423 v,
2293 3369 2341 3414 8.
2363 3372 2392 3415 5

1803 3427 2025 3479 Confido.
2089 3430 2274 3478 Salvom
2298 3430 2567 3478 adfuturum
2584 3444 2686 3475 esse
2699 3430 2793 3485 hic,

1735 3493 1942 3550 confido,
1963 3494 2238 3568 propediem
2260 3493 2384 3545 Hea.
2403 3494 2439 3556 i,
2462 3497 2509 3542 1.
2532 3497 2627 3541 108
2670 3492 2794 3548 Quae

1734 3571 1826 3619 ego
1847 3555 1940 3606 illis
1961 3574 2114 3607 messe
2138 3558 2292 3615 video,
2315 3567 2370 3607 ut
2403 3557 2636 3607 confidam
2677 3557 2796 3620 fore,

1733 3619 1800 3667 ita
1823 3629 1877 3668 ut
1895 3623 2111 3671 volumus
2144 3622 2242 3672 Ad.
2262 3638 2310 3679 v,
2335 3628 2381 3672 8.
2403 3627 2469 3672 40

1801 3685 2054 3748 Confingo.
2140 3686 2316 3735 Omnia
2369 3688 2471 3734 haec
2523 3684 2682 3733 confin

1733 3748 1958 3869 {¹1:322}
1982 3755 2044 3799 81
2079 3750 2320 3800 Lacrumae
2343 3750 2558 3801 confictae
2580 3750 2700 3797 dolis
2723 3747 2788 3799 A.

1799 3876 1986 3926 Confio.
2050 3876 2159 3926 Hoc
2202 3878 2378 3934 confit,'
2403 3880 2532 3943 quod
2565 3878 2675 3926 volo
2694 3876 2792 3924 Ad.

1732 3954 1781 3997 v,
1803 3944 1854 3989 8.
1876 3945 1941 3991 28
1974 3941 2040 3989 Ει
2059 3958 2218 4005 spero,
2248 3943 2442 3992 confore
2473 3942 2538 3992 A.
2559 3943 2595 3999 i,
2623 3948 2669 3993 1.
2697 3945 2791 3991 140

1797 3996 2053 4054 Confiteor.
2120 4006 2280 4071 Atque
2311 4008 2404 4056 hoc
2425 4007 2669 4063 confiteor,
2682 4003 2793 4068 juro

1729 4067 1847 4117 mihi
1867 4070 2090 4134 obtigisse
2106 4070 2173 4121 A.
2197 4073 2324 4126 iim.
2345 4076 2371 4121 1
2395 4071 2599 4135 Ignosce
2621 4089 2634 4118 ε
2656 4077 2791 4119 orat:

1729 4135 2010 4182 confitetur:
2044 4144 2215 4200 purgat
2245 4136 2336 4184 Ph.
2383 4152 2429 4192 v,
2453 4140 2500 4185 8.
2522 4140 2589 4185 46
2626 4134 2790 4183 Confi-

1727 4205 1843 4255 tere,
1861 4206 1994 4247 tuum
2009 4216 2104 4247 non
2115 4216 2216 4249 esse
2237 4200 2361 4248 Hea.
2382 4217 2432 4262 v,
2453 4204 2501 4249 8.
2526 4203 2588 4248 18
2622 4200 2792 4261 Egone

1728 4264 1969 4319 confitear,
1999 4281 2154 4313 meum
2187 4281 2285 4312 non
2307 4280 2409 4313 esse
2429 4264 2597 4320 filium,
2619 4262 2703 4327 qui
2727 4262 2792 4309 sit

1727 4328 1889 4377 meus?
1922 4328 2047 4381 Hcs.
2072 4346 2118 4389 v,
2141 4333 2191 4380 8.
2217 4332 2278 4379 14
2323 4328 2468 4386 Quod
2503 4329 2642 4377 ambo
2671 4342 2792 4377 cone
