3192 4975
583 446 770 510 clxiv

583 624 710 658 nunc
735 610 780 657 in
805 609 929 656 iiiam
954 608 1140 673 iniquos
1179 606 1292 656 siem
1317 612 1334 657 ?
1391 605 1481 658 He.
1508 610 1575 667 iii,
1595 617 1641 659 5.

585 680 648 725 35
683 676 772 723 Sed
798 690 926 721 nunc
942 690 999 720 ea
1021 689 1096 721 me
1112 675 1370 737 exquirere,
1390 676 1537 739 iniqui
1559 693 1642 739 pa·

585 741 666 787 tris
688 746 758 787 est
790 739 850 785 A.
871 740 908 794 i,
930 744 978 787 2.
1006 742 1068 785 16
1119 738 1196 784 Ne
1221 739 1338 787 istuc
1361 746 1454 787 tam
1479 742 1643 805 iniquo

584 805 762 865 patiare
785 804 938 849 animo
993 801 1084 849 Eu.
1109 803 1160 857 ii,
1187 808 1231 851 1.
1255 808 1286 852 6
1342 804 1460 851 Eum
1487 806 1644 853 animo

583 869 747 932 iniquo
771 869 862 914 hoc
884 868 1064 931 oppido
1087 868 1204 914 ferre
1226 866 1358 915 aiunt
1410 870 1501 917 Ph.
1523 888 1568 926 v,
1597 874 1643 919 1.

587 938 651 982 86
707 929 862 989 Quam
886 932 1033 996 iniqui
1057 943 1167 980 sunt
1203 939 1356 992 patres
1391 933 1441 981 in
1480 950 1645 982 omnes

583 997 906 1044 adolescentes
919 997 1136 1060 judices!
1191 996 1310 1043 Hea-
1335 999 1383 1054 ii,
1412 1002 1455 1045 1.
1481 1004 1505 1047 1
1566 998 1645 1047 Ne

584 1060 866 1124 euminique
884 1062 1032 1126 iniqui
1047 1061 1266 1109 irrideant
1289 1061 1380 1109 He.
1396 1061 1498 1113 Alt.
1519 1063 1646 1111 Proi.

583 1132 650 1175 46
707 1126 806 1173 Vos
843 1135 996 1173 oratos
1032 1126 1154 1182 volo,
1191 1142 1252 1172 ne
1291 1126 1394 1188 pius
1432 1128 1645 1190 iniquum

585 1191 732 1252 possit
765 1206 905 1253 qnam
945 1206 1147 1253 aequum,
1171 1190 1318 1237 oratio
1375 1191 1494 1238 Hea.
1519 1192 1646 1239 Proi-

583 1258 646 1303 27
709 1254 860 1303 Poeta
903 1256 1066 1310 sensit,
1102 1255 1372 1315 scripturam
1412 1272 1543 1302 suam
1583 1258 1644 1304 ab

586 1320 756 1383 iniquis
780 1320 1011 1367 observari
1044 1320 1138 1367 Ad.
1169 1319 1292 1365 Proi.
1317 1324 1348 1369 2
1401 1320 1522 1369 Cum
1547 1322 1645 1378 illa,

587 1398 691 1446 quae
717 1385 763 1430 in
788 1400 860 1430 me
885 1385 1046 1447 iniqua
1067 1391 1154 1439 est,
1179 1398 1313 1447 aequa
1335 1385 1396 1432 de
1419 1401 1494 1432 me
1513 1386 1645 1432 dixe·

585 1448 646 1494 rit
700 1448 790 1495 He.
816 1448 881 1504 iii,
907 1454 953 1497 5.
977 1454 1039 1497 25
1097 1448 1301 1496 Censen'
1325 1464 1398 1496 me
1435 1452 1647 1511 potuisse

587 1514 803 1575 proloqui
827 1513 969 1559 ullam
989 1528 1194 1566 causam.
1217 1513 1426 1575 ineptam
1463 1514 1647 1570 saltem,

585 1576 766 1632 falsam,
808 1577 1055 1641 iniquam?
1111 1576 1172 1623 A.
1195 1577 1229 1634 i,
1250 1584 1295 1625 5.
1317 1582 1382 1626 22
1433 1579 1510 1625 Ita
1545 1580 1648 1625 ani-

587 1654 715 1688 mum
738 1642 1020 1688 induxerunt
1041 1656 1197 1689 socrus
1221 1658 1382 1690 omnes
1415 1658 1517 1691 esse
1557 1644 1647 1690 ini-

586 1722 704 1767 quas
740 1706 830 1754 He.
855 1708 904 1761 ii,
927 1711 974 1754 3.
995 1713 1024 1753 5
1065 1707 1310 1763 Inscitum,
1335 1708 1500 1761 offerre
1521 1707 1647 1771 inju-

589 1770 704 1817 riam
752 1771 838 1817 tibi
884 1787 956 1817 me
1001 1772 1278 1828 immerenti,
1322 1772 1532 1835 iniquom
1577 1780 1651 1819 est

588 1833 681 1881 He.
703 1852 746 1891 v,
773 1840 820 1883 1.
846 1840 905 1884 13
961 1835 1090 1891 Quid
1115 1836 1223 1883 est?
1280 1851 1394 1883 num
1433 1837 1648 1898 iniquum

589 1900 776 1961 postuio
797 1900 813 1946 ?
865 1900 951 1946 Ph.
976 1900 1024 1955 ii,
1049 1904 1095 1948 3.
1115 1905 1176 1949 64
1231 1901 1375 1963 AEqui
1401 1903 1540 1947 modo
1564 1902 1649 1947 ali-

589 1964 722 2026 quid.
758 1964 860 2011 AEs.
880 1964 986 2010 Vah
1007 1965 1017 2009 !
1041 1964 1147 2011 leno
1168 1965 1330 2027 iniqua
1345 1980 1419 2013 me
1439 1980 1534 2012 non
1550 1966 1652 2013 voit

591 2029 720 2091 loqui
755 2028 852 2077 Ad.
878 2028 928 2084 ii,
955 2034 1000 2075 1.
1022 2033 1084 2076 33
1121 2029 1336 2077 Fortasse
1360 2030 1650 2093 aliquantum

590 2092 795 2156 iniquior
815 2100 914 2141 erat
931 2100 1099 2156 praeter
1119 2093 1223 2157 ejus
1248 2094 1505 2142 lubidinem
1529 2094 1652 2142 Hea.

589 2158 623 2215 i,
648 2162 696 2207 2.
717 2162 779 2207 27

655 2222 818 2269 Initio.
885 2222 985 2270 Ubi
1007 2221 1094 2269 erit
1115 2238 1265 2285 puero
1305 2222 1473 2270 natalis
1512 2222 1650 2271 dies:

593 2286 672 2334 ubi
693 2288 947 2334 initiabunt
984 2288 1068 2333 Ph.
1094 2289 1127 2341 i,
1157 2292 1198 2334 1.
1221 2292 1278 2335 15

657 2350 869 2398 Initium.
937 2350 1230 2397 Narrationis
1246 2349 1415 2411 incipit
1429 2351 1544 2397 mihi
1562 2352 1654 2399 ini-

588 2415 723 2463 tium·
761 2413 822 2461 A.
845 2415 909 2470 iv,
930 2419 978 2462 2.
1003 2419 1068 2461 26
1123 2414 1264 2461 Unde
1286 2421 1435 2460 ortum
1458 2426 1530 2462 est
1561 2417 1653 2462 ini-

592 2480 708 2528 tium
731 2478 810 2526 irae
861 2478 955 2526 He.
973 2478 1040 2532 iii,
1060 2482 1108 2526 2.
1133 2482 1195 2528 16
1229 2477 1323 2526 Hic
1346 2479 1465 2526 adeo
1488 2480 1558 2527 his
1581 2497 1656 2528 re-

593 2547 679 2592 bus
695 2544 896 2592 annulus
912 2544 1002 2590 fuit
1016 2543 1205 2590 initium
1221 2543 1524 2591 inveniundis
1555 2545 1652 2595 He.

592 2625 638 2666 v,
661 2613 709 2658 3.
730 2613 794 2658 23
845 2608 1046 2672 Nequeo
1069 2624 1272 2656 mearum
1295 2623 1444 2656 rerum
1466 2609 1654 2658 initium

590 2674 738 2722 nilum
774 2673 986 2722 invenire
1021 2673 1261 2731 idoneum,
1284 2674 1413 2720 unde
1466 2673 1560 2722 He.
1583 2675 1654 2733 iii,

660 2802 855 2866 Injuria.
921 2803 994 2850 Ea
1016 2803 1214 2866 primum
1237 2803 1299 2850 ab
1322 2801 1403 2849 iilo
1440 2801 1654 2850 animad-

594 2868 818 2916 vertenda
840 2866 1008 2930 injuria
1031 2876 1104 2915 est
1137 2866 1200 2913 A.
1223 2867 1256 2924 i,
1285 2871 1328 2916 1.
1353 2871 1448 2916 129
1496 2867 1605 2915 Tibi
1628 2884 1657 2916 a

593 2949 668 2981 me
692 2933 821 2980 nulia
855 2940 956 2980 orta
991 2940 1064 2981 est
1096 2931 1266 2994 injuria
1321 2930 1418 2978 Ad.
1442 2932 1494 2987 ii.
1521 2937 1565 2979 Ι.
1589 2937 1653 2981 35

592 2996 910 3061 Accipiunda,
934 3005 984 3044 et
1006 2996 1292 3044 mussitanda
1329 2995 1500 3059 injuria
1537 2998 1659 3044 ado-

592 3061 868 3110 lescentium
891 3069 963 3110 est
1013 3061 1110 3109 Ad.
1132 3061 1182 3117 ii,
1209 3066 1254 3110 1.
1277 3065 1338 3109 53
1399 3060 1501 3108 Etsi
1542 3061 1657 3108 mihi

592 3126 718 3174 facta
740 3127 908 3189 injuria
928 3133 1000 3174 est
1047 3127 1136 3174 Ph.
1155 3125 1205 3182 ii,
1229 3130 1275 3174 3.
1299 3130 1364 3173 60
1397 3125 1506 3174 Una
1529 3125 1656 3189 inju-

595 3191 664 3239 ria
685 3198 758 3238 est
781 3199 936 3238 tecum
972 3191 1063 3238 Ph.
1086 3206 1132 3244 v,
1153 3195 1200 3238 7.
1224 3193 1288 3238 90
1328 3189 1528 3238 Decrevi
1552 3197 1656 3237 tan-

595 3257 743 3317 tisper
765 3271 837 3302 me
860 3255 1011 3302 minus
1026 3254 1208 3317 injuriae
1223 3271 1326 3301 meo
1344 3263 1486 3322 gnato
1503 3255 1659 3303 facere

597 3319 720 3367 Hes.
743 3320 776 3374 i,
803 3324 931 3384 ¹·.9⁵
988 3319 1114 3366 Huic
1138 3320 1308 3366 veritus
1342 3327 1414 3366 est
1449 3327 1659 3382 optumae

597 3383 886 3431 adolescenti
915 3383 1066 3430 facere
1104 3382 1323 3445 injuriam
1381 3384 1444 3430 A.
1465 3385 1534 3438 iii,
1556 3388 1604 3432 2.
1628 3388 1659 3432 8

597 3447 720 3496 Cum
745 3463 802 3494 eo
827 3446 1041 3510 injuriam
1068 3449 1192 3495 hanc
1231 3448 1560 3524 expostulem?
1596 3448 1659 3495 A.

599 3513 665 3574 iv,
691 3517 736 3560 1.
763 3517 820 3560 15
875 3511 1012 3559 Facis
1049 3515 1170 3560 adeo
1211 3512 1404 3576 indigne
1443 3512 1660 3576 injuriam

599 3575 670 3624 illi
718 3575 842 3624 Hea.
865 3577 934 3632 iii,
958 3581 1004 3624 3.
1028 3582 1057 3625 4
1117 3577 1214 3624 Etsi
1252 3577 1504 3625 AEschinus
1541 3591 1660 3623 non·

600 3641 777 3690 nuliam
800 3641 936 3688 nobis
957 3641 1070 3689 facit
1101 3641 1316 3704 injuriam
1350 3641 1446 3689 Ad.
1471 3643 1502 3702 i,
1523 3647 1570 3691 2.
1595 3647 1660 3691 68

599 3707 737 3754 Hanc
778 3704 992 3768 injuriam
1032 3707 1144 3753 mihi
1182 3707 1309 3754 nolle
1348 3707 1520 3753 factam
1558 3721 1662 3754 esse

606 3772 692 3818 Ad.
718 3771 767 3826 ii,
793 3777 836 3820 1.
859 3775 890 3820 8
947 3771 1042 3827 Qui
1066 3772 1133 3817 ita
1157 3779 1325 3832 putant
1347 3771 1433 3816 sibi
1459 3771 1554 3818 fieri
1588 3772 1660 3817 in-

604 3836 765 3898 juriam
804 3835 898 3882 Ad.
915 3836 980 3892 iv,
997 3841 1042 3882 3.
1061 3841 1090 3884 4
1122 3835 1191 3882 Te
1214 3835 1325 3881 mihi
1353 3834 1566 3896 injuriam
1591 3837 1659 3881 fa·

602 3917 706 3949 cere
739 3901 933 3947 arbitror
967 3901 1058 3946 He.
1080 3900 1131 3956 ii,
1155 3904 1202 3948 2.
1229 3904 1289 3948 14
1345 3898 1423 3945 lui
1465 3901 1662 3954 miserae,

602 3966 795 4028 indigne
820 3965 988 4012 saetam
1011 3962 1231 4027 injuriam
1271 3965 1531 4010 contesteris
1565 3963 1661 4011 He.

603 4031 670 4086 iii,
695 4037 741 4078 3.
764 4034 822 4077 41
866 4029 996 4076 Facis
1019 4029 1128 4076 huic
1153 4030 1272 4074 adeo
1296 4026 1532 4089 injuriam.
1600 4027 1663 4074 Et

603 4094 717 4141 facis
757 4093 992 4156 injuriam,
1037 4109 1141 4140 cum
1188 4093 1280 4138 He.
1321 4092 1382 4145 iv,
1419 4097 1466 4139 4.
1491 4095 1572 4140 68.
1597 4095 1663 4139 70

602 4158 783 4204 Offerre
811 4157 1026 4220 injuriam
1052 4159 1136 4203 tibi
1178 4173 1250 4205 me
1275 4157 1550 4208 immerenti,
1575 4156 1663 4201 ini-

601 4237 740 4282 quom
762 4231 847 4267 est.
884 4223 971 4269 Ba.
1007 4223 1105 4278 Qui
1129 4229 1235 4283 post
1255 4221 1426 4267 factam
1448 4219 1663 4282 injuriam

605 4301 654 4331 se
678 4295 920 4344 expurget,
945 4303 1104 4348 parum
1129 4285 1240 4331 mihi
1262 4284 1404 4348 prosit
1439 4285 1594 4336 He.v.
1622 4291 1664 4331 1.

603 4355 684 4399 13.
710 4354 768 4396 15
826 4349 899 4395 En
933 4351 1152 4412 cuiquam
1174 4348 1556 4396 contumeliosius
1580 4365 1666 4396 au-

1549 458 1795 509 INDEX

1717 612 1852 659 distis
1894 611 2065 659 factam
2118 608 2371 673 injuriam?
2427 610 2519 659 Ph.
2560 606 2614 668 ii,
2646 614 2703 658 ⁸8.
2742 612 2781 660 2

1718 677 1895 724 Nonne
1918 677 1964 723 id
1990 684 2063 723 sat
2082 684 2197 729 erat,
2220 675 2432 735 accipere
2453 676 2514 721 ab
2546 675 2628 722 illo
2651 674 2781 737 inju-

1718 740 1865 788 riam?
1904 741 1997 789 Ph.
2020 758 2066 797 v,
2090 745 2138 789 2’.
2162 745 2191 788 4
2228 738 2525 787 Gaudebarn.
2558 740 2635 788 So.
2659 738 2773 787 Non

1720 805 1889 867 injuria
1923 804 1985 854 A.
2008 805 2045 861 i,
2070 810 2117 853 1.
2142 808 2204 853 33
2240 802 2686 868 Quojure,quaque
2704 804 2777 851 in·-

1712 870 1841 933 juria
1886 870 2175 931 praecipitem
2222 884 2299 915 me
2342 869 2473 915 dabit
2513 868 2577 916 A.
2612 870 2643 924 i,
2670 873 2773 917 3.9

1719 935 1858 997 Ipsus
1882 934 1968 980 sibi
1992 950 2093 981 esse
2114 932 2312 995 injurius
2344 932 2585 980 videatur:
2622 948 2777 995 neque

1718 1000 1768 1046 id
1793 999 1962 1061 injuria
1994 999 2057 1045 A.
2079 998 2135 1054 ii,
2158 1002 2204 1045 3.
2228 1002 2256 1045 3
2296 997 2580 1043 Metueb‘ant
2613 1012 2777 1044 omnes

1712 1063 1813 1126 jam
1836 1080 1926 1111 me.
1973 1064 2069 1110 Gn.
2102 1062 2216 1110 Non
2241 1061 2409 1124 injuria
2433 1062 2523 1109 Eu.
2546 1060 2617 1115 iii.
2641 1066 2688 1111 1.
2710 1065 2781 1109 43

1720 1129 1857 1175 Malo
1880 1144 1969 1189 ego
1990 1144 2078 1173 nos
2096 1126 2380 1191 prospicere,
2402 1142 2542 1199 quarn
2562 1128 2686 1173 hune
2704 1126 2778 1171 ui-

1720 1193 1853 1248 cisci,
1877 1200 2073 1254 accepta
2095 1192 2264 1254 injuria
2298 1189 2387 1237 Eu.
2411 1206 2479 1251 ιν,
2495 1195 2544 1239 6.
2568 1194 2631 1239 24
2664 1190 2781 1239 Cre-

1722 1258 1821 1314 do;
1854 1273 2008 1319 neque
2050 1257 2101 1303 id
2141 1255 2317 1317 injuria
2360 1254 2481 1301 Heu.
2513 1254 2587 1311 iii,
2627 1258 2673 1302 3.
2712 1259 2791 1303 20³

1721 1321 1901 1369 Matres
1940 1336 2101 1368 ornnes
2141 1320 2248 1366 filiis
2289 1318 2466 1366 auxilio
2502 1320 2554 1366 in
2588 1326 2781 1382 paterna

1722 1384 1892 1449 injuria
1912 1386 2066 1433 solent
2084 1400 2185 1432 esse
2218 1383 2341 1431 Heu.
2366 1399 2411 1438 v,
2434 1388 2477 1431 2.
2505 1388 2571 1432 39
2618 1382 2783 1445 Ιιιε]ιι-ι

1722 1451 1917 1496 randum
1943 1451 2147 1503 dabitur,
2171 1458 2216 1495 te
2239 1463 2341 1496 esse
2370 1446 2619 1509 indignum
2654 1448 2783 1510 inju-

1722 1514 1788 1560 ria
1812 1515 1899 1562 hac
1932 1513 2029 1562 Ad.
2053 1514 2104 1569 ii,
2130 1519 2175 1561 1.
2203 1516 2261 1561 12
2303 1511 2399 1568 Qui
2425 1512 2629 1559 insanire
2652 1512 2782 1559 occi-

1725 1579 1865 1641 piunt
1902 1594 1957 1626 ex
2000 1578 2167 1640 injuria
2199 1576 2297 1623 Ad.
2336 1576 2386 1631 ii,
2422 1580 2469 1626 l.
2506 1580 2571 1625 43
2624 1575 2787 1639 Prope

1716 1642 1816 1705 jam
1848 1650 2075 1691 remotum
2111 1641 2285 1704 injuria
2326 1641 2640 1687 adversarium
2686 1641 2782 1689 He.

1723 1706 1823 1754 Ait.
1846 1708 1971 1757 Prol.
1998 1711 2058 1756 14
2106 1706 2306 1766 Vereor,
2347 1707 2458 1752 hera
2493 1720 2554 1752 ne
2588 1705 2794 1768 indigne·

1721 1772 1898 1835 injuria
1936 1772 2165 1819 afficiatur
2197 1769 2288 1818 Ph.
2313 1785 2358 1825 v,
2386 1774 2431 1819 l.
2450 1774 2481 1818 3
2534 1768 2592 1817 In
2628 1785 2791 1818 amore·

1724 1837 1825 1883 haec
1858 1837 2019 1883 insunt
2060 1836 2208 1882 vitia:
2250 1832 2451 1896 injurias,
2496 1834 2785 1897 suspiciones

1725 1900 1817 1949 Eu.
1852 1901 1884 1956 i,
1921 1905 1966 1948 1.
1998 1905 2058 1949 14
2108 1899 2363 1946 Parentum
2401 1897 2585 1961 injurire
2625 1901 2787 1945 unius·-

1724 1965 1852 2011 modi
1874 1971 1984 2011 sunt
2002 1966 2147 2011 ferme
2180 1963 2304 2013 Hea.
2335 1964 2368 2017 i,
2390 1966 2439 2011 2.
2465 1968 2529 2011 30
2584 1962 2659 2008 En
2696 1980 2785 2010 un-

1725 2044 1867 2091 quam
1900 2028 2174 2091 injuriarum
2196 2027 2373 2074 audisti
2404 2026 2517 2075 mihi
2564 2030 2789 2090 scriptam

1726 2094 1879 2141 dicam
1901 2095 1917 2140 ?
1953 2094 2043 2142 Ph.
2084 2093 2135 2145 ii,
2158 2098 2206 2141 2.
2230 2096 2291 2141 15
2342 2092 2519 2141 Carens
2542 2094 2693 2154 patria
2714 2094 2777 2139 ob

1727 2174 1854 2205 nie-os
1874 2157 2068 2221 injurias
2090 2157 2214 2204 Hes.
2235 2157 2270 2213 i,
2298 2160 2339 2205 1.
2364 2162 2424 2207 85
2461 2156 2787 2214 Incommode,

1728 2230 1868 2285 atque
1890 2222 2084 2284 injurias
2106 2221 2190 2267 viri
2214 2236 2375 2269 omnes
2411 2221 2529 2268 ferre
2561 2221 2657 2271 He.
2678 2222 2713 2278 i,
2736 2226 2786 2271 2.

1726 2291 1795 2335 90
1842 2288 2013 2333 Matris
2034 2288 2152 2333 ferre
2174 2285 2371 2349 injurias
2396 2300 2488 2342 me,
2523 2285 2673 2348 pietas
2705 2285 2791 2348 ju·-

1728 2351 1825 2399 bet.
1890 2351 2009 2399 Tum
2051 2351 2183 2397 uxori
2228 2350 2458 2398 obnoxius
2510 2366 2629 2399 sum.
2695 2350 2791 2399 Tot:

1731 2430 1855 2463 meas
1896 2416 2120 2478 injurias!
2158 2414 2253 2463 He.
2286 2415 2356 2473 iii,
2382 2421 2425 2463 1.
2446 2418 2528 2463 21.
2553 2420 2617 2464 23
2674 2414 2789 2462 Non

1729 2495 1986 2542 maxumas,
2020 2497 2126 2544 quae
2166 2495 2393 2529 maxumae
2416 2488 2527 2528 sunt
2546 2479 2789 2528 interdum

1727 2544 1829 2604 ine,
1864 2544 2058 2608 injurias
2094 2544 2275 2593 faciunt
2306 2545 2399 2592 He.
2432 2544 2504 2602 iii,
2542 2549 2586 2593 1.
2620 2550 2684 2594 27
2738 2545 2792 2592 Si

1729 2609 1929 2724 2⁰⁸3‘ei'
1951 2609 2587 2737 {miffiffiffdssaffzzsssss
2608 2609 2797 2738 Ξίᾖῖἶίἷῖἷῗ.

1777 2706 1791 2721 .
1846 2710 1861 2731 ,
1919 2709 1932 2723 .

1729 2738 1827 2786 He.
1849 2739 1885 2800 i,
1906 2744 1957 2788 2.
1978 2743 2042 2788 93

1795 2803 2020 2867 Injurius,
2044 2819 2089 2860 a,
2114 2820 2209 2851 um.
2273 2801 2413 2865 Ipsus
2436 2801 2522 2849 sibi
2540 2817 2640 2850 esse
2662 2801 2797 2864 inju-

1730 2867 1823 2916 rius
1842 2869 2086 2916 videatur:
2122 2883 2277 2932 neque
2300 2868 2349 2914 id
2372 2867 2544 2932 injuria
2577 2865 2638 2914 A.
2663 2865 2718 2928 ii,
2739 2872 2793 2916 3.

1732 2937 1761 2982 3
1832 2933 2130 2980 Multimodis
2183 2932 2396 2995 injurius,
2456 2932 2685 2995 Clitipho,
2742 2947 2799 2979 es

1731 2997 1854 3046 Hes.
1882 2998 1930 3054 ii,
1956 3003 2003 3047 3.
2026 3003 2093 3048 79
2122 2997 2194 3044 Tu
2216 3013 2344 3044 nuuc
2368 2997 2453 3044 tibi
2477 2998 2525 3043 id
2553 2996 2680 3043 laudi
2702 2995 2791 3043 du-

1732 3061 1818 3117 cis,
1842 3064 1969 3125 quod
2009 3073 2108 3108 tum
2142 3062 2294 3109 fecisti
2335 3061 2534 3123 inopia?
2569 3059 2792 3123 injurium

1732 3134 1804 3174 cst
1837 3126 1934 3176 Ad.
1957 3127 1990 3182 i,
2014 3131 2061 3175 2.
2087 3130 2152 3174 26
2196 3126 2253 3172 Id
2278 3140 2466 3187 quoque
2491 3140 2677 3186 possum
2704 3126 2796 3172 fer-

1732 3206 1800 3246 re,
1824 3192 1862 3238 si
1886 3192 2026 3237 modo
2049 3191 2213 3236 reddat
2237 3206 2249 3237 :
2276 3203 2545 3250 quanquam
2567 3187 2795 3250 injurium

1732 3263 1807 3302 est
1837 3253 1935 3301 Ad.
1961 3255 2019 3313 ii,
2044 3258 2089 3302 l.
2112 3259 2174 3302 51
2227 3254 2315 3300 Pol
2338 3254 2537 3300 eandem
2571 3252 2794 3315 injurium

1732 3328 1807 3365 est
1836 3335 1937 3368 esse
1960 3319 2197 3365 omnibus.
2235 3319 2322 3382 Sy.
2361 3316 2595 3380 Injuriurn
2634 3325 2799 3364 autem

1732 3390 1805 3432 est
1825 3383 1989 3431 ulcisci
2012 3383 2334 3430 adversarios?
2370 3381 2462 3431 He.
2498 3383 2533 3438 i,
2559 3387 2603 3430 1.
2629 3386 2707 3430 14.
2733 3388 2793 3430 15

1798 3448 2029 3511 Injussus.
2096 3448 2333 3496 Incendor
2376 3448 2446 3494 ira
2494 3461 2597 3494 esse
2633 3453 2803 3494 ausam²

1733 3513 1887 3560 facere
1911 3514 2010 3560 haec
2034 3521 2080 3560 te
2106 3513 2285 3575 injussu
2319 3527 2423 3558 meo
2456 3511 2551 3558 He.
2575 3511 2637 3565 iv,
2660 3515 2705 3559 1.
2728 3515 2793 3559 47

1740 3578 1942 3624 Puerum
1962 3578 2011 3624 in
2010 3577 2166 3639 jussu.
2188 3577 2344 3631 credo,
2375 3589 2471 3620 nnn
2497 3574 2667 3622 tollent
2686 3589 2795 3621 meo

1736 3641 1829 3689 He.
1864 3643 1931 3697 iv,
1952 3648 2001 3690 4.
2025 3646 2089 3690 82
2124 3639 2259 3687 Itane
2280 3653 2468 3686 uxorem
2492 3639 2630 3684 duxit
2650 3638 2797 3685 Anti-

1736 3710 1831 3770 pho
1854 3707 2031 3768 injussu
2055 3721 2160 3751 meo
2196 3704 2286 3750 Ph.
2307 3703 2359 3760 ii,
2384 3707 2429 3751 1.
2458 3709 2481 3752 1

1802 3770 2057 3830 Injnstitia.
2105 3769 2199 3814 Tot
2221 3785 2293 3815 res
2315 3768 2685 3824 circumvallant,
2708 3767 2797 3828 vis,

1736 3843 1934 3892 egestas,
1958 3833 2189 3896 injustitia
2209 3833 2308 3880 Ad.
2330 3835 2403 3890 iii,
2426 3838 2474 3882 2.
2497 3839 2526 3881 5
2562 3833 2681 3880 Eum
2704 3847 2799 3892 ego

1736 3901 1847 3947 hinc
1870 3898 1987 3959 ejeci
2028 3898 2245 3945 miserum
2280 3898 2513 3962 injustitia
2537 3913 2640 3945 mea
2672 3897 2799 3944 Hea-

1740 3963 1773 4019 ἱ,
1802 3969 1843 4010 1.
1868 3967 1931 4010 82

1802 4027 2030 4090 Injustus,
2053 4043 2097 4080 a,
2123 4043 2215 4074 um.
2282 4027 2437 4083 Quam
2461 4025 2799 4086 multainjusta

1738 4107 1793 4138 ac
1821 4107 1957 4152 prava
1992 4092 2113 4137 finnt
2148 4092 2379 4138 moribus!
2420 4091 2540 4136 Hea.
2573 4091 2637 4143 iv,
2658 4094 2707 4137 7.
2734 4096 2791 4138 11

1739 4157 1864 4213 Quin
1890 4171 1981 4202 non
2014 4156 2160 4218 justa,
2195 4156 2368 4218 injusta
2402 4169 2585 4216 prorsus
2619 4154 2794 4209 omnia,

1739 4223 1930 4268 omnino
1956 4221 2189 4282 obsequor
2223 4221 2315 4269 Ad.
2350 4235 2394 4272 v,
2418 4222 2466 4265 9.
2492 4222 2553 4266 33
2590 4217 2797 4266 Homine

1738 4287 1954 4395 ἰΑηέρετίτο
1994 4299 2233 4396 ιιὲιυῳιειω
2277 4283 2528 4347 quicquam
2576 4282 2798 4345 injustius

1824 4384 1835 4397 .
1862 4350 1894 4404 i,
1918 4355 1965 4397 2·
1992 4355 2013 4398 1
