3192 4975
560 412 720 480 cxiv

561 573 1508 704 ...Α
1541 657 1597 688 .,

562 707 821 769 tinguerem
844 702 936 766 ipsi
984 702 1083 751 Ad.
1106 703 1175 762 iii,
1195 710 1247 755 2.
1275 709 1336 755 16
1369 704 1455 762 Ut,
1476 705 1529 752 ni
1551 705 1623 752 vis

559 771 671 820 boni
694 769 747 816 in
768 769 869 830 ipsa
888 768 1063 816 inesset
1094 768 1258 825 forrua,
1292 770 1395 818 haec
1427 769 1622 816 formam

561 835 886 896 extinguerent
906 832 997 882 Ph.
1020 831 1055 887 i,
1074 837 1122 881 2.
1138 838 1202 882 58
1242 833 1537 896 Puerumque
1560 834 1624 881 ob

564 915 667 949 earn
690 913 785 946 rem
807 896 926 945 clam
966 895 1135 952 voluit,
1156 905 1293 946 natus
1310 898 1393 962 qui
1432 905 1520 956 est,
1542 913 1623 946 ex-

572 964 787 1022 tinguere
818 960 914 1008 He.
933 977 981 1018 v,
1005 964 1052 1010 1.
1072 965 1137 1010 22

628 1025 917 1090 Extorqueo.
980 1024 1135 1072 Immo
1179 1025 1333 1073 hercle
1374 1032 1622 1090 extorque,

565 1091 653 1139 nisi
676 1090 744 1137 ita
765 1091 941 1138 factum
964 1096 1037 1136 est
1067 1088 1168 1139 Ad.
1191 1090 1262 1145 iii,
1282 1093 1333 1138 4.
1353 1094 1417 1139 37

628 1153 862 1202 Extortor.
925 1154 1167 1205 Bonorum
1206 1161 1427 1213 extortor,
1462 1155 1623 1218 legum

563 1226 801 1269 contortor
834 1219 928 1268 Ph.
952 1218 1004 1279 ii,
1025 1222 1072 1267 3.
1094 1223 1156 1268 27

627 1283 789 1334 Extra.
856 1282 1089 1345 Magnum
1111 1283 1201 1332 hoc
1224 1297 1414 1346 quoque
1436 1283 1622 1345 signum

563 1355 653 1406 est,
675 1347 912 1396 dominam
934 1362 1035 1395 esse
1058 1354 1187 1395 extra
1202 1347 1390 1394 noxiam
1424 1347 1549 1395 Hea.
1570 1347 1622 1404 ii,

565 1417 615 1461 3.
638 1416 700 1461 57
757 1410 899 1469 Quod
924 1426 997 1459 me
1020 1418 1211 1460 accusat
1245 1427 1373 1460 nunc
1410 1412 1497 1467 vir,
1520 1427 1624 1459 sum

564 1483 695 1524 extra
716 1477 901 1524 noxiam
934 1475 1028 1524 He.
1051 1476 1107 1538 ii,
1129 1481 1179 1524 3.
1204 1479 1234 1524 3
1282 1475 1537 1531 Interdico,
1560 1491 1625 1523 ne

564 1539 789 1602 extulisse
808 1549 937 1588 extra
955 1540 1081 1588 aedes
1138 1555 1299 1588 uerum
1323 1555 1519 1604 usquam
1540 1554 1624 1588 ve-

566 1603 627 1653 lis
682 1604 778 1656 He.
802 1605 867 1662 iv,
892 1609 941 1653 1.
959 1607 1026 1654 48
1130 1620 1252 1668 eque
1288 1611 1446 1662 notus,
1468 1619 1624 1668 neque

567 1677 815 1732 cognatus,
854 1677 985 1717 extra
1027 1684 1168 1718 unam
1202 1668 1459 1730 aniculam,
1493 1670 1624 1733 quis—

567 1748 709 1796 quam
731 1733 892 1782 aderat
946 1733 1038 1782 Ph.
1063 1734 1099 1790 i,
1122 1738 1169 1782 2.
1190 1737 1257 1782 48
1308 1733 1397 1782 Me
1432 1733 1625 1782 censen'

567 1798 779 1909 pqtuisse
800 1797 962 1873 omnia
976 1798 1235 1910 ἰῗξεΙξξθῐε
1266 1805 1410 1912 {ng}
1434 1797 1625 1856 ostium,

565 1877 619 1910 ιιι
640 1877 696 1908 us
750 1877 822 1909 use
840 1877 867 1910 e
928 1877 995 1908 rm
1168 1893 1182 1909 .
1203 1880 1251 1918 v,
1309 1893 1323 1908 .

636 1876 859 1976 Ext‘iaho.
868 1877 977 1974 80Ν
978 1941 1099 1989 eque
1120 1942 1215 1990 quo
1235 1925 1379 1973 modo
1403 1941 1479 1974 me
1509 1926 1627 1974 inde

570 1992 810 2039 extraham
842 1990 935 2039 Ph.
958 1990 993 2048 i,
1014 1995 1065 2041 4.
1089 1995 1119 2040 3
1152 1989 1342 2047 Nescis,
1363 2005 1421 2038 ex
1450 1997 1628 2054 quanta

572 2071 777 2104 aerumna
798 2055 1046 2103 extraxeris
1078 2055 1173 2103 He.
1195 2071 1243 2112 v,
1264 2058 1312 2103 4.
1336 2058 1401 2104 36

637 2119 890 2176 Exn-arius,
912 2134 958 2175 a,
981 2135 1078 2168 um.
1143 2119 1284 2168 Hanc
1305 2115 1629 2168 conditio'nem

572 2183 611 2230 si
636 2183 715 2231 cui
736 2184 887 2232 tulero
909 2185 1107 2232 extrario
1141 2184 1233 2234 Ph.
1251 2183 1318 2240 iv,
1344 2188 1388 2233 1.
1411 2188 1474 2233 13

634 2247 897 2305 Extremus,
912 2264 958 2304 a,
975 2265 1072 2297 um.
1122 2248 1263 2297 Certe
1282 2255 1487 2296 extrema
1502 2247 1630 2296 linea

569 2326 723 2358 amare
745 2312 872 2359 haud
893 2312 1011 2358 nihil
1030 2319 1103 2359 est
1134 2310 1223 2358 Eu.
1244 2311 1313 2372 iv,
1331 2316 1379 2361 2.
1399 2315 1461 2360 12

632 2373 861 2426 Extrudo.
928 2374 995 2422 Di
1019 2383 1068 2423 te
1104 2375 1362 2431 eradicent,
1384 2375 1524 2438 Syre,
1544 2375 1630 2485 (Ei

569 2452 645 2485 me
680 2438 793 2488 hinc
830 2438 1037 2486 extrudis
1088 2438 1211 2486 Hea.
1243 2437 1312 2495 iii,
1350 2441 1399 2486 3.
1434 2441 1499 2486 28

570 2511 806 2551 amantem
845 2503 1043 2553 invitum
1083 2502 1382 2565 Pamphilum
1421 2504 1630 2551 extrudit

568 2574 703 2629 pater
759 2566 853 2617 He.
878 2566 914 2623 i,
937 2570 985 2615 2.
1018 2570 1083 2615 08
1134 2566 1223 2614 Me
1266 2567 1460 2615 extrusit
1500 2567 1625 2615 foras

569 2630 753 2686 Eu.iv,
776 2636 824 2679 5.
849 2635 907 2680 11
964 2630 1154 2687 Metuo,
1184 2646 1326 2696 quam
1363 2646 1425 2679 ne
1467 2632 1626 2679 denno

570 2696 711 2742 miser
731 2695 891 2759 aliquo
912 2696 1130 2743 extrudar
1150 2696 1262 2743 hine
1293 2696 1417 2745 Hea.
1438 2695 1506 2752 iv,
1528 2700 1577 2745 9.
1595 2702 1626 2745 5

569 2758 759 2822 Injecta
778 2768 853 2808 est
866 2775 975 2823 spes
994 2760 1131 2823 patri,
1145 2775 1283 2823 posse
1302 2759 1429 2807 illam
1446 2760 1632 2807 extrudi

570 2824 661 2872 Ph.
682 2824 750 2882 iv,
773 2829 823 2874 4.
848 2828 908 2874 12
940 2824 991 2873 N
994 2839 1085 2872 unc
1108 2824 1297 2872 viduam
1317 2824 1519 2882 extrudi,
1536 2832 1631 2872 tur-

569 2904 632 2951 pe
654 2896 726 2936 est
757 2887 916 2944 Ph..v‚
939 2894 988 2939 7.
1009 2891 1075 2937 20

636 2952 807 3000 Exulo.
872 2952 1027 3003 Perii!
1052 2951 1318 3018 nam-domo
1342 2952 1481 3001 exulo
1504 2968 1632 3001 nunc

573 3016 669 3067 Eu.
691 3016 763 3076 iii,
786 3022 834 3066 5.
852 3022 917 3067 02
1180 3024 1187 3045 ’

1080 3209 1136 3257 F.

636 3336 783 3383 Faba.
847 3335 919 3384 At
938 3335 1064 3388 enim
1084 3335 1214 3384 istaec
1234 3334 1287 3383 in
1322 3350 1397 3383 me
1433 3335 1634 3384 cudetur

574 3401 686 3449 faba
718 3399 811 3447 Eu·
832 3400 884 3457 ii,
906 3405 956 3450 3ο
981 3403 1046 3449 89

638 3462 853 3514 Fabrica.
921 3464 1242 3512 Exadvorsum
1264 3462 1455 3513 fabrica.
1476 3464 1541 3512 ibi
1559 3474 1634 3514 est

568 3528 666 3579 Ad.
688 3530 747 3584 iv,
773 3533 821 3579 2.
849 3534 935 3579 45·
969 3528 1143 3591 Neque
1180 3527 1279 3576 illic
1320 3527 1497 3577 fabrica
1536 3530 1633 3577 ulla

568 3602 667 3641 erat
700 3592 799 3641 Ad.
836 3593 903 3651 iv,
920 3598 970 3643 6.
992 3597 1023 3641 4
1071 3591 1247 3640 Nonne
1270 3592 1329 3640 ad
1362 3609 1519 3642 senem
1543 3594 1631 3643 ali-

568 3674 712 3721 quam
733 3657 951 3707 fabricam
973 3657 1140 3721 fingit?
1176 3656 1298 3706 Hea.
1321 3656 1395 3717 iii,
1415 3663 1464 3707 2.
1486 3661 1550 3706 34

636 3722 835 3772 Fabula.
901 3721 1022 3778 Quae
1044 3730 1118 3769 est
1134 3722 1236 3769 haec
1255 3721 1414 3768 fabula
1434 3722 1452 3768 ?
1486 3722 1549 3769 A.
1565 3721 1633 3784 iv,

570 3791 620 3837 4.
641 3792 674 3837 8
708 3786 849 3842 Hem.
875 3802 981 3850 quae
1004 3788 1103 3834 haec
1127 3794 1199 3834 est
1218 3785 1380 3833 sabula
1401 3786 1417 3832 ?
1451 3784 1541 3832 Eu.
1563 3786 1629 3841 iv,

568 3856 618 3899 4.
640 3856 704 3901 22
738 3850 927 3900 Dehinc
951 3868 1010 3900 ne
1029 3850 1287 3915 expectetis
1306 3856 1630 3913 argumentum

568 3915 742 3962 fabulae
798 3915 894 3964 Ad.
919 3916 1045 3963 Prol.
1070 3920 1133 3964 22
1188 3914 1381 3978 Hecyra
1417 3921 1487 3961 est
1520 3914 1631 3961 huic

572 3995 747 4027 nomen
771 3980 945 4028 fabulae
978 3980 1071 4028 He.
1095 3978 1223 4026 Prol.
1246 3983 1272 4027 1
1309 3977 1533 4024 Fabulam
1555 3978 1630 4024 in-

566 4052 727 4108 ceptat
781 4044 845 4093 A.
870 4062 919 4107 v,
957 4050 1005 4095 4.
1036 4048 1101 4093 22
1158 4041 1421 4096 Exclamat,
1458 4041 1632 4103 furem,

570 4122 667 4154 non
692 4109 912 4170 poetam,
926 4109 1128 4155 fabulam
1148 4107 1332 4165 dedisse
1352 4122 1366 4153 ε
1405 4104 1630 4154 Colacem

566 4185 668 4217 esse
706 4172 843 4220 Naevi
888 4181 949 4225 et,
973 4172 1149 4227 Plauti,
1183 4178 1385 4219 veterem
1424 4170 1631 4217 fabulam

562 4232 659 4281 Eu.
680 4234 807 4283 Ptol.
840 4241 903 4286 23
927 4245 975 4284 et
1007 4242 1071 4286 25
1102 4234 1218 4283 ·Nae
1251 4234 1330 4282 ille
1363 4235 1492 4282 haud
1528 4236 1634 4297 scit,

566 4312 707 4361 quam
745 4300 858 4347 mihi
903 4316 1028 4349 nunc
1063 4301 1204 4348 surdo
1242 4306 1395 4346 narret
1427 4298 1633 4347 fabulam

563 4362 690 4411 Hea.
752 4362 807 4422 ii,
854 4368 902 4415 1.
951 4369 1013 4414 1⁰
1079 4364 1200 4412 Eam
1274 4365 1634 4413 commorientes

1558 423 1802 481 anEX

1702 572 1900 624 Plautus
1917 570 2033 620 fecit
2054 569 2258 620 fabulam
2299 570 2400 620 Ad.
2424 572 2554 623 Prol.
2587 579 2618 624 7
2651 572 2757 641 Ego

1700 652 1890 702 quoque
1917 637 2046 685 illam
2083 637 2298 686 inaudivi
2334 637 2541 685 fabulam
2574 639 2667 689 Ph.
2707 659 2759 699 v,

1699 707 1750 752 6.
1795 706 1858 751 37
1924 701 1984 748 In
2030 700 2200 750 Graeca
2241 702 2516 750 adolescens
2551 712 2641 760 est,
2675 707 2758 769 qui

1702 765 1862 814 lenoni
1883 765 2024 828 eripit
2043 765 2354 822 meretricem,
2377 765 2427 812 in
2449 766 2598 828 prima
2620 768 2757 818 fabu-

1699 829 1745 878 la
1793 829 1890 879 Ad.
1926 830 2055 880 Prol.
2099 835 2132 880 9
2169 829 2332 894 Lupus
2375 830 2423 876 in
2453 831 2614 880 fabula
2651 832 2751 884 Ad.

1697 893 1765 950 iv,
1801 900 1848 944 1.
1881 899 1941 944 21
2001 894 2230 942 Fabulae!
2287 894 2404 941 mihi
2445 909 2539 941 non
2583 897 2637 944 fit
2679 914 2760 947 ve-

1699 958 1893 1006 risimile
1935 959 1999 1008 A.
2024 960 2126 1014 i,3.
2153 964 2215 1008 19
2267 958 2489 1014 Fabulae!
2537 959 2604 1010 Si.
2640 961 2758 1010 Pro-

1697 1022 1824 1072 fecto
1848 1023 1914 1071 sic
1936 1030 2010 1072 est
2039 1023 2104 1072 A.
2127 1023 2204 1083 iii,
2226 1027 2274 1073 3.
2295 1028 2356 1072 21
2397 1023 2612 1072 Fabulae!
2637 1027 2754 1075 nihil

1650 1120 1654 1129 .
1699 1088 1810 1135 satis
1832 1087 1952 1135 firmi
1974 1087 2112 1136 video
2144 1087 2270 1137 Hea.
2293 1086 2346 1144 ii,
2369 1092 2419 1137 3.
2443 1093 2506 1138 95
2539 1089 2646 1137 Jam
2667 1106 2756 1139 nos

1697 1150 1869 1200 sabulae
1892 1167 2068 1208 sumus,
2089 1168 2250 1216 senex,
2272 1160 2414 1216 atque
2431 1167 2548 1199 araus
2581 1153 2671 1202 He.
2683 1153 2754 1212 iv,

1697 1219 1746 1264 3.
1774 1219 1834 1264 14
1869 1215 1954 1265 Sin
1977 1215 2117 1264 fidem
2135 1217 2217 1266 do.
2267 1215 2367 1264 Do.
2391 1215 2610 1266 Fabulae!
2665 1219 2757 1268 Ph.

1696 1280 1767 1335 iii,
1783 1284 1832 1329 2.
1849 1285 1878 1330 7
1911 1279 2117 1331 Missum
2132 1287 2178 1327 te
2195 1280 2408 1327 facimus.
2429 1281 2522 1330 Ph.
2539 1281 2754 1331 Fabulae!

1697 1343 1789 1393 Pb.
1813 1359 1861 1405 v,
1882 1349 1931 1393 7.
1952 1348 2016 1393 53
2072 1343 2261 1408 Populo
2286 1351 2338 1391 ut
2359 1344 2616 1406 placerent,
2639 1363 2758 1411 quas

1695 1408 1886 1457 fecisset
1906 1408 2088 1456 fabulas
2119 1409 2184 1458 A.
2209 1408 2336 1458 Prol.
2357 1413 2386 1458 3
2429 1409 2489 1456 In
2511 1425 2568 1457 eo
2590 1411 2758 1476 dispu-

1698 1479 1818 1528 tant,
1839 1471 2144 1523 contaminari
2164 1473 2449 1532 nondecere
2470 1474 2653 1522 fabulas
2686 1476 2754 1527 A.

1698 1537 1827 1586 Prol.
1850 1541 1910 1587 16
1943 1536 2035 1584 Eas
2051 1537 2232 1585 fabulas
2246 1536 2393 1585 factas
2409 1538 2533 1601 prius
2547 1538 2761 1602 Latinas,

1699 1602 1840 1650 scisse
1863 1617 1982 1659 sese,
2003 1602 2053 1650 id
2085 1617 2192 1649 vero
2229 1610 2458 1664 pernegat
2510 1602 2602 1651 Eu.
2625 1604 2756 1656 Prol.

1700 1669 1763 1716 33
1798 1665 1930 1722 Quas
1947 1667 2146 1714 antehac
2165 1665 2279 1714 fecit
2291 1665 2491 1723 fabulas,
2505 1669 2639 1716 tenui
2654 1684 2757 1718 esse

1699 1731 1927 1806 oratione·
1965 1730 2055 1778 Ph.
2076 1730 2204 1778 Prol.
2223 1734 2254 1780 4
2312 1730 2472 1792 Magis
2500 1732 2759 1799 placerent,

1700 1795 2026 1908 qufabffibsfft
2046 1793 2555 1922 ἓξὲξῖὴῗέὁιῗᾞξιῗ
2561 1801 2616 1908 Ξῖ
2628 1877 2760 1924 aper-

1701 1930 1748 1970 te
1770 1923 1855 1970 tibi
1877 1938 2004 1971 nunc
2026 1923 2208 1971 fabuler
2253 1922 2344 1973 Ph.
2368 1923 2434 1981 iv,
2457 1927 2502 1974 3.
2528 1928 2594 1974 49
2642 1925 2760 1974 Noli

1703 1986 1951 2036 fabularier
1981 1987 2059 2035 He
2080 1987 2153 2049 iii,
2177 1992 2222 2036 1.
2247 1992 2312 2036 36

1767 2051 1982 2100 Facesso.
2048 2051 2167 2100 Haec
2189 2051 2301 2100 hinc
2331 2052 2550 2109 facessat,
2571 2059 2625 2100 tu
2659 2069 2762 2101 mo·

1702 2115 1848 2164 leatus
1870 2132 1932 2163 ne
1954 2115 2045 2164 sies
2076 2115 2168 2163 Ph.
2187 2115 2253 2173 iv,
2277 2120 2325 2167 3.
2347 2121 2414 2166 30

1769 2180 1959 2229 Facete.
2024 2180 2196 2228 Facete
2217 2181 2394 2230 dictum
2430 2180 2522 2228 Eu.
2543 2181 2599 2240 ii,
2620 2186 2669 2231 2.
2693 2186 2758 2230 57

1703 2242 1892 2301 Facete,
1918 2244 2095 2308 lepide,
2133 2245 2258 2293 laute
2279 2261 2291 2295 :
2328 2245 2444 2292 nihil
2481 2261 2620 2308 supra
2665 2246 2758 2293 Eu.

1703 2306 1773 2363 iii,
1799 2313 1845 2358 1.
1882 2313 1945 2357 37
2001 2308 2202 2357 Facete!
2236 2325 2364 2358 nunc
2398 2311 2586 2357 demum
2625 2310 2760 2360 istaec

1704 2379 1816 2418 nata
1837 2372 1988 2420 oratio
2012 2380 2086 2420 est
2114 2372 2215 2422 Ad.
2237 2391 2286 2430 v,
2309 2378 2358 2423 3.
2385 2378 2448 2423 19

1767 2434 1986 2493 Face-tus,
2007 2451 2052 2493 a,
2073 2454 2171 2486 um.
2237 2437 2417 2486 Mulier
2433 2439 2697 2498 com-oda,
2711 2444 2762 2488 et

1702 2499 1872 2556 faceta,
1893 2500 1996 2549 haec
2018 2502 2234 2550 meretrix
2269 2503 2389 2552 Hea.
2410 2503 2480 2560 iii,
2503 2509 2554 2554 2.
2581 2509 2641 2554 ll

1768 2564 1945 2614 Facies.
2002 2564 2126 2614 Cum
2160 2566 2328 2614 faciem
2365 2568 2542 2623 videas,
2579 2568 2764 2616 videtur

1706 2644 1806 2676 esse
1828 2628 2064 2693 quantivis
2088 2630 2223 2693 pretii
2277 2630 2340 2677 A.
2361 2648 2409 2689 V,
2431 2636 2482 2681 2.
2509 2637 2567 2681 15
2621 2632 2666 2680 Ο
2691 2632 2760 2680 fa·

1706 2693 1827 2741 ciem
1849 2693 2118 2769 pulchram!
2154 2694 2245 2743 Eu.
2265 2694 2321 2752 ii,
2345 2699 2394 2746 3.
2419 2702 2448 2745 5
2505 2694 2636 2751 Quid
2671 2710 2762 2759 ego

1703 2756 1807 2820 ejus
1829 2757 1917 2806 ubi
1941 2774 2067 2805 nunc
2088 2760 2258 2807 faciem
2277 2760 2543 2823 praedicem,
2559 2767 2643 2806 aut
2659 2760 2762 2807 lau-

1704 2822 1832 2879 dem,
1855 2821 2110 2885 Antipho?
2165 2823 2258 2871 Eu.
2280 2824 2350 2886 iii,
2371 2829 2419 2872 5.
2442 2827 2503 2872 17
2559 2823 2629 2871 At
2661 2839 2762 2873 non

1704 2886 1820 2933 novi
1841 2887 2042 2936 bominis
2058 2885 2224 2935 faciem
2249 2887 2562 2945 He.iii,4.25
2587 2887 2757 2950 Papa!

1705 2950 1829 2999 facie
1870 2954 2070 3000 honesta
2123 2951 2212 3002 Eu.
2235 2952 2291 3008 ii,
2310 2958 2359 3003 1.
2377 2957 2440 3002 24
2497 2951 2624 3000 Hem
2663 2952 2763 3001 Eu·

1704 3016 1910 3062 nuchum
1933 3014 2050 3063 tibi!
2087 3032 2226 3079 quam
2249 3016 2429 3065 liberali
2449 3016 2589 3071 facie.
2622 3032 2764 3081 quarn

1705 3086 1845 3126 oetate
1883 3079 2096 3141 integra!
2149 3079 2242 3129 Eu.
2265 3080 2334 3136 iii,
2355 3085 2402 3129 2.
2425 3084 2489 3129 20
2538 3080 2632 3129 Ille
2665 3089 2767 3131 erat

1705 3144 1906 3191 honesta
1941 3144 2063 3191 facie
2101 3149 2151 3189 et
2187 3142 2368 3191 liberali
2422 3142 2514 3190 Eu.
2533 3143 2600 3203 iv,
2621 3148 2671 3194 4.
2695 3151 2759 3195 15

1706 3207 2002 3256 Cadaverosa
2035 3207 2156 3255 facie
2211 3206 2303 3255 He.
2324 3207 2398 3264 iii,
2417 3211 2468 3256 4.
2487 3210 2553 3257 27
2613 3207 2762 3273 Virgo

1706 3272 1814 3335 ipsa
1832 3272 1956 3321 facie
1977 3270 2164 3334 egregia
2193 3270 2286 3322 Ph.
2309 3271 2344 3327 ἰ,
2367 3276 2416 3321 2.
2437 3275 2502 3320 50

1769 3335 1942 3385 Facile.
1962 3336 2042 3385 Sic
2063 3335 2162 3383 vita
2175 3343 2274 3383 erat
2294 3351 2308 3385 ι
2329 3334 2470 3385 facile
2485 3351 2648 3384 omnes
2658 3352 2763 3401 per·

1702 3400 1819 3448 ferre
1841 3415 1896 3448 ac
1917 3400 2017 3463 pati
2060 3400 2124 3450 A.
2145 3400 2180 3457 i,
2204 3405 2252 3450 1.
2273 3404 2335 3450 35
2386 3400 2456 3449 Ut
2487 3410 2766 3450 consuetum

1703 3463 1841 3513 facile
1853 3480 2056 3513 amorem
2067 3480 2276 3513 cerneres
2293 3464 2355 3515 A.
2376 3465 2413 3522 i,
2427 3470 2475 3515 l.
2492 3469 2586 3516 108
2608 3466 2766 3515 Facile

1703 3544 1883 3641 gurges,
1894 3531 2394 3652 cumgelemrlrsbregta
2405 3529 2600 3642 qpntsilia
2617 3544 2765 3593 aegro-

1819 3609 1950 3642 amns
2041 3629 2054 3643 .
2096 3610 2150 3653 u,
2206 3627 2220 3641 .
2358 3610 2416 3641 uo
2519 3611 2545 3642 u
2588 3610 2613 3641 s
2647 3610 2768 3654 eras,

1703 3658 1988 3720 propulsabo
2041 3658 2182 3706 facile
2213 3657 2276 3706 A.
2318 3659 2371 3721 ii,
2409 3663 2458 3707 3.
2482 3663 2544 3708 21
2602 3610 2769 3723 ἔρειο,

1705 3722 1817 3769 dein
1841 3721 1983 3769 facile
2003 3738 2059 3770 ex
2081 3722 2172 3769 illis
2195 3739 2296 3771 sese
2318 3739 2599 3771 emersurum
2633 3723 2768 3771 malis

1703 3783 1770 3834 A.
1795 3786 1865 3841 iii,
1889 3789 1940 3835 3.
1963 3789 2027 3834 30
2062 3785 2248 3842 Quibus
2270 3803 2412 3852 quam
2434 3787 2576 3837 facile
2598 3796 2766 3851 potue·

1704 3858 1775 3896 rat
1798 3850 1994 3913 quiesci,
2017 3850 2059 3897 si
2093 3850 2159 3899 A.
2175 3851 2242 3908 iv,
2259 3857 2306 3901 2.
2325 3857 2358 3901 8
2391 3852 2551 3901 Facile
2565 3852 2642 3899 bic
2659 3851 2764 3913 plus

1707 3912 1819 3960 mali
1855 3919 1944 3977 est,
1979 3928 2122 3977 quam
2162 3914 2258 3963 illic
2300 3916 2412 3964 boni
2467 3916 2532 3967 A.
2557 3916 2626 3972 iv,
2658 3920 2707 3965 3.
2731 3921 2762 3965 6

1705 3977 1900 4026 Utinam
1963 3985 2056 4025 tam
2117 3979 2300 4043 aliquid
2359 3980 2571 4029 invenire
2627 3977 2766 4027 facile

1706 4041 1872 4105 possis,
1936 4042 2153 4091 Phaedria
2178 4044 2189 4090 !
2261 4045 2352 4092 Eu.
2394 4044 2446 4101 ii,
2494 4048 2539 4092 1.
2581 4046 2613 4091 4
2666 4042 2767 4091 Ubi

1705 4107 1843 4154 miser
1895 4106 2137 4155 famelicus
2171 4107 2320 4165 videt,
2363 4122 2438 4155 me
2488 4114 2583 4154 tam
2626 4105 2767 4156 facile

1705 4171 1879 4219 victum
1921 4186 2128 4235 quaerere
2181 4173 2273 4222 Eu.
2314 4172 2365 4227 ii,
2402 4175 2450 4220 2.
2485 4175 2549 4221 30
2599 4170 2768 4220 Forma

1707 4243 1757 4283 et
1797 4244 1909 4283 aetas
1951 4236 2055 4300 ipsa
2097 4242 2184 4292 est',
2227 4235 2366 4283 facile
2419 4244 2476 4282 ut
2528 4251 2614 4298 pro
2667 4234 2765 4284 Eu-

1707 4302 1864 4349 nucho
1897 4301 2066 4365 probes
2103 4302 2196 4349 Eu.
2217 4298 2275 4356 ii,
2293 4304 2340 4350 3.
2363 4303 2427 4350 83
2476 4299 2764 4349 jan-dudum

1707 4364 1780 4413 illi
1801 4364 1941 4414 facile
1962 4365 2032 4423 fit,
2055 4366 2184 4429 quod
2205 4364 2366 4415 doleat
2419 4364 2512 4415 Eu.
2533 4364 2605 4424 iii,
2629 4369 2676 4415 1.
2698 4368 2765 4415 58
