3192 4975
653 433 923 516 ‘ccclxi‘v

657 611 852 664 Dictum
874 617 946 659 est
965 618 1092 664 vere,
1111 611 1162 656 et
1193 619 1244 656 re
1280 607 1386 670 ips·
1405 606 1505 655 fieri
1525 615 1710 669 oportet

637 678 753 732 ,Ad.
775 692 822 730 v,
845 679 893 724 8.
915 679 978 724 82
1029 673 1182 735 quue
1221 671 1260 720 si
1294 685 1424 720 nunc
1457 687 1710 720 memorare

655 743 735 789 hic
757 740 914 796 velim,
933 753 1040 786 vere
1059 753 1246 800 possum
1289 735 1382 784 He.
1402 733 1474 792 iii,
1493 742 1541 786 6.
1561 740 1627 785 2⁸
1658 733 1710 784 Si

655 814 748 867 est,
779 812 831 852 ut
863 805 964 850 haec
983 817 1111 850 nunc
1133 801 1432 865 Pamphilum
1452 816 1558 848 vere
1578 801 1639 848 ab
1660 815 1711 848 se

653 867 907 946 aesstegarit
955 867 1049 914 He.
1073 883 1120 926 v,
1141 871 1190 916 2.
1212 870 1276 916 80
1329 865 1421 914 His
1443 879 1570 912 nunc
1589 879 1711 928 pne-

655 947 802 984 mium
823 939 910 992 est,
930 931 1014 995 qui
1033 938 1160 978 recta
1181 945 1324 994 prava
1353 929 1549 978 faciunt.
1616 929 1710 979 Ge.

657 997 926 1047 Verissume
960 993 1050 1044 Ph.
1069 1011 1117 1058 v,
1137 999 1184 1044 2.
1206 999 1235 1044 7

723 1059 1048 1117 verecundus,
1083 1076 1130 1121 a,
1164 1075 1260 1106 um.
1326 1058 1359 1107 J
1361 1074 1436 1106 arn
1477 1065 1578 1106 tum
1616 1065 1714 1106 erat

657 1142 818 1182 cenez,
839 1133 1053 1174 senectus
1073 1125 1114 1172 si
1135 1122 1421 1172 verecundos
1453 1122 1566 1171 fncit
1620 1123 1712 1172 Pb.

655 1208 708 1250 v,
733 1195 781 1240 8.
803 1195 868 1240 34

723 1255 917 1304 Vereor.
984 1253 1081 1301 Hei
1099 1268 1276 1309 vereor,
1297 1267 1360 1300 ne
1381 1251 1496 1314 quid
1531 1250 1715 1300 Andria

655 1319 1025 1441 ἒξῖοῗῗὲῗῗέιῑι
1046 1315 1714 1436 Ἠῶἒιὲῖοἷὲῗέἱὶῖἶῖἶ

657 1450 720 1498 sit
741 1451 878 1496 situm
930 1445 992 1495 A.
1015 1446 1050 1502 i,
1069 1453 1120 1495 ⁶.
1138 1451 1198 1496 41
1261 1445 1356 1494 Hei
1376 1446 1521 1493 mihi!
1557 1461 1715 1493 vereor

657 1513 814 1562 dicere
846 1511 910 1560 A.
935 1513 985 1569 ii,
1010 1515 1056 1561 1.
1077 1515 1142 1562 2³
1197 1510 1313 1559 Dies
1336 1511 1448 1558 mihi
1470 1511 1544 1558 hic
1567 1518 1621 1557 ut
1642 1525 1714 1557 sa-

657 1579 721 1626 tit
741 1578 802 1626 sit
822 1592 997 1634 vereor,
1019 1579 1080 1624 ad
1117 1577 1350 1640 agendum
1402 1572 1466 1622 A.
1490 1576 1554 1632 iv,
1577 1580 1628 1624 2.
1648 1579 1715 1624 22

655 1641 881 1690 Miseram
915 1641 1019 1690 me!
1056 1655 1232 1697 vereor,
1273 1655 1334 1687 ne
1366 1638 1488 1686 illud
1532 1639 1717 1703 gravius

659 1706 880 1756 Phodria
901 1705 1077 1768 tulerit,
1100 1721 1218 1753 neve
1251 1704 1341 1751 Eu.
1364 1703 1399 1760 i,
1420 1708 1471 1752 2.
1496 1708 1523 1753 1
1558 1703 1713 1752 Perii!

657 1771 752 1818 boc
771 1771 888 1833 quid
907 1770 968 1818 ait
1003 1785 1164 1816 vereor
1215 1768 1307 1816 Eu.
1331 1767 1396 1824 iv,
1417 1771 1466 1816 ⁸.
1487 1771 1520 1816 2
1571 1768 1623 1815 N
1626 1784 1716 1818 unc

658 1833 778 1882 nibil
803 1835 948 1898 magis
975 1848 1152 1895 vereor,
1173 1847 1313 1896 quam
1353 1847 1414 1879 ne
1468 1831 1589 1879 Heu.
1610 1834 1646 1888 i,
1668 1837 1720 1883 2.

655 1901 722 1948 24
777 1897 971 1954 Vereor,
1003 1914 1065 1945 ne
1101 1898 1269 1945 mulier
1301 1911 1378 1944 me
1412 1897 1605 1944 absente
1642 1899 1718 1947 hic

657 1971 876 2025 corrupta
898 1964 958 2012 sit
990 1963 1110 2010 Hea-
1129 1962 1185 2023 ii,
1205 1967 1254 2012 2.
1275 1966 1308 2011 2
1342 1959 1442 2019 Ab,
1463 1977 1623 2008 vereor
1638 1978 1719 2012 co-

657 2043 758 2075 ram
780 2027 831 2075 in
853 2043 906 2076 οι
929 2036 976 2075 to
997 2027 1186 2074 laudare
1225 2025 1425 2089 amplius
1478 2025 1574 2072 Ad.
1595 2026 1649 2081 ii,
1668 2031 1717 2076 4.

659 2097 692 2140 ⁶
740 2089 834 2140 Sed
857 2107 1033 2152 vereor,
1049 2107 1110 2138 ne
1132 2090 1386 2154 indiligens
1401 2091 1596 2137 nimium
1613 2091 1720 2140 sies.

659 2155 768 2204 Nisi
791 2157 903 2220 quia
926 2165 1020 2204 tam
1035 2157 1198 2204 misere
1222 2156 1310 2202 boc
1331 2169 1432 2202 esse
1461 2155 1603 2218 cupio
1642 2171 1721 2204 ve·

659 2236 785 2283 rum,
823 2237 880 2269 eo
923 2236 1084 2269 vereor
1118 2221 1263 2282 magis
1317 2219 1411 2266 Ad.
1449 2219 1516 2274 iv.
1555 2227 1607 2268 5.
1639 2225 1720 2269 6⁰.

658 2287 726 2336 ⁶4
781 2286 876 2334 Sed
899 2285 1042 2332 firmae
1063 2286 1135 2331 hae
1159 2297 1317 2332 vereor
1339 2291 1392 2330 ut
1413 2284 1506 2330 sint
1541 2280 1721 2346 nuptiae

659 2348 756 2396 He.
777 2350 814 2407 i,
835 2355 884 2398 2.
907 2354 973 2398 26
1029 2349 1221 2402 Vereor,
1247 2363 1306 2394 ne
1329 2347 1552 2410 parturire
1579 2349 1719 2396 intel-

659 2411 781 2476 ligat
831 2412 924 2461 He.
947 2413 1017 2464 iii.
1041 2417 1087 2459 3.
1110 2417 1173 2459 52
1227 2411 1372 2457 Simul
1399 2427 1560 2458 vereor
1581 2413 1720 2459 Pam-

659 2475 860 2539 philum,
884 2490 945 2521 ne
967 2480 1096 2522 orata
1115 2481 1272 2520 nostra
1304 2482 1509 2535 nequeat
1545 2475 1721 2523 diutius

661 2539 814 2588 celare
867 2538 962 2586 He.
981 2539 1046 2592 iv,
1069 2542 1117 2586 1.
1139 2541 1204 2585 60
1258 2536 1365 2583 Hoc
1389 2552 1514 2598 ωερε
1543 2554 1723 2594 vereor,

661 2620 726 2653 ne
765 2604 892 2651 istaec
933 2602 1160 2649 fortitudo
1193 2600 1246 2648 in
1283 2604 1470 2647 nervom
1509 2608 1725 2666 erumpat

663 2668 872 2731 denique
927 2666 1016 2715 Ph.
1041 2667 1094 2722 ii,
1127 2671 1176 2715 2.
1214 2667 1273 2713 11
1332 2664 1621 2728 Vereorque,
1662 2682 1724 2715 ne

663 2749 780 2781 uxor
799 2732 957 2796 aliqua
977 2734 1068 2777 hoc
1101 2729 1319 2778 resciscat
1336 2744 1442 2776 mea
1475 2730 1565 2779 Ph.
1588 2731 1652 2787 iv,
1677 2736 1723 2781 l..

666 2803 731 2847 19
786 2797 977 2857 Vereor,
1004 2797 1115 2842 hera
1148 2810 1210 2841 ne
1247 2794 1310 2840 ob
1341 2809 1495 2840 meum
1537 2810 1723 2843 suasum

660 2862 858 2923 indigue
877 2860 1048 2923 injuria
1068 2858 1292 2906 afficiatur
1325 2858 1414 2905 Ph.
1437 2874 1485 2914 v,
1513 2862 1554 2906 1.
1575 2863 1607 2906 3
1656 2858 1726 2908 At

661 2942 840 2981 vereor,
885 2934 939 2972 ut
976 2922 1149 2987 placari
1192 2922 1342 2984 possit
1391 2922 1484 2971 Ph.
1517 2938 1564 2979 v,
1585 2927 1639 2971 7.
1659 2928 1723 2973 72

664 2990 818 3052 Cujus
841 2998 892 3037 tu
917 2990 1055 3035 fidem
1091 2987 1141 3034 in
1179 2987 1380 3049 pecunia
1419 2989 1724 3049 perspexeris,

662 3070 821 3103 verere
859 3054 998 3100 verba
1039 3052 1085 3100 ei
1127 3050 1348 3099 credere?
1403 3050 1494 3098 Ph.
1518 3052 1552 3107 i,
1587 3056 1637 3101 2.
1663 3058 1721 3101 11

663 3119 778 3174 Hic,
807 3118 888 3166 ubi
927 3132 1045 3179 opus
1083 3122 1172 3172 est,
1194 3131 1291 3161 non
1328 3125 1572 3162 verenturt
1607 3117 1725 3173 illic,

663 3183 750 3231 ubi
770 3181 887 3229 nihil
909 3196 1028 3244 opus
1049 3189 1138 3236 est,
1161 3180 1224 3226 ibi
1247 3187 1461 3227 verentur
1501 3179 1565 3228 A.
1589 3182 1657 3235 iv,
1679 3186 1727 3230 1.

667 3251 731 3297 14
765 3246 882 3294 Heri
903 3262 1086 3309 semper
1108 3245 1274 3291 lenitas
1295 3245 1482 3291 verebar
1503 3260 1723 3306 quorsum

666 3310 887 3360 evaderet
919 3309 980 3355 A.
1001 3310 1035 3365 i,
1059 3314 1107 3356 2.
1131 3314 1158 3356 5
1205 3308 1523 3364 Verebamini,
1545 3325 1605 3355 ne
1628 3325 1725 3357 non

663 3374 718 3421 id
739 3374 957 3427 facerem,
979 3374 1105 3437 quod
1129 3371 1404 3434 recepissem
1423 3374 1562 3419 semel
1583 3374 1601 3419 ?
1637 3373 1726 3423 Ph.

666 3455 716 3495 v,
738 3443 787 3488 7.
809 3443 840 3485 8
875 3436 953 3484 Ne
975 3438 1117 3484 retice
1137 3454 1149 3482 ι
1185 3452 1242 3483 ne
1266 3452 1420 3482 verere
1473 3434 1596 3485 Heu.
1620 3439 1654 3496 i,
1682 3444 1725 3487 1.

666 3506 732 3552 ³3
781 3501 914 3549 Nihil
937 3508 1022 3557 est,
1045 3501 1172 3566 quod
1197 3516 1352 3548 verear
1407 3499 1497 3549 Ph.
1525 3518 1568 3559 v,
1593 3508 1639 3551 1.
1666 3508 1721 3552 11

665 3567 804 3615 Nihil
847 3568 1000 3614 adhuc
1037 3574 1124 3621 est,
1163 3566 1290 3627 quod
1329 3579 1530 3622 vereare,
1571 3568 1727 3616 Clinia

666 3632 792 3681 Heu.
813 3631 848 3686 i,
869 3636 919 3681 2.
945 3636 968 3680 1
1017 3629 1095 3677 Ne
1118 3631 1232 3692 quid
1257 3645 1456 3685 vereare,
1479 3631 1520 3678 si
1539 3633 1724 3681 minus:

665 3696 790 3745 nihil
809 3712 895 3742 nos
917 3696 1003 3742 dos
1025 3702 1182 3741 movet
1214 3694 1335 3742 Hea.
1363 3710 1406 3748 v.
1437 3700 1478 3742 l.
1500 3700 1565 3744 66
1602 3698 1725 3744 Pha-

665 3762 798 3808 nium
831 3761 1060 3815 edocebo,
1082 3775 1142 3807 ne
1179 3758 1294 3821 quid
1336 3768 1545 3806 vereatur
1579 3761 1726 3809 Phor-

667 3826 870 3875 mionem
905 3825 994 3873 Ph.
1015 3840 1062 3879 v,
1083 3830 1130 3874 2.
1153 3828 1216 3873 18
1250 3824 1322 3870 Ac
1347 3839 1440 3869 non
1463 3824 1513 3870 id
1532 3834 1727 3888 metuat,

665 3905 728 3939 ne
748 3906 852 3939 sene
875 3889 1126 3951 relinquam
1149 3906 1160 3934 ε
1195 3903 1352 3935 verum
1372 3888 1424 3935 id
1458 3890 1601 3936 vereri
1632 3890 1725 3940 Eu.

665 3955 700 4011 i,
724 3958 774 4005 2.
798 3958 862 4002 62
907 3954 1058 4000 Video
1079 3968 1260 4014 sapere,
1282 3953 1558 4015 intelligere,
1581 3954 1631 3999 in
1654 3956 1723 4001 lu-

666 4034 725 4069 co
749 4018 893 4065 vereri
927 4018 1023 4066 Ad.
1047 4034 1092 4072 v,
1115 4022 1163 4065 3.
1186 4022 1251 4066 42
1287 4017 1388 4079 Ego
1403 4018 1581 4064 dudum
1604 4033 1722 4066 non-

664 4083 786 4130 nihil
808 4083 977 4130 veritus
1017 4098 1134 4137 sum,
1161 4080 1312 4138 Dave,
1335 4081 1415 4127 abs
1456 4088 1519 4137 te,
1544 4098 1605 4129 ne
1659 4084 1723 4133 A.

665 4147 741 4203 iii,
762 4154 810 4197 4.
832 4151 862 4195 3
918 4147 1132 4209 Cumque
1154 4147 1262 4192 huic
1285 4146 1454 4193 veritus
1472 4154 1552 4193 est.
1583 4154 1722 4209 optu-

667 4226 757 4257 mae
779 4210 1066 4259 adolescenti
1078 4211 1229 4257 facere
1246 4209 1481 4272 injuriam.
1528 4210 1723 4259 'Edixin’

667 4274 784 4321 tibi?
809 4275 1128 4323 interminatus
1150 4290 1267 4336 sum,
1284 4290 1344 4321 ne
1361 4275 1565 4322 faceres?
1608 4290 1719 4324 num

1622 453 1863 506 mmlx

1785 606 1910 655 Tum
1932 603 2057 652 inum
2080 601 2339 667 relinquere
2356 601 2435 650 hic
2457 609 2531 650 est
2552 604 2723 653 veritus
2779 605 2857 655 A.

1787 687 1837 729 v,
1859 675 1906 720 4.
1930 673 1993 718 33
2043 667 2173 715 Num
2194 683 2345 716 meam
2366 668 2595 715 soevitiam
2632 671 2809 718 veritus
2828 673 2849 719 ?

1788 735 1881 782 Eu.
1906 751 1951 790 v,
1974 738 2022 783 2.
2054 739 2114 785 15
2170 731 2343 796 Neque
2382 731 2521 796 hujus
2558 733 2625 780 sis
2670 737 2852 784 veritus

1786 799 1989 848 foeminoe
2032 797 2277 860 primariae,
2318 797 2433 860 quin
2487 795 2585 845 Ph..
2608 815 2659 855 v,
2699 804 2752 848 7.
2776 803 2849 850 78

1786 863 1924 912 Itane
1945 863 2090 928 patris
2112 862 2179 909 ais
2200 868 2505 925 conspectum
2520 862 2708 910 veritum
2724 864 2852 914 hine

1784 929 1937 976 ubine
1957 927 1974 974 Ρ
2008 925 2097 974 ΡΙι.
2114 925 2170 988 ii,
2193 931 2242 975 2.
2265 931 2289 975 1

1852 991 2146 1047 verisimilis,
2183 1005 2230 1040 e.
2294 989 2419 1037 Mihi
2454 989 2641 1052 quidem
2682 991 2852 1040 hercle

1785 1071 1885 1104 non
1908 1057 1962 1104 fit
1984 1054 2229 1104 verisimile
2281 1054 2343 1101 A.
2368 1054 2399 1110 ἱ,
2421 1058 2469 1102 3.
2492 1059 2557 1105 20
2608 1056 2733 1112 Quia
2772 1057 2851 1103 vi-

1788 1123 1975 1170 debitur
1996 1121 2142 1184 magis
2162 1118 2409 1168 verisimile
2430 1119 2479 1166 id
2501 1134 2603 1166 esse
2634 1119 2758 1168 Heu.
2781 1121 2851 1178 iv,

1788 1193 1837 1236 ὅ.
1856 1191 1917 1236 54
1952 1185 2038 1234 Eut
2052 1184 2297 1233 verisimile
2330 1182 2453 1231 Heu.
2466 1199 2513 1239 v,
2530 1188 2580 1232 2.
2598 1189 2659 1234 37
2694 1185 2854 1246 Quin,

1789 1252 1915 1315 quod
1931 1248 2177 1298 verisimile
2191 1257 2280 1305 est,
2290 1264 2348 1296 ex
2362 1254 2411 1295 te
2420 1255 2547 1296 recte
2559 1263 2667 1296 eum
2684 1257 2852 1298 natum

1789 1324 1960 1380 putent
2012 1313 2108 1362 He.
2130 1312 2199 1370 iii,
2238 1318 2295 1362 8.
2326 1316 2391 1362 ⁸9
2440 1312 2556 1360 Non
2599 1315 2853 1363 verisimile

1789 1380 1942 1428 dicis:
1977 1395 2067 1427 nec
2087 1391 2245 1426 verum
2286 1377 2476 1425 arbitror
2530 1377 2625 1426 He.
2647 1379 2681 1433 i,
2704 1385 2754 1428 2.
2781 1383 2848 1429 65

1788 1444 1882 1492 Tot
1904 1451 2185 1492 concurrunt
2204 1441 2474 1490 verisimilia
2508 1440 2604 1489 Ad.
2624 1443 2690 1505 iv,
2709 1447 2758 1492 4.
2785 1449 2852 1494 17

1856 1509 2060 1557 Veritas.
2124 1506 2415 1570 Obsequium
2454 1506 2644 1565 amicos,
2680 1509 2855 1556 veritas

1792 1573 1953 1622 odium
1976 1571 2098 1637 parit
2128 1571 2192 1624 A.
2216 1573 2250 1629 i,
2275 1578 2322 1620 1.
2344 1575 2407 1621 41

1858 1637 1987 1686 Vero
2018 1635 2333 1701 (conjuncu).
2400 1634 2617 1683 Hoccine
2653 1636 2769 1700 agis,
2788 1639 2853 1684 ah

1792 1703 1929 1749 non?
1982 1701 2080 1750 Da.
2112 1700 2218 1767 Ego
2256 1715 2363 1748 vero
2396 1699 2517 1748 istuc
2570 1699 2634 1748 A.
2655 1701 2689 1757 i,
2712 1705 2760 1753 2.
2784 1706 2860 1750 15

1794 1765 1964 1842 Fugin'
1998 1767 2146 1816 hinc?
2199 1765 2297 1830 By.
2319 1764 2423 1828 Ego
2446 1780 2573 1820 vero,
2594 1780 2649 1813 nc
2682 1765 2858 1814 lubens

1794 1829 1855 1878 A.
1877 1832 1928 1891 ri,
1947 1836 1993 1881 1.
2019 1836 2082 1880 87
2116 1830 2220 1894 Ego
2241 1844 2353 1877 vero
2376 1829 2502 1877 solus
2534 1828 2598 1876 A.
2620 1828 2691 1886 iii,
2710 1834 2759 1879 4.
2789 1835 2854 1882 17

1792 1894 1945 1954 Immo
1967 1910 2075 1944 vero
2112 1896 2357 1959 indignum
2387 1893 2489 1958 jem
2525 1895 2704 1942 facinus
2738 1895 2857 1942 faxo

1794 1975 1852 2006 ex
1874 1975 1947 2008 mo
1969 1961 2133 2008 audias
2166 1959 2230 2008 A.
2254 1976 2299 2015 v,
2322 1964 2370 2008 2.
2398 1963 2459 2008 13
2506 1959 2591 2006 Est
2610 1973 2715 2006 vero
2734 1960 2855 2008 huic

1793 2025 2096 2081 credendum,
2118 2024 2355 2073 Chreme?
2409 2023 2547 2071 Itane
2565 2039 2672 2072 vero
2692 2024 2859 2072 obtur-

1794 2089 1911 2136 bat?
1942 2089 2007 2137 A.
2031 2105 2075 2145 v,
2097 2093 2145 2137 ⁴.
2169 2093 2247 2138 14.
2272 2091 2336 2138 23
2382 2087 2477 2136 Eas
2501 2089 2679 2136 fabulas
2697 2089 2853 2136 facus

1793 2153 1923 2216 *prius
1942 2154 2132 2202 Latinas
2153 2153 2295 2201 scisse
2316 2167 2437 2210 sese,
2458 2153 2509 2200 id
2542 2168 2655 2201 vero
2686 2167 2859 2216 peme-

1798 2225 1878 2281 gat
1932 2218 2021 2266 Eu.
2046 2217 2175 2266 Prol.
2193 2221 2257 2266 34
2309 2216 2449 2272 Stue,
2487 2218 2600 2281 quia
2637 2234 2743 2265 vero
2776 2219 2858 2265 11ae

1795 2282 1909 2329 mihi
1929 2289 2093 2345 patent
2106 2296 2289 2345 semper
2300 2281 2421 2329 fores
2442 2281 2535 2330 Eu.
2550 2284 2586 2338 i,
2602 2287 2653 2332 2.
2671 2286 2704 2331 9
2725 2282 2860 2329 Mira

1798 2361 1907 2392 vero
1938 2347 2072 2394 militi
2112 2361 2219 2411 quae
2256 2345 2477 2409 placeant
2528 2347 2619 2394 Eu.
2640 2347 2696 2405 ii,
2717 2351 2764 2395 2.
2787 2351 2859 2396 57

1799 2409 1895 2458 Hic
1919 2427 2026 2458 vero
2048 2418 2137 2467 est,
2160 2410 2243 2474 qui
2262 2410 2301 2457 si
2322 2411 2561 2474 occeperit
2611 2410 2703 2460 Eu.
2725 2411 2778 2466 ii,
2803 2415 2859 2461 8.

1797 2478 1831 2521 8
1866 2475 2069 2539 Magnas
2089 2492 2198 2524 vero
2217 2490 2350 2538 agere
2366 2474 2534 2538 gratias
2546 2475 2689 2523 Thais
2706 2476 2859 2524 mihi?

1799 2536 1857 2583 Id
1884 2553 1990 2585 vero
2024 2540 2144 2587 serio
2184 2540 2445 2599 triumphat.
2502 2538 2705 2587 Gestire.
2756 2540 2863 2589 Th.

1801 2600 1927 2648 Vero
1948 2616 1962 2649 ε
1999 2605 2189 2651 credere
2232 2616 2411 2649 omnem
2452 2602 2704 2649 exercitum
2758 2604 2864 2653 Eu.

1799 2664 1867 2721 iii,
1890 2668 1939 2713 1.
1961 2669 2009 2713 1.
2032 2670 2079 2714 3.
2105 2671 2167 2715 12
2200 2665 2369 2713 Redeo
2386 2680 2585 2727 rursum,
2603 2668 2727 2713 male
2742 2684 2863 2716 vero

1798 2744 1872 2777 me
1894 2730 2069 2777 habens
2103 2730 2195 2777 Eu.
2217 2731 2283 2786 ir,
2305 2735 2355 2779 2.
2378 2734 2410 2779 6
2442 2729 2593 2786 Quasi
2615 2746 2725 2778 vero
2737 2748 2860 2795 pau-

1798 2793 1893 2841 lum
1916 2794 2140 2842 inter-siet.
2194 2794 2403 2842 Obsecro
2424 2801 2473 2842 te
2492 2810 2618 2851 vero,
2644 2794 2863 2844 Phaedria

1801 2856 1896 2905 Eu.
1910 2859 1974 2916 iv,
1996 2863 2045 2907 4.
2070 2864 2152 2907 18.
2173 2863 2239 2907 48
2285 2858 2397 2905 Ain’
2417 2872 2544 2913 vero,
2566 2860 2729 2907 cunis?
2762 2860 2859 2911 Eu.

1796 2921 1861 2979 iv,
1882 2927 1931 2972 7.
1954 2926 2015 2973 88
2066 2923 2196 2981 Quid
2220 2923 2289 2971 ita
2308 2923 2455 2970 vero?
2506 2923 2610 2987 Ego
2628 2940 2737 2972 vero
2758 2940 2861 2972 ma-

1793 3000 1907 3035 neo.
1961 2986 2108 3050 Virgo
2134 2986 2273 3035 vero!
2332 2986 2423 3035 Eu.
2446 3004 2492 3047 v,
2511 2993 2563 3037 2.
2584 2992 2664 3037 22.
2688 2994 2767 3038 55.
2788 2992 2861 3038 69

1798 3050 1945 3099 Move
1967 3066 2076 3099 vero
2098 3066 2248 3116 ocyus
2271 3058 2337 3112 te,
2359 3052 2513 3099 nutrix
2566 3053 2659 3101 Eu.
2684 3072 2727 3111 v,
2750 3059 2795 3103 8.
2820 3058 2854 3102 8

1796 3114 1857 3162 ld
1882 3132 1988 3164 vero
2010 3125 2098 3176 est,
2117 3117 2245 3180 quod
2275 3116 2391 3164 mihi
2432 3124 2547 3179 puto
2583 3119 2857 3181 palmarium

1797 3178 1888 3227 Eu.
1910 3195 1957 3235 v,
1971 3187 2017 3230 4.
2033 3185 2064 3231 8
2102 3180 2204 3243 Ego
2219 3196 2328 3228 vero
2345 3183 2489 3229 audio
2504 3198 2629 3232 nunc
2648 3183 2858 3239 demum,

1796 3252 1848 3293 et
1868 3246 2026 3302 video,
2048 3252 2098 3293 et
2119 3246 2255 3293 valeo
2286 3245 2406 3294 Heu.
2427 3245 2478 3302 ii,
2501 3251 2550 3295 3.
2570 3250 2601 3295 3
2636 3248 2752 3295 Visa
2770 3264 2854 3295 ve·

1794 3322 1848 3355 ro
1870 3317 1959 3370 est,
1982 3311 2109 3372 quod
2132 3311 2227 3359 dici
2248 3311 2387 3367 solet,
2409 3310 2580 3373 aquilae
2618 3320 2853 3361 senectus.

1798 3372 1857 3420 In
1879 3373 1983 3421 loco
2006 3390 2097 3437 ego
2114 3390 2225 3423 vero
2245 3375 2387 3422 laudo
2421 3375 2543 3422 Heu.
2566 3376 2634 3431 iii,
2658 3381 2705 3425 2.
2722 3383 2769 3426 9.
2790 3380 2857 3425 27

1799 3436 1912 3485 Non
1945 3453 2066 3499 opus
2104 3440 2211 3486 est?
2266 3438 2359 3486 ch.
2400 3439 2514 3487 Nou
2549 3440 2701 3488 hercle
2745 3456 2859 3488 vero

1798 3502 1921 3550 Heu.
1944 3502 2011 3558 iii,
2035 3507 2081 3553 8.
2104 3508 2164 3551 51
2222 3503 2375 3559 Quam
2403 3505 2521 3551 bene
2542 3520 2651 3551 vero
2683 3506 2765 3552 abs
2802 3512 2857 3553 te

1798 3582 1906 3628 pros
1970 3573 2096 3615 ctum
2118 3575 2191 3615 est
2209 3567 2239 3613 Ι·
2258 3568 2380 3615 Heu.
2404 3568 2471 3623 iv,
2496 3573 2541 3615 1.
2565 3574 2625 3617 25
2660 3568 2747 3616 Fer
2760 3582 2859 3618 me.

1798 3632 1882 3695 Sy.
1944 3646 2023 3678 ero
2048 3631 2199 3680 hercle
2221 3646 2331 3679 vero
2365 3632 2489 3680 Hea.
2506 3633 2636 3688 iv,3.
2656 3638 2715 3681 14
2739 3633 2859 3681 Non

1796 3695 1951 3744 hercle
1975 3711 2082 3743 vero
2104 3713 2115 3741 t
2152 3710 2307 3742 verum
2332 3697 2438 3744 dieo
2488 3696 2610 3743 Heu.
2632 3698 2700 3758 iv,
2722 3706 2770 3747 5.
2794 3702 2857 3747 18

1794 3760 1927 3816 Quin
1966 3775 2053 3823 ego
2089 3775 2216 3815 vero,
2252 3762 2550 3823 quamobrem
2594 3760 2645 3807 id
2692 3763 2859 3817 facias,

1794 3826 1957 3872 nescio
1989 3824 2110 3872 Heu.
2135 3840 2182 3886 v,
2204 3830 2250 3873 l.
2272 3828 2333 3873 71
2392 3824 2575 3872 Sineres
2597 3840 2707 3872 vero
2725 3835 2775 3873 tu
2798 3826 2857 3872 il-

1798 3890 1895 3935 lum
1918 3896 2045 3936 tuum
2070 3889 2222 3935 facere
2245 3891 2345 3937 haec
2366 3890 2382 3936 ?
2432 3888 2546 3936 Ain’
2564 3906 2675 3937 vero
2694 3891 2711 3937 ?
2760 3890 2855 3936 Ad.

1798 3954 1866 4008 iii,
1890 3958 1939 4001 3.
1962 3958 2043 4002 41.
2067 3958 2129 4001 51
2167 3952 2265 4000 Dic
2288 3953 2443 4008 sodes,
2467 3961 2615 4016 pater,
2638 3953 2723 4001 tibi
2746 3966 2852 4001 vero

1796 4018 1910 4081 quid
1946 4018 2052 4065 istic
2090 4025 2163 4063 est
2200 4018 2300 4064 rei?
2355 4017 2452 4065 Ad.
2476 4018 2540 4079 iv,
2563 4024 2611 4066 ὅ.
2638 4024 2697 4067 10
2740 4018 2857 4065 Jam

1797 4096 1903 4130 vero
1926 4083 2089 4129 omitte
2110 4082 2259 4129 istanc
2282 4082 2569 4130 iracundiam
2604 4082 2696 4130 Ad.
2717 4080 2859 4139 inq.

1794 4152 1859 4197 86
1910 4146 2041 4193 Tuus
2062 4146 2217 4195 hercle
2240 4162 2346 4194 vero
2368 4157 2419 4195 et
2438 4148 2595 4195 animo
2616 4151 2662 4194 et
2682 4153 2855 4195 natura
2888 4154 2907 4169 “

1794 4220 1925 4275 pater
1957 4210 2056 4260 Ad.
2080 4227 2127 4273 v,
2148 4216 2197 4261 7.
2220 4216 2251 4260 4
2284 4212 2419 4259 Tune
2432 4210 2576 4274 jubes
2608 4212 2698 4259 hoc
2718 4212 2735 4258 ἓ
2758 4210 2861 4259 De.

1792 4276 1897 4340 Ego
1918 4292 2025 4325 veto
2040 4274 2191 4339 jubeo
2220 4275 2321 4325 Ad.
2345 4292 2388 4331 r,
2414 4280 2463 4323 8.
2486 4280 2519 4324 2
2551 4276 2727 4325 Hercle
2743 4289 2858 4325 vero

665 4338 874 4391 veritus?
928 4340 1042 4402 quid
1084 4338 1276 4395 tetulit?
1327 4338 1392 4388 A.
1413 4339 1484 4398 iii,
1515 4344 1561 4389 2.
1583 4344 1632 4392 Β.
1656 4346 1719 4393 lo
1788 4340 1907 4391 serio
1960 4340 2059 4394 Ae.
2082 4358 2129 4407 v,
2147 4345 2199 4391 9.
2221 4346 2285 4391 18
2336 4340 2460 4389 Heia
2477 4355 2589 4393 vero
2610 4341 2623 4389 l
2664 4341 2781 4391 fle.
2806 4340 2869 4400 ii,
