3192 4975
462 451 466 455 .
551 393 810 463 cxxxiv

619 560 810 609 Fumus.
871 558 967 614 Ibi,
988 555 1158 606 favillas
1191 557 1350 621 plena,
1373 556 1516 615 fumi.
1551 572 1607 607 ac

551 625 763 691 pollinis,
799 626 1046 688 coquendo
1085 622 1162 679 sit,
1197 624 1306 671 faxo
1353 624 1450 675 Ad.
1488 640 1539 687 ν,
1559 629 1609 673 3.

617 752 950 801 Funambulus.
1014 750 1296 799 Funambuli
1328 752 1494 801 eodem
1529 768 1609 801 ac-

551 817 695 867 cessit
715 816 979 881 expectatio
1026 815 1124 865 He.
1144 815 1251 867 Alt.
1273 816 1400 865 Prol.
1423 822 1488 866 26
1533 817 1609 865 Ita·

551 882 756 946 populus
793 881 950 929 studio
991 879 1209 943 stupidus
1240 881 1290 928 in
1333 880 1608 930 funambulo

550 947 759 995 animum
783 950 1034 1008 occuparat
1065 944 1161 993 He.
1185 945 1314 993 Prol.
1338 949 1369 994 4

617 1009 802 1061 Funda.
865 1008 1078 1057 Fundam
1098 1008 1183 1056 tibi
1208 1024 1332 1059 nunc
1353 1009 1493 1058 nimis
1509 1010 1608 1058 vel-

551 1076 642 1125 lem
666 1075 786 1132 dari,
805 1081 861 1122 ut
889 1074 980 1122 Eu.
999 1074 1068 1130 iv,
1090 1078 1140 1123 7.
1162 1077 1224 1124 16

619 1140 867 1190 Funditus.
933 1138 1074 1195 Quod
1097 1138 1137 1185 si
1169 1138 1242 1203 fit,
1273 1153 1415 1202 pereo
1448 1138 1609 1186 fundi·

553 1211 630 1252 tus
660 1202 723 1251 A.
747 1204 780 1265 i,
805 1210 851 1253 5.
873 1207 906 1252 9

617 1266 802 1316 Fundo.
869 1266 1000 1315 Ohe!
1046 1266 1162 1330 jam.
1197 1272 1248 1314 tu
1281 1266 1420 1314 verba
1451 1266 1610 1315 fundis

553 1332 634 1381 hic
653 1331 883 1395 sapientia
903 1333 920 1379 ?
951 1330 1052 1380 Ad.
1080 1346 1128 1387 v,
1153 1336 1200 1380 1.
1220 1336 1250 1381 7

620 1395 829 1444 Fundus.
893 1396 1020 1444 Ecca
1046 1396 1148 1458 ipsa
1179 1394 1430 1459 egreditur,
1464 1396 1610 1443 nostri

552 1461 693 1509 fundi
713 1460 952 1509 calamitas
985 1458 1075 1507 Eu.
1110 1461 1148 1521 i,
1171 1465 1215 1508 1.
1237 1463 1300 1509 34
1348 1460 1610 1507 Proximam

554 1541 659 1637 {Isse
696 1524 925 1638 stilliana
943 1525 1052 1636 haic
1083 1524 1232 1635 fundit:
1267 1525 1326 1571 ad
1363 1524 1611 1633 dextr-ahu?

606 1606 680 1640 ea.
702 1606 767 1646 ιν,
825 1620 839 1636 .
1028 1604 1148 1651 eque
1231 1605 1274 1635 m
1311 1604 1491 1651 vesper-1
1558 1604 1611 1635 o-

556 1670 682 1701 mum
705 1662 929 1709 revortor‚
949 1653 1064 1715 quin
1087 1662 1134 1701 te
1155 1654 1208 1701 in
1240 1653 1390 1700 fundo
1423 1652 1611 1715 conspi-
1633 1690 1636 1695 Δ

556 1734 636 1767 cer
655 1719 834 1780 fodere,
857 1724 939 1765 aut
960 1732 1104 1774 arare,
1124 1726 1207 1765 aut
1241 1717 1363 1765 Hea.
1386 1717 1419 1773 i,
1445 1723 1490 1766 l.
1517 1721 1580 1766 16

621 1782 826 1847 Fungor.
891 1782 968 1829 Ita
990 1790 1087 1829 tute
1109 1788 1287 1829 attente
1307 1782 1489 1828 illorum
1511 1780 1612 1827 offi-

556 1846 632 1894 cia
651 1846 845 1909 fungere
887 1847 1012 1893 Hea.
1035 1846 1072 1902 i,
1095 1851 1142 1897 l.
1165 1850 1228 1895 14
1277 1845 1447 1909 Neque
1483 1846 1612 1901 boni,

535 1910 938 2025 {effingerlags
949 1910 1158 2021 I{unctus
1191 1909 1400 2021 (ἕίίῑὶιιίιιιιιι
1427 1917 1499 2021 {gt
1529 1910 1615 1956 viri

642 2011 656 2026 .
679 1990 748 2031 ιιι,
804 2010 817 2024 .
1000 1989 1167 2021 ommis
1218 1990 1266 2021 ru
1305 1990 1318 2020 ι
1350 1990 1376 2021 e
1471 1988 1613 2036 mpe-

556 2040 700 2085 rantis
739 2040 928 2086 functus
971 2038 1173 2087 officium
1226 1991 1350 2086 Ηξει.
1385 2038 1457 2095 iii,
1479 2044 1528 2087 3.
1555 2042 1615 2087 19

556 2102 660 2151 Tuo
683 2103 838 2151 officio
859 2103 1002 2151 fueris
1021 2104 1210 2151 functus
1259 2102 1358 2152 Ad.
1392 2103 1457 2159 iv,
1479 2107 1527 2151 3.
1551 2106 1614 2151 12

556 2167 766 2215 Functus
787 2167 1126 2215 adolescentuli
1159 2174 1232 2215 est
1262 2166 1464 2214 officinm
1499 2167 1617 2215 libe·

557 2230 668 2279 ralis
701 2232 790 2279 Ph.
813 2232 866 2291 ii,
891 2236 938 2279 1.
961 2236 1021 2280 51

623 2296 800 2345 Funus.
855 2294 1014 2341 Funus
1047 2293 1231 2341 interim
1265 2294 1510 2355 procedit:
1545 2309 1618 2342 se·

559 2359 746 2421 quimur
777 2358 840 2405 A.
862 2358 897 2413 i,
922 2362 968 2407 1.
995 2362 1087 2405 100
1121 2358 1197 2404 Ibi
1221 2366 1318 2403 tum
1339 2357 1461 2403 filius
1483 2374 1617 2405 cura-

560 2424 644 2469 bat
668 2436 760 2468 una
778 2422 920 2467 funus
952 2417 1016 2466 A.
1038 2422 1072 2475 i,
1093 2424 1139 2470 1.
1162 2425 1222 2469 81
1273 2421 1476 2483 Egomet
1496 2437 1615 2484 quo-

559 2501 653 2550 que
675 2484 778 2548 ejus
799 2500 940 2534 causa
960 2484 1010 2532 in
1033 2484 1174 2532 sunus
1197 2486 1370 2548 prodeo
1411 2483 1478 2536 A.
1510 2486 1542 2540 i,
1573 2493 1615 2534 1.

560 2555 627 2600 88
654 2549 846 2614 ‘Nequ'e
880 2557 1006 2596 extra
1038 2565 1178 2597 unam
1211 2549 1461 2606 aniculam,
1485 2550 1616 2614 quis-

560 2629 703 2678 quam
723 2615 901 2670 aderat,
922 2615 1002 2678 qui
1024 2613 1258 2677 adjutaret
1276 2614 1415 2661 funus
1461 2615 1552 2665 Ph.
1581 2615 1617 2678 i,

631 2743 738 2793 Fur.
782 2743 1039 2798 Exclamat,
1072 2743 1238 2798 furem,
1271 2758 1366 2790 non
1401 2741 1619 2799 Poe’tam,

561 2807 768 2856 fabulam
785 2809 972 2856 dedisse
1004 2807 1094 2856 Eu.
1119 2807 1247 2855 Prol.
1265 2811 1326 2855 23
1370 2806 1468 2854 Ubi
1491 2807 1617 2855 Cen-

557 2872 684 2920 turio
723 2879 799 2920 est
836 2873 1008 2937 Sanga,
1050 2879 1102 2920 et
1132 2870 1398 2934 manipulus
1427 2871 1616 2918 furum?

563 2935 658 2984 Eu.
679 2937 744 2992 iv,
767 2941 815 2985 7.
837 2942 870 2985 6

629 2998 852 3048 Furcifer.
916 2999 1149 3055 Debeam,
1183 2999 1340 3056 credo,
1373 2998 1451 3046 isti
1487 2998 1619 3062 quic-

559 3079 703 3128 quam
727 3063 959 3127 furcifero,
981 3064 1022 3112 si
1053 3063 1144 3111 Eu.
1166 3078 1214 3121 V,
1235 3067 1284 3111 2.
1307 3067 1369 3111 23
1415 3062 1510 3118 Oh,
1533 3061 1620 3110 tibi

563 3143 654 3190 ego
691 3134 746 3174 ut
777 3130 982 3189 credam,
1024 3126 1244 3174 furcifer?
1293 3125 1358 3174 A.
1391 3125 1462 3181 iii,
1483 3131 1532 3174 5.
1557 3131 1619 3175 12

565 3192 669 3256 Ego
691 3208 788 3239 uon
809 3201 996 3255 tangam
1018 3190 1206 3238 meam?
1240 3189 1330 3236 Ch.
1363 3189 1511 3236 Tuam
1535 3204 1619 3236 au·

565 3264 660 3304 tem
678 3257 696 3302 ?
717 3256 923 3303 furcifer!
979 3254 1071 3301 Eu.
1089 3253 1158 3310 iv,
1180 3257 1228 3300 7.
1249 3257 1314 3301 28
1358 3252 1540 3300 Omitte
1559 3254 1621 3301 de

564 3327 614 3368 te
633 3320 818 3366 diceret
859 3333 948 3382 ego
973 3328 1037 3374 te,
1057 3316 1263 3374 furcifer,
1287 3316 1326 3364 si
1347 3317 1481 3364 vivo!
1525 3315 1619 3365 Eu.

564 3399 614 3440 v,
634 3387 684 3431 6.
704 3387 766 3430 19

628 3445 840 3492 Furtum.
889 3443 1069 3494 Audin'
1092 3451 1142 3492 tu
1162 3445 1180 3492 ?
1212 3444 1292 3493 hic
1313 3443 1426 3492 furti
1448 3461 1498 3493 se
1520 3445 1621 3493 alli-

561 3519 647 3574 gat
679 3511 774 3558 Eu.
791 3511 856 3567 iv,
873 3515 920 3561 7.
945 3515 1008 3560 39
1040 3509 1152 3557 Νοιι
1175 3510 1256 3572 qui
1277 3509 1450 3556 furtum
1469 3511 1623 3558 facere

561 3575 797 3622 studuerit
828 3574 921 3625 Eu.
942 3573 1070 3624 Prol.
1095 3579 1158 3623 28
1206 3573 1493 3632 Pernoscite,
1525 3575 1621 3621 fur-

563 3646 725 3686 tumne
745 3639 920 3688 factum
943 3639 1244 3702 existumetis,
1271 3654 1331 3685 an
1373 3638 1470 3686 Ad.
1495 3638 1621 3686 Prol.

568 3707 632 3752 13
670 3703 826 3760 Quam
863 3705 942 3752 hic
961 3704 1136 3768 fugam,
1156 3713 1240 3751 aut
1257 3704 1429 3751 furtum
1453 3703 1621 3766 parat?

566 3768 658 3816 Ph.
680 3769 714 3823 i,
736 3773 785 3816 4.
810 3773 870 3817 14

631 3831 814 3880 Futilis.
880 3833 1072 3880 Servon’
1116 3833 1323 3879 fortunas
1365 3845 1492 3878 meas
1543 3845 1621 3879 me

565 3897 853 3946 commisisse
872 3897 1030 3946 futili?
1063 3895 1126 3946 A.
1147 3897 1220 3961 iii,
1239 3903 1290 3946 5.
1310 3899 1340 3943 3

1065 4089 1130 4140 G.

635 4213 840 4264 Gallina.
905 4215 1094 4264 Gallina
1135 4215 1339 4266 cecinit:
1383 4219 1620 4269 interdixit

568 4277 770 4333 hariolus
803 4281 893 4328 Ph.
913 4281 978 4337 iv,
1000 4285 1050 4330 4.
1072 4286 1138 4330 28

1547 402 1792 457 mnssx

1688 574 1693 579 ·
1750 556 1933 606 Ganeo.
1966 556 2200 606 Ganeum.
2264 554 2468 605 Dicam:
2490 572 2641 621 gerro,
2661 558 2735 607 iu·

1684 638 1778 678 ers,
1790 622 1933 677 fraus,
1947 622 2123 678 helluo,
2134 638 2303 685 ganeo,
2316 623 2569 670 damnosus
2582 625 2593 670 !
2614 624 2739 671 Hea.

1688 702 1732 741 v,
1754 691 1804 736 4.
1833 689 1890 735 11
1926 686 2079 735 Credo
2100 688 2355 736 abductum
2376 688 2424 737 iu
2438 702 2638 751 ganeum
2652 688 2736 735 ali-

1682 766 1780 815 quo
1812 750 1912 799 Ad.
1931 750 2001 806 iii,
2025 756 2073 800 3.
2094 757 2123 799 5

1718 846 1723 851 ·
1750 814 1957 863 Gannio.
1989 816 2119 873 Quid
2136 815 2217 864 ille
2237 815 2435 880 gannit?
2466 815 2579 878 quid
2604 814 2735 864 volt?

1684 878 1781 929 Ad.
1802 879 1868 940 iv,
1888 883 1937 929 2.
1956 885 2014 930 17

1747 942 1931 993 Garrio.
1998 944 2157 993 Garris
2204 944 2299 995 Eu.
2336 943 2387 999 ii,
2410 947 2456 991 3.
2480 948 2562 993 86.
2608 942 2734 992 Hea.

1679 1007 1750 1069 iii,
1774 1012 1823 1058 2.
1849 1014 1928 1057 25.
1958 1006 2024 1065 iv,
2046 1014 2098 1058 6.
2125 1014 2201 1058 19.
2233 1008 2325 1059 Ph.
2356 1008 2399 1065 -i,
2418 1012 2467 1057 4.
2488 1012 2552 1057 33
2599 1006 2737 1055 Garri

1682 1072 1826 1120 modo
1859 1072 1947 1121 Ph.
1967 1073 2038 1130 iii,
2058 1078 2107 1123 2.
2127 1077 2149 1121 1
2163 1077 2188 1121 1
2730 1084 2737 1091 ’

1748 1136 1989 1193 Garrulus,
2010 1153 2056 1195 a,
2078 1153 2175 1185 um.
2238 1137 2327 1185 Me
2346 1136 2641 1199 reprehendi,
2674 1151 2734 1183 ne

1682 1200 1797 1263 quid
1822 1203 1883 1249 de
1902 1202 2041 1250 fratre
2062 1202 2255 1265 garrulae
2286 1201 2356 1248 illi
2388 1202 2591 1249 dicerem
2637 1199 2735 1247 Ad.

1681 1264 1745 1321 iv,
1767 1269 1816 1314 4ο
1838 1270 1899 1315 1⁴

1746 1329 1964 1380 Gaudeo.
2029 1328 2173 1377 Haud
2222 1336 2353 1376 muto
2398 1329 2594 1378 sactum.
2657 1328 2738 1377 So.

1683 1393 1885 1442 Gaudeo
1918 1392 1982 1443 A.
2002 1393 2039 1450 i,
2065 1400 2109 1443 1.
2132 1398 2213 1443 13.
2237 1395 2344 1443 Jam
2368 1394 2417 1441 id
2439 1394 2625 1456 gaudeo
2670 1395 2734 1444 A.

1682 1458 1737 1515 ii,
1760 1464 1808 1508 2.
1827 1464 1889 1509 25
1940 1458 2032 1505 Nae
2051 1459 2188 1506 istam
2208 1457 2496 1505 multimodis
2512 1464 2641 1504 tuam
2662 1458 2739 1505 in-

1683 1524 1831 1571 veniri
1851 1524 2033 1587 gaudeo
2066 1522 2132 1570 A.
2155 1540 2202 1585 v,
2218 1528 2265 1571 4.
2288 1526 2353 1571 36
2384 1521 2571 1569 Salvum
2590 1529 2637 1568 te
2655 1524 2739 1573 ad-

1684 1588 1859 1645 venire,
1880 1589 2063 1649 gaudeo
2097 1586 2187 1634 Eu.
2208 1602 2255 1643 v,
2277 1592 2325 1635 6.
2342 1592 2373 1636 6
2406 1586 2516 1633 Nisi
2526 1586 2640 1649 quia
2655 1602 2737 1635 ne·

1684 1668 1815 1701 cesse
1841 1652 1932 1699 fuit
1964 1654 2052 1699 hoc
2087 1652 2256 1708 facere,
2286 1651 2336 1697 id
2360 1651 2543 1714 gaudeo
2576 1650 2670 1701 Eu.
2694 1668 2739 1707 v,

1685 1722 1734 1766 6.
1754 1721 1819 1766 28
1872 1716 1989 1763 Meo
2021 1716 2147 1762 fratri
2180 1716 2365 1779 gaudeo
2398 1730 2598 1762 amorem
2640 1732 2741 1763 esse
2790 1764 2793 1767 ,

1686 1796 1869 1828 omnem
1888 1781 1937 1827 in
1954 1780 2200 1843 tranquillo
2220 1780 2311 1827 Eu.
2332 1796 2379 1835 v,
2394 1784 2442 1828 9.
2460 1784 2490 1827 8
2524 1778 2738 1828 Gaudeo.

1689 1844 1778 1893 Ch.
1820 1844 1963 1892 Satis.
1983 1848 2124 1892 credo
2174 1844 2265 1891 Eu.
2302 1860 2350 1901 v,
2370 1849 2421 1893 9.
2442 1848 2503 1891 21
2550 1843 2737 1891 Salvum

1687 1910 1931 1957 advenisse
1966 1911 2150 1972 gaudeo
2194 1909 2319 1957 Hea.
2356 1909 2409 1963 ii,
2431 1913 2480 1956 4.
2505 1912 2567 1955 27
2610 1907 2739 1964 Quid

1686 1973 1872 2029 faciam,
1894 1974 2011 2037 Syre
2032 1974 2097 2021 mi
2116 1974 2133 2020 ?
2155 1974 2339 2036 gaudeo
2374 1972 2495 2019 Hea.
2521 1972 2585 2032 iv,
2608 1978 2653 2021 3.
2677 1978 2741 2024 14

1689 2037 1779 2085 Nae
1803 2054 1878 2085 mc
1898 2038 2019 2085 istuc
2042 2053 2099 2085 ex
2131 2044 2176 2085 te
2214 2038 2341 2099 prius
2371 2036 2599 2085 audivisse
2629 2052 2741 2099 gau-

1689 2103 1779 2150 deo
1813 2102 1933 2151 Hea.
1969 2102 2037 2161 iv,
2058 2107 2109 2153 6.
2135 2106 2195 2151 12
2230 2102 2384 2157 Quam
2408 2101 2609 2163 gaudeo,
2630 2101 2739 2148 ubi-l

1688 2166 1786 2214 Ad.
1828 2167 1897 2225 iii,
1920 2170 1967 2213 3.
1998 2171 2063 2215 90
2116 2164 2316 2213 Gaudeo
2370 2165 2470 2214 Ad.
2508 2180 2555 2219 V,
2592 2170 2641 2227 8,
2678 2169 2741 2213 34

1690 2230 1908 2277 Gaudeo.
1942 2230 2045 2276 AEs.
2086 2228 2149 2275 Et
2168 2246 2275 2293 ego.
2308 2230 2393 2293 Sy.
2434 2228 2587 2276 Credo
2641 2228 2741 2277 Ad.

1689 2311 1736 2353 v,
1754 2298 1801 2343 9.
1828 2299 1886 2341 15
1946 2293 2147 2341 Gaudeo
2170 2295 2297 2356 gnati
2322 2307 2459 2341 causa
2491 2292 2672 2349 He..ii‚
2696 2299 2745 2341 1.

1690 2363 1754 2405 36
1787 2356 1987 2405 Gaudeo
2012 2359 2191 2405 venisse
2208 2359 2380 2405 salvom
2414 2357 2509 2405 He.
2533 2356 2603 2417 iii,
2618 2363 2665 2406 2.
2683 2362 2743 2405 18

1691 2422 1825 2469 Bene
1848 2422 2043 2469 nuncias
2064 2440 2076 2469 z
2098 2431 2149 2470 et
2170 2423 2353 2485 gaudeo
2401 2422 2495 2472 He.
2528 2420 2590 2477 iv,
2612 2426 2660 2470 4.
2680 2426 2747 2470 20

1688 2486 1873 2534 Salvom
1911 2495 1959 2535 te
1995 2488 2241 2534 advenisse
2276 2488 2459 2548 gaudeo
2507 2485 2598 2536 Ph.
2621 2486 2672 2542 ii,
2698 2492 2745 2536 1.

1690 2557 1755 2600 56
1806 2549 2024 2608 Gaudeo,
2060 2559 2236 2599 tantam
2276 2553 2508 2598 fortunam
2538 2567 2641 2598 esse
2673 2552 2745 2598 his

1692 2616 1847 2663 datam
1880 2617 1971 2666 Ph.
1994 2632 2042 2671 v,
2066 2621 2114 2667 6.
2135 2620 2197 2667 43
2231 2616 2419 2664 Salvum
2442 2623 2487 2663 te
2508 2615 2748 2672 advenire,

1690 2679 1891 2737 Demea,
1913 2680 2195 2744 gaudemus!
2245 2681 2343 2728 Ad.
2380 2680 2413 2736 i,
2439 2685 2484 2729 1.
2504 2685 2569 2728 56
2615 2679 2745 2728 Gau-

1690 2745 1858 2792 debam
1891 2745 1955 2793 A.
1978 2745 2011 2801 i,
2035 2750 2079 2794 1.
2100 2749 2179 2793 33.
2214 2744 2247 2800 i,
2277 2748 2322 2794 1.
2345 2748 2426 2792 62.
2445 2743 2543 2790 Ad.
2566 2743 2599 2798 i,
2622 2749 2743 2792 2.73

1691 2807 1941 2870 Impendio
1973 2809 2121 2872 magis
2152 2809 2333 2856 animus
2366 2808 2601 2870 gaudebat
2630 2807 2747 2855 mihi

1692 2872 1785 2922 Eu.
1821 2873 1895 2934 iii,
1916 2879 1962 2921 5.
1985 2877 2049 2922 39
2093 2872 2376 2921 Gaudebat:
2415 2889 2491 2920 me
2530 2873 2749 2920 laudabat

1692 2937 1785 2986 Pb.
1807 2937 1874 2993 iv,
1899 2943 1947 2987 2.
1970 2943 1999 2985 5
2035 2937 2144 2986 Vah
2164 2939 2175 2986 Ξ
2200 2939 2366 2986 frustra
2386 2953 2487 2984 sum
2510 2936 2653 3000 igitur
2667 2952 2741 2998 ga·

1692 3001 1816 3048 visus
1835 3001 1979 3050 miser
2008 3001 2132 3049 Hea.
2161 3002 2226 3056 iv,
2248 3007 2296 3050 8.
2320 3005 2379 3049 17
2427 3001 2581 3049 Crede
2616 3001 2750 3063 mihi,

1692 3067 1918 3127 gaudebis
1938 3067 2063 3112 facto
2096 3066 2186 3112 Ph.
2206 3065 2275 3119 iii,
2298 3070 2347 3112 2.
2368 3068 2401 3112 9
2444 3065 2537 3110 Sed
2560 3073 2613 3111 ut
2634 3065 2749 3113 taci—

1694 3137 1743 3176 ta
1779 3145 1959 3178 mecum
1998 3130 2227 3192 gaudeam
2258 3128 2353 3178 He.
2387 3128 2424 3182 i,
2446 3132 2495 3175 2.
2518 3132 2583 3176 32
2637 3127 2747 3176 Vin'

1692 3193 1837 3241 hodie
1856 3195 2027 3254 facere,
2048 3193 2174 3254 quod
2196 3208 2287 3256 ego
2309 3192 2556 3254 gaudeam,
2578 3198 2627 3240 et
2663 3201 2746 3238 tuo

1696 3256 1791 3304 viro
1836 3259 1961 3305 oculi
1998 3258 2223 3304 doleant?
2273 3257 2363 3304 Ph.
2398 3271 2445 3318 v,
2466 3261 2515 3304 8.
2536 3260 2599 3305 63
2650 3255 2747 3303 Abs

1693 3321 1847 3384 quivis
1865 3321 2055 3370 >homine
2077 3321 2355 3369 beneficium
2390 3321 2601 3384 accipere
2634 3335 2747 3383 gau·-

1694 3386 1807 3432 deas
1859 3385 1958 3433 Ad.
1992 3386 2047 3448 ii,
2070 3391 2118 3436 3.
2142 3390 2169 3435 1
2224 3385 2331 3434 Jam
2374 3386 2465 3433 hoc
2504 3385 2631 3433 aliud
2676 3389 2751 3432 est‘

1694 3450 1821 3512 quod
1846 3452 2129 3514 gaudeamus
2160 3449 2253 3499 Eu.
2277 3467 2324 3507 v,
2346 3455 2393 3500 9.
2411 3454 2467 3498 11
2502 3449 2652 3496 Tanta
2668 3465 2747 3496 ve-

1693 3515 1853 3562 cordia
1870 3515 2037 3563 innata
2056 3517 2273 3578 cuiquam
2306 3521 2361 3560 ut
2392 3513 2497 3570 siet,
2532 3511 2747 3559 ut·malis

1694 3581 1967 3640 gaudeant?
1999 3579 2061 3626 A.
2091 3581 2155 3637 iv,
2181 3585 2229 3628 1.
2250 3583 2279 3626 3
2330 3578 2505 3624 Omnes
2526 3593 2613 3624 nos
2634 3593 2747 3640 gau-

1694 3643 1806 3690 dere
1826 3645 1935 3706 hoc,
1960 3644 2176 3700 Chreme,
2200 3651 2246 3690 te
2268 3643 2425 3698 credo,
2464 3643 2651 3689 credere
2682 3641 2744 3691 A.

1694 3719 1741 3763 ν,
1763 3711 1811 3754 4.
1831 3712 1895 3756 43
1946 3707 2165 3756 Gaudere.
2184 3708 2304 3754 adeo
2326 3707 2487 3770 coepit‚
2508 3707 2644 3770 quasi
2666 3705 2748 3768 qui

1694 3771 1896 3834 cupiunt
1930 3774 2119 3835 nuptias
2168 3772 2291 3819 Hea.
2328 3789 2373 3827 v,
2411 3777 2456 3820 1.
2490 3776 2550 3820 12
2604 3771 2745 3817 Hunc

1692 3835 1791 3946 ῗίο
1812 3851 1919 3883 mea
1940 3837 2087 3884 solide
2110 3837 2259 3885 solum
2282 3836 2543 3899 gavisurum
2576 3834 2749 3898 gaudia

1742 3931 1755 3946 .
1780 3916 1824 3953 v,
1846 3905 1894 3948 5.
1913 3905 1943 3948 8

1758 3962 2015 4013 Gaudium.
2079 3965 2254 4014 Nonne
2276 3966 2362 4016 tibi
2382 3981 2483 4013 esse
2504 3964 2650 4012 visum
2674 3978 2748 4008 so-

1694 4028 1841 4075 lidum
1876 4037 1949 4076 est
1984 4031 2241 4092 gaudium?
2275 4030 2339 4079 A.
2374 4029 2439 4090 iv,
2463 4034 2506 4078 1.
2528 4032 2593 4077 23
2642 4026 2749 4077 Uti-

1694 4108 1801 4139 nam
1824 4094 1915 4140 hoc
1937 4103 2212 4156 perpetuum
2234 4094 2319 4140 fiat
2350 4093 2573 4154 gaudium
2596 4091 2607 4139 !
2652 4091 2748 4139 Ad.

1694 4173 1739 4213 V,
1762 4162 1811 4206 9.
1837 4162 1894 4206 15
1928 4157 2057 4214 Quid
2078 4158 2197 4205 illud
2220 4158 2379 4220 gaudii
2401 4158 2504 4204 est?
2536 4155 2601 4204 A.
2635 4171 2679 4210 v,
2698 4161 2749 4204 5.

1692 4225 1723 4269 7
1776 4221 1827 4268 Si
1859 4221 1989 4268 nulla
2018 4223 2245 4286 aegritudo
2276 4221 2385 4278 huic
2408 4221 2581 4284 gaudio
2602 4219 2749 4266 inter-

1694 4285 1883 4334 cesserit
1914 4285 1975 4335 A.
1998 4304 2045 4344 v,
2068 4293 2118 4336 5.
2140 4292 2171 4336 5
2204 4285 2374 4336 Jamne
2392 4299 2635 4348 erumpere
2655 4285 2750 4330 hoc-
