3192 4975
575 407 649 474 xl

574 571 650 635 iii,
667 575 717 620 3-
750 573 812 619 14
873 569 923 616 Si
956 567 998 615 is
1030 573 1191 631 posset
1210 567 1271 615 ab
1292 581 1346 614 ea
1369 582 1469 616 sese
1489 568 1622 616 dere·

574 642 719 698 pente
741 632 937 683 avellere
961 631 1051 680 He.
1072 631 1137 686 iv,
1157 635 1204 680 1.
1225 635 1290 680 30
1346 631 1422 679 Ita
1442 647 1624 694 magna

572 698 726 763 (irae,)
750 705 801 746 ut
837 712 1016 760 sperem
1056 711 1191 759 posse
1221 695 1359 744 avelli
1393 695 1460 748 A.
1481 695 1553 753 iii,
1572 699 1624 746 3.

634 825 833 873 Ausero.
915 822 1059 880 Quod
1102 830 1175 871 est
1232 823 1523 886 promissum,
1565 823 1628 870 ab

571 888 735 938 amicis
768 895 1014 951 argentum
1053 887 1212 934 aufero
1252 887 1343 937 Ph.
1380 887 1451 942 iii,
1490 892 1539 938 2.
1562 891 1627 936 28

569 955 732 1002 Minas
752 951 941 1016 triginta
962 967 1045 1015 per
1073 951 1304 1000 fallaciam
1339 952 1399 998 ab
1420 950 1503 998 illo
1524 951 1628 1000 abs·

570 1019 659 1064 tuli
696 1017 789 1065 Ph.
830 1033 879 1072 v,
915 1020 963 1066 8.
1006 1019 1071 1065 48
1136 1014 1347 1062 Inuitum
1388 1029 1627 1078 nunquam

566 1082 621 1129 id
644 1080 825 1128 auferet
854 1078 920 1128 A.
941 1078 1011 1136 iii,
1034 1085 1084 1129 5.
1106 1083 1138 1128 4
1193 1078 1349 1126 Omne
1370 1079 1461 1127 hoc
1482 1087 1630 1128 mater

568 1146 751 1192 auferet
782 1141 876 1192 Ph.
899 1143 933 1198 i,
958 1149 1004 1194 1.
1024 1148 1085 1192 15
1148 1142 1261 1190 Nisi
1293 1143 1487 1200 facient,
1552 1159 1628 1190 uae

567 1208 675 1256 illos
694 1222 881 1270 aequum
901 1213 990 1263 est,
1020 1205 1149 1254 haud
1170 1207 1236 1254 sic
1275 1207 1489 1256 auferent
1520 1159 1628 1254 Ad.

566 1273 637 1330 iii,
656 1277 707 1322 4.
727 1276 761 1321 8
803 1270 957 1320 Aufer
978 1284 1139 1318 aurum
1159 1271 1250 1319 boc
1290 1271 1385 1320 Eu.
1404 1271 1467 1327 iv,
1490 1274 1538 1319 4.
1561 1275 1628 1320 50

564 1335 785 1385 Insanis?
807 1335 939 1384 aufer
960 1333 1058 1383 Ad.
1074 1351 1122 1392 v,
1140 1339 1188 1382 8.
1206 1338 1269 1383 14
1312 1333 1460 1382 Auser
1480 1335 1624 1394 mihi3

565 1406 752 1476 oportet
791 1400 883 1447 Ph.
905 1399 940 1454 i,
961 1404 1012 1448 4.
1034 1402 1101 1450 46
1141 1396 1293 1446 Aufer
1316 1407 1364 1446 te
1387 1399 1496 1446 hinc
1533 1399 1626 1446 Ph.

565 1464 637 1522 iir,
660 1469 710 1514 3.
732 1468 798 1513 27
858 1460 990 1517 Quin
1028 1469 1081 1508 tu
1115 1463 1228 1509 hinc
1267 1462 1629 1525 pollicitationes

566 1527 699 1576 auser
733 1527 823 1575 Ph.
860 1542 907 1582 v,
945 1532 996 1576 6.
1038 1530 1101 1575 17
1172 1525 1271 1574 Vos
1304 1526 1465 1574 isthaec
1504 1526 1628 1575 intro

564 1592 743 1639 auferte
765 1608 780 1639 z
807 1590 933 1638 abite
969 1589 1032 1637 A.
1054 1589 1087 1645 i,
1110 1594 1160 1638 1.
1186 1595 1214 1640 1
1260 1588 1361 1637 Dat
1380 1590 1497 1637 mihi
1517 1591 1627 1655 (au-

564 1653 693 1718 rum)
714 1660 768 1701 ut
788 1653 993 1702 auferam
1034 1652 1126 1700 Eu.
1148 1653 1213 1710 iv,
1235 1658 1283 1702 1.
1306 1658 1367 1703 13
1422 1654 1626 1703 Hiccine

565 1726 620 1764 ut
640 1733 669 1764 a
690 1718 825 1766 nobis
846 1719 937 1766 hoc
973 1723 1153 1766 tantum
1192 1718 1372 1780 argenti
1411 1718 1626 1766 auferat?

561 1783 655 1829 Ph.
679 1799 723 1838 v,
743 1785 792 1830 7.
813 1786 878 1830 62
934 1781 1211 1844 Priusquam
1249 1781 1483 1844 dilapidet
1516 1799 1627 1830 uos-

563 1852 656 1892 tras
678 1845 867 1908 triginta
888 1846 1055 1901 minas,
1078 1852 1132 1892 ut
1163 1845 1425 1894 auferamus
1464 1845 1556 1894 Ph.
1580 1863 1627 1910 v,

561 1914 612 1959 7.
632 1915 663 1958 5
726 1910 933 1971 Propere
954 1924 1151 1964 arcesse,
1173 1909 1285 1956 hinc
1309 1909 1390 1972 qui
1410 1909 1626 1958 auferant

561 1989 668 2020 eam
719 1972 777 2021 A.
816 1989 861 2027 v,
906 1977 954 2022 6.
998 1977 1053 2020 15
1120 1973 1367 2035 Quidquid
1418 1988 1624 2035 possem,

562 2037 751 2084 mallem
785 2035 965 2084 auferre
988 2035 1144 2098 potius
1165 2036 1217 2082 in
1240 2037 1489 2100 praesentia
1526 2037 1625 2088 Ad.

564 2099 619 2156 ii,
641 2104 689 2149 2.
715 2103 778 2149 14
820 2100 1063 2162 Suspicor,
1082 2099 1262 2162 aliquid
1281 2100 1422 2147 domo
1443 2101 1623 2148 abeun-

560 2171 657 2211 tem
678 2163 925 2212 abstulisse
958 2163 1049 2212 Eu.
1070 2163 1136 2219 iv,
1160 2167 1207 2212 3.
1232 2167 1294 2212 19
1355 2163 1426 2211 Ut
1457 2180 1517 2211 ea
1548 2165 1628 2213 via

561 2229 645 2274 abs
665 2233 711 2275 te
733 2236 977 2290 argentum
1001 2227 1257 2274 auferretur
1289 2227 1413 2274 Hea.
1434 2227 1499 2283 iv,
1522 2233 1568 2276 8.
1590 2233 1625 2277 9

562 2290 765 2338 Parasiti
800 2305 1045 2353 personam
1065 2289 1181 2338 iude
1203 2289 1406 2338 ablatam
1428 2298 1478 2339 et
1497 2292 1624 2340 mili-

560 2353 621 2400 tis
645 2353 736 2402 Eu.
758 2354 885 2402 Prol.
908 2357 973 2401 26

622 2415 855 2480 Aufugio.
920 2415 1013 2463 Dic
1029 2415 1165 2472 mihi,
1187 2416 1495 2480 aufugistin'?
1528 2416 1622 2467 Eu.

558 2498 607 2535 v,
624 2485 670 2531 2.
698 2485 759 2530 12
804 2479 1027 2543 Denique
1058 2479 1214 2528 hercle
1246 2481 1505 2544 aufugerim
1534 2500 1622 2547 po-

560 2545 672 2601 tius,
688 2560 830 2609 quam
852 2544 1035 2591 redeam
1070 2544 1169 2594 He.
1184 2544 1258 2607 iii,
1278 2549 1328 2594 4.
1354 2550 1415 2594 10

624 2607 811 2671 Augen.
875 2607 1028 2655 Immo
1058 2624 1181 2669 auge
1212 2609 1359 2672 magis
1390 2610 1624 2673 suspicio-

557 2688 665 2721 nem
716 2673 807 2720 Eu.
843 2672 914 2729 iii,
946 2677 993 2721 1.
1022 2676 1088 2721 46
1126 2672 1296 2720 Verum
1328 2672 1371 2719 si
1406 2688 1622 2737 augeam,

556 2744 641 2783 aut
660 2736 849 2798 adjutor
865 2736 953 2783 sim
975 2733 1079 2798 ejus
1098 2736 1355 2784 iracundia
1389 2735 1487 2785 Ad.
1513 2741 1546 2795 i,
1568 2743 1619 2787 2.

555 2806 619 2851 65
655 2800 833 2857 Facite,
854 2799 1177 2863 aequanimitas
1213 2800 1379 2849 Poetae
1408 2802 1472 2848 ad
1510 2803 1623 2851 scri-

557 2865 765 2913 bendum
808 2871 979 2927 augeat
1014 2864 1293 2912 industriam
1346 2862 1447 2915 Ad.
1488 2866 1618 2917 Prol-

556 2934 618 2979 25
670 2928 722 2976 Si
744 2928 809 2975 sic
831 2929 1006 2975 factum
1038 2934 1126 2985 est,
1146 2931 1283 2976 herus
1313 2930 1486 2977 damno
1508 2945 1620 2978 auc-

556 2999 630 3039 tus
653 3000 725 3039 est
756 2990 879 3042 Hea.
902 2992 969 3049 iv,
987 2996 1106 3041 1.15
1142 2992 1341 3041 Morbus
1356 2994 1441 3056 qui
1455 3002 1622 3043 auctus

555 3056 646 3103 siet
676 3056 769 3104 He.
791 3055 860 3113 iii,
884 3058 931 3104 1.
954 3061 1017 3105 54
1066 3055 1244 3104 Omnes
1267 3064 1313 3104 te
1334 3058 1384 3103 in
1404 3057 1549 3118 lauta,
1570 3066 1621 3106 et

554 3120 677 3167 bene
698 3128 838 3168 aucta
857 3128 989 3183 parte
1012 3128 1181 3182 putant
1213 3120 1337 3172 Hea.
1358 3121 1427 3177 iv,
1451 3128 1498 3170 5.
1520 3128 1586 3171 50

618 3183 859 3247 Augesco.
946 3184 1076 3230 Mihi
1116 3186 1327 3245 augescit
1368 3184 1516 3247 magis
1555 3185 1618 3233 de

555 3246 655 3295 filio
677 3247 903 3310 aegritudo
938 3245 1061 3292 Hea.
1079 3245 1153 3302 iii,
1179 3252 1224 3294 1.
1252 3250 1313 3296 14
1537 3242 1558 3254 ”

617 3310 825 3365 Avidus,
846 3324 894 3369 a,
917 3324 1012 3356 um.
1044 3306 1205 3356 Habet
1250 3316 1395 3357 atrem
1408 3309 1616 3370 avidum,

550 3372 785 3429 miserum,
820 3378 963 3435 atque
996 3370 1177 3419 aridum
1261 3389 1332 3421 ea.
1366 3374 1435 3430 iii,
1467 3380 1517 3425 2.
1554 3381 1615 3426 15

552 3436 708 3491 Quam
746 3436 1006 3484 inhoneslae
1042 3436 1152 3483 solae
1184 3436 1279 3485 siut
1306 3438 1451 3495 domi,
1472 3446 1617 3503 atque

550 3499 705 3547 avidae
725 3498 823 3548 cibi
856 3499 949 3549 Eu.
973 3516 1017 3555 v,
1043 3503 1091 3549 4.
1117 3505 1178 3550 16
1225 3499 1343 3564 Ejus
1373 3502 1515 3552 frater
1552 3505 1614 3552 ad

550 3578 647 3611 rem
667 3571 741 3611 est
762 3562 943 3612 avidior
972 3562 1064 3611 Eu.
1085 3564 1123 3622 i,
1146 3568 1195 3613 2.
1219 3571 1279 3614 51

613 3626 819 3685 Aureus.
854 3643 901 3686 a,
939 3644 1032 3677 um.
1119 3630 1288 3677 Jovem
1329 3645 1425 3693 quo
1472 3638 1613 3694 pacto

550 3690 733 3739 Danaae
753 3690 933 3740 misisse
948 3692 1081 3739 aiunt
1098 3692 1152 3740 in
1174 3692 1397 3757 gremium
1418 3694 1614 3743 imbrem

549 3771 745 3805 aureum
776 3756 869 3806 Eu.
891 3756 965 3814 iii,
987 3762 1037 3807 5.
1060 3760 1125 3806 37

613 3821 773 3871 Auris.
839 3820 986 3882 Fam,
1002 3820 1053 3869 in
1076 3836 1231 3870 aurem
1255 3821 1475 3870 utramvis
1494 3822 1616 3869 otio-

550 3899 601 3931 se
624 3892 677 3931 ut
710 3886 913 3933 dormias
945 3885 1069 3934 Hea.
1094 3886 1146 3941 ii,
1171 3890 1219 3935 3.
1246 3891 1337 3935 101
1390 3885 1611 3933 Animam

549 3950 834 4062 &38:⁶13ss
866 3965 929 4061 21¹¹
930 3964 1087 4077 ‘31:¹03
1087 3949 1245 4061 ‘³¹3¹ssss
1278 3950 1443 4061 ἓῗ.ἴ’
1463 3954 1613 4077 3221}ss

832 4048 847 4073 2
1079 4049 1092 4069 ί
1411 4048 1425 4070 2

548 4075 609 4121 ad
634 4090 789 4125 aurem
806 4078 1062 4143 obganniat
1092 4077 1182 4125 Ph.
1215 4095 1263 4134 v,
1278 4082 1327 4133 8.
1344 4081 1407 4127 41
1443 4076 1612 4140 Arrige

549 4152 699 4194 aures,
737 4140 989 4205 Pamphile
1040 4140 1105 4190 A.
1142 4158 1189 4197 v,
1223 4146 1268 4191 4.
1304 4146 1369 4190 30
1417 4141 1612 4189 Oraudo

548 4202 708 4248 surdas
737 4203 838 4266 jam
872 4221 1005 4253 aures
1043 4205 1313 4253 reddideras
1342 4204 1457 4253 mihi
1490 4205 1612 4253 Hea.

548 4265 603 4325 ii,
626 4268 673 4315 3.
713 4269 779 4317 80
824 4267 967 4319 Haud
1004 4269 1158 4319 invito
1193 4270 1253 4319 ad
1290 4285 1423 4319 aures
1462 4286 1611 4319 sermo

1556 413 1799 468 mnux

1699 565 1816 613 mibi
1837 563 2032 612 accessit
2054 569 2163 610 tuus
2195 563 2290 612 He.
2309 561 2380 618 iii,
2405 567 2454 610 5.
2475 564 2539 611 32
2588 560 2760 610 Partim

1699 645 1805 694 quae
1827 629 1988 690 accepi
2010 629 2198 675 auribus
2229 627 2322 676 He.
2342 627 2412 683 iii,
2428 631 2475 676 3.
2493 631 2522 674 3
2557 624 2766 674 Auribus

1701 701 1840 740 teneo
1863 694 2027 755 lupum
2062 692 2150 739 Ph.
2171 692 2243 749 iii,
2265 695 2313 740 2.
2334 695 2397 740 21

1766 755 1966 806 Aurum.
2015 754 2214 804 ‘Aurum
2247 769 2391 830 quare
2421 754 2482 801 sit
2502 769 2636 801 suum
2671 753 2767 800 Eu.

1701 820 1829 870 Prol.
1845 824 1903 870 11
1923 821 2092 868 Senem
2105 819 2313 881 pellexit,
2321 820 2464 866 modo
2479 833 2572 864 non
2583 825 2769 893 montes

1701 900 1820 997 232².
1838 884 2191 997 ffliiffiniess‘
2215 881 2770 1004 ¹1²2:u2.'i‡,81fh1²;⁰⁰1²2=32r¹

1701 1026 1864 1060 aurum
1885 1014 1974 1061 boc
2023 1011 2117 1061 Eu.
2149 1012 2218 1068 iv,
2241 1017 2290 1060 4.
2316 1015 2381 1060 59
2423 1008 2618 1056 Portant
2646 1009 2764 1071 quid

1699 1075 1880 1124 rerum!
1936 1089 2098 1124 aurum
2146 1082 2324 1124 vestem
2381 1073 2504 1122 Hea.
2538 1072 2598 1132 ii,
2636 1077 2688 1120 3.
2731 1076 2765 1121 7

1699 1139 1876 1189 Viden’
1898 1148 1951 1188 tu
1975 1138 2188 1196 ancillas,
2211 1153 2392 1195 aurum,
2407 1137 2615 1185 vestem?
2637 1136 2764 1184 Hea.

1697 1203 1754 1260 ii,
1777 1208 1826 1253 3.
1853 1209 1912 1253 11
1961 1203 2161 1260 Aurum,
2187 1211 2329 1266 atque
2351 1210 2546 1258 vestem,
2571 1201 2673 1263 qui,
2695 1207 2766 1247 te-

1701 1269 1883 1316 nesne?
1917 1267 2042 1316 Hea.
2063 1267 2133 1324 iv,
2157 1273 2205 1316 5.
2227 1271 2292 1316 30
2340 1265 2441 1314 Des
2474 1264 2558 1328 qui
2587 1280 2767 1320 aurum,

1703 1345 1758 1380 ac
1779 1339 1956 1380 vestem
1988 1331 2114 1381 Hea.
2154 1330 2218 1387 iv,
2249 1335 2296 1379 8.
2328 1334 2387 1378 15
2434 1329 2630 1392 Spousae
2666 1342 2768 1376 ves·

1702 1402 1815 1453 tem,
1861 1411 2040 1455 aurum,
2083 1402 2224 1470 atque
2267 1394 2460 1442 ancillas
2503 1409 2624 1456 opus
2666 1407 2769 1439 esse

1702 1459 1826 1507 Hea.
1859 1477 1908 1516 v,
1929 1463 1976 1508 1.
1999 1465 2064 1508 20
2112 1459 2224 1506 Sine
2261 1473 2391 1511 auro.
2414 1465 2514 1504 tum
2535 1464 2768 1510 ornatam,

1700 1523 1767 1571 ita
1790 1524 1861 1571 uti
1893 1539 2000 1587 quoe
2032 1531 2254 1571 ornantur
2284 1522 2372 1570 sibi
2405 1521 2529 1570 Hea.
2555 1519 2608 1576 ii,
2632 1525 2680 1570 3.
2701 1525 2768 1569 47

1702 1585 1916 1636 Ancillas
1945 1603 2102 1636 secum
2132 1586 2348 1643 adduxit,
2371 1592 2585 1634 oneratas
2617 1589 2766 1640 veste,

1700 1659 1844 1715 atque
1865 1667 1977 1699 auro
2009 1650 2132 1699 Hea.
2153 1652 2224 1707 iii,
2246 1655 2294 1700 1.
2319 1654 2384 1700 43

1765 1715 2015 1766 Ausculto.
2092 1714 2326 1764 Ausculto
2347 1732 2359 1760 ε
2405 1713 2610 1777 'loquere
2651 1712 2766 1774 quid

1698 1779 1816 1828 velis
1848 1781 1913 1829 A.
1935 1781 2005 1836 iii,
2029 1785 2078 1829 3.
2109 1786 2139 1828 5
2191 1779 2323 1835 Quid
2365 1784 2415 1824 tu
2449 1776 2580 1833 huic,
2615 1777 2766 1832 asine,

1699 1844 1968 1892 auscultas?
2001 1843 2065 1890 A.
2087 1859 2133 1900 v,
2157 1847 2205 1891 8.
2231 1846 2294 1890 12
2343 1839 2578 1888 Ausculta
2603 1840 2765 1902 paucis

1698 1904 1764 1952 A.
1783 1906 1857 1963 iii,
1880 1911 1927 1956 3.
1951 1911 1982 1957 4
2018 1907 2108 1954 Per
2127 1914 2315 1969 tempus
2329 1905 2537 1953 advenis.
2551 1905 2766 1952 ausculta

1698 1968 1764 2020 A.
1789 1971 1853 2026 iv,
1875 1975 1924 2020 4.
1947 1974 2012 2018 45
2063 1970 2174 2017 Huc
2210 1985 2305 2032 qua
2341 1969 2488 2031 gratia
2519 1976 2567 2015 te
2597 1969 2766 2015 arcessi

1691 2032 1830 2095 jussi,
1853 2033 2066 2081 ausculta
2098 2033 2189 2082 Eu.
2210 2033 2247 2090 i,
2278 2037 2329 2082 2.
2365 2037 2430 2081 20
2479 2032 2623 2079 Porro
2657 2047 2764 2079 aus·

1697 2097 1845 2157 culta,
1867 2099 1997 2157 quod
2019 2105 2230 2161 superest
2248 2096 2449 2144 fallaciae
2482 2096 2604 2145 Hea.
2629 2097 2694 2150 iv,
2716 2102 2765 2144 5.

1697 2165 1762 2210 23
1798 2161 1929 2217 Quin
1952 2170 2004 2209 tu
2036 2161 2248 2208 ausculta
2275 2161 2398 2208 Hea.
2423 2177 2468 2215 v,
2489 2159 2527 2208 i.
2558 2164 2617 2208 17
2651 2158 2760 2206 Ab!

1699 2224 1913 2272 ausculta
1945 2224 2008 2275 A.
2043 2225 2082 2282 i,
2122 2229 2174 2274 2.
2211 2229 2274 2274 33
2347 2224 2506 2280 Pater,
2551 2224 2760 2280 obsecro,

1699 2288 1910 2336 ausculta
1943 2287 2007 2335 A.
2039 2288 2108 2345 iv,
2126 2295 2176 2338 5.
2199 2293 2262 2337 45
2314 2287 2546 2335 Ausculta
2582 2287 2765 2350 paucis,

1699 2351 1790 2399 nisi
1812 2351 2061 2400 molestum
2085 2359 2158 2402 est
2188 2351 2252 2402 A.
2274 2369 2322 2407 v,
2345 2356 2396 2400 3.
2415 2356 2481 2400 20
2530 2349 2764 2399 Ausculta

1698 2414 1786 2466 Ph.
1809 2415 1926 2464 Istic
1942 2431 2044 2463 sum
2077 2415 2170 2465 He.
2191 2416 2228 2474 i,
2250 2420 2298 2467 2.
2322 2421 2386 2465 39
2432 2415 2556 2478 Ergo
2579 2415 2763 2463 auscul-

1698 2485 1745 2527 ta
1779 2479 1867 2527 Ph.
1894 2480 1926 2536 i,
1941 2485 1991 2531 2.
2016 2484 2078 2530 12
2110 2479 2218 2528 Jam
2239 2479 2390 2528 sciesz
2425 2479 2640 2528 ausculta
2672 2480 2762 2529 Ph.

1697 2560 1746 2601 v,
1769 2548 1816 2593 Β.
1837 2548 1868 2593 7
1917 2544 2279 2608 Pamphilumne
2315 2544 2544 2601 ad‘utem,
2580 2560 2642 2591 an
2678 2559 2762 2591 au-

1697 2607 1892 2657 scultem
1913 2609 2016 2656 seni
2048 2607 2112 2657 A.
2131 2609 2169 2665 i,
2191 2613 2239 2657 3.
2259 2613 2290 2658 4
2392 2607 2448 2655 isi
2479 2608 2596 2655 mihi
2630 2607 2762 2656 Deos

1697 2672 1810 2719 satis
1831 2672 1928 2720 scio
1950 2673 2095 2720 fuisse
2122 2672 2279 2728 iratos,
2301 2673 2383 2735 qui
2405 2672 2760 2720 auscultaverim

1697 2733 1763 2785 A.
1785 2736 1850 2793 iv,
1876 2741 1923 2786 1.
1946 2741 2009 2786 41
2049 2736 2161 2782 Vin·
2184 2744 2236 2783 tu
2265 2736 2445 2783 homini
2467 2735 2610 2783 stulto
2643 2736 2760 2783 mibi

1697 2800 1989 2847 auscultare?
2024 2799 2147 2847 Hea.
2165 2800 2241 2855 iii,
2261 2804 2310 2851 3.
2331 2804 2396 2850 24
2438 2799 2553 2846 Vin’
2575 2807 2626 2845 tu
2648 2800 2760 2848 huic

1697 2862 1800 2911 seni
1821 2862 2110 2913 auscultare?
2145 2862 2244 2912 Ad.
2267 2880 2313 2920 v,
2334 2869 2383 2914 7.
2405 2868 2435 2912 8
2468 2862 2580 2910 Non
2604 2863 2760 2911 hercle

1697 2927 1847 2975 otium
1862 2935 1936 2976 est
1956 2943 2082 2977 nunc
2103 2927 2219 2978 mihi
2239 2928 2537 2979 auscultandi
2565 2926 2666 2975 Ad.
2688 2927 2763 2987 iii,

1763 3054 2045 3120 Auspicato.
2109 3057 2254 3106 Haud
2290 3057 2535 3119 auspicato
2571 3056 2664 3104 huc
2683 3070 2760 3103 me

1698 3120 1838 3169 attuli
1869 3119 1936 3171 A.
1959 3122 2027 3179 iv,
2050 3127 2101 3171 5.
2125 3126 2188 3172 12
2523 3122 2530 3129 ’

1761 3182 1879 3231 Aut.
1945 3184 2164 3235 Gaudeo.
2204 3184 2245 3231 si
2282 3182 2369 3230 tibi
2401 3182 2518 3245 quid
2538 3182 2652 3238 feci,
2673 3191 2758 3231 aut

1695 3246 1820 3320 facio
1841 3246 1917 3323 ·A.
1938 3248 1975 3306 i,
2003 3254 2048 3299 1.
2082 3254 2144 3299 14
2191 3247 2286 3320 Qui
2318 3245 2436 3294 scire
2471 3262 2650 3309 posses,
2672 3255 2758 3293 aut

1693 3325 2144 3432 fflffizffffz’xz?
2162 3311 2240 3423 ἑὲ·
2256 3309 2760 3430 ἔὲξὲῖἒηὲῗὶξὲῗέ

1695 3438 2010 3501 Philosophos
2041 3438 2104 3487 A.
2125 3440 2160 3497 i,
2181 3442 2326 3490 1.29.
2343 3444 2406 3490 30
2437 3438 2755 3487 Observabam

1694 3503 1900 3551 servulos
1918 3504 2178 3565 venientes,
2199 3510 2281 3551 aut
2295 3505 2522 3552 abeuntes
2542 3502 2606 3551 A.
2629 3502 2665 3557 i,
2689 3506 2753 3550 57

1694 3566 1825 3623 Quid
1839 3569 2111 3625 commerui,
2128 3574 2210 3615 aut
2223 3567 2433 3631 peccavi,
2445 3573 2576 3628 pater
2590 3566 2609 3611 ?
2631 3564 2697 3614 A.
2715 3564 2758 3626 i,

1695 3634 1741 3679 1.
1775 3636 1868 3681 112
1924 3633 2134 3695 Peropus
2155 3640 2244 3686 est,
2267 3639 2350 3678 aut
2369 3632 2494 3678 hunc
2513 3645 2620 3677 cum
2633 3628 2756 3691 ipsa,

1693 3702 1776 3742 aut
1791 3710 1870 3751 rue
1892 3695 2066 3759 aliquid
2091 3696 2153 3743 de
2174 3696 2256 3742 illa
2277 3696 2524 3743 advorsum
2537 3694 2663 3741 huuc
2685 3692 2754 3741 lo-

1691 3759 1773 3822 qui
1797 3757 1860 3807 A.
1881 3760 1915 3816 i,
1936 3765 1987 3807 5.
2004 3764 2068 3808 30
2098 3757 2289 3807 Adeon'
2305 3759 2556 3822 ingratum,
2579 3764 2662 3804 aut
2678 3756 2754 3803 in-

1693 3823 1962 3878 humanum,
1979 3829 2063 3869 aut
2075 3822 2223 3871 ferum
2258 3821 2321 3870 A.
2344 3822 2380 3881 i,
2397 3829 2446 3873 5.
2461 3826 2524 3872 43
2560 3821 2756 3870 Utinam

1691 3894 1775 3933 aut
1796 3887 1874 3935 hic
1909 3888 2092 3943 surdus,
2115 3894 2198 3934 aut
2230 3888 2334 3935 haec
2374 3893 2504 3933 muta
2539 3886 2664 3934 facta
2696 3882 2756 3931 sit

1689 3949 1754 3999 A.
1774 3950 1847 4007 iii,
1875 3954 1918 4001 1.
1941 3957 1970 3999 5
2021 3949 2125 3997 Aut
2159 3952 2272 4015 quia
2307 3966 2410 3999 sum
2430 3950 2557 4012 apud
2581 3956 2628 3995 te
2662 3946 2757 4010 pri·

1695 4030 1795 4063 mus
1826 4014 1920 4065 Eu.
1942 4014 1977 4072 i,
2001 4018 2051 4064 2.
2076 4020 2138 4064 10
2171 4016 2220 4064 Si
2251 4015 2438 4068 falsum,
2462 4020 2546 4060 aut
2567 4028 2755 4066 vanum,

1691 4086 1774 4125 aut
1806 4079 1966 4127 fictum
2003 4088 2093 4137 est,
2131 4080 2288 4142 palam
2315 4086 2388 4125 cst
2421 4076 2516 4127 Eu.
2551 4077 2587 4133 i,
2622 4081 2671 4127 2.
2691 4078 2756 4125 24

1691 4141 1912 4191 Profecto
1955 4158 2052 4190 non
2109 4144 2218 4207 plus
2271 4143 2487 4199 biduum,
2531 4148 2613 4188 aut
2665 4139 2759 4189 Ph.

1691 4204 1826 4254 Aut?
1860 4206 1980 4254 nibil
2017 4222 2167 4256 moror
2211 4208 2306 4255 Eu.
2343 4206 2378 4261 i,
2418 4209 2467 4254 2.
2508 4208 2604 4254 104
2657 4202 2758 4251 Aut

1691 4270 1820 4319 dicat
1858 4270 1984 4335 quod
2031 4273 2160 4333 volt5
2213 4278 2295 4321 aut
2335 4269 2532 4319 molesta
2573 4284 2634 4317 ne
2671 4264 2760 4314 siet
