3192 4975
571 425 727 504 ccix

573 610 645 653 so.
667 597 822 656 hunc3
841 600 1047 644 ceterum
1070 595 1282 662 posthac,
1297 593 1338 644 si
1354 596 1624 661 quicquam,

573 663 690 710 nihii
723 675 886 724 precor
932 659 1023 707 Ph.
1062 661 1098 718 i,
1118 665 1166 711 2.
1188 665 1255 710 92
1299 659 1378 708 Ne
1409 677 1481 710 me
1501 662 1624 710 istoc

575 727 771 792 posthac
793 725 979 772 nomine
999 725 1271 790 appellassis
1291 725 1384 774 Ph·
1423 742 1468 788 v,
1490 730 1537 776 1.
1561 730 1623 776 15

575 791 644 840 At
662 807 750 854 ego
767 796 948 837 ecastor
964 791 1156 852 posthac
1175 789 1278 846 tibi,
1293 791 1420 853 quod
1441 798 1625 853 potero,

575 862 626 905 et
645 869 751 918 quas
771 853 918 912 voles,
937 853 1104 902 faciam
1138 853 1228 902 Ph.
1251 870 1296 913 v,
1318 860 1366 905 8.
1389 859 1450 905 61

641 919 856 968 Postilla.
919 916 1118 966 Postilla
1146 933 1273 967 nunc
1305 920 1502 982 primum
1539 933 1624 967 su·

575 984 656 1032 dio
686 982 750 1032 A.
771 1000 818 1040 v,
839 985 886 1031 4.
908 986 974 1032 33
1003 983 1125 1030 Tute
1146 982 1257 1043 scis,
1277 983 1464 1046 postilla
1484 999 1624 1047 quam

575 1048 790 1096 intimum
809 1048 1007 1096 habeam
1028 1055 1075 1096 te
1107 1045 1198 1094 Eu.
1217 1047 1255 1104 i,
1276 1053 1325 1097 2.
1348 1053 1410 1097 4⁷
1452 1045 1524 1094 Ea
1543 1063 1626 1096 co·

575 1120 682 1161 acta
705 1109 913 1176 ingratiis
933 1110 1122 1174 postilla
1135 1111 1280 1174 coepit
1295 1111 1468 1160 victum
1485 1112 1627 1175 volgo

575 1191 782 1242 quaerere
827 1176 952 1224 Hea.
995 1175 1064 1232 iii,
1090 1181 1135 1225 1.
1153 1179 1218 1226 88
1267 1175 1320 1224 Si
1349 1191 1452 1224 eam
1488 1176 1627 1224 susti·

576 1241 750 1298 uaeris,
773 1240 962 1304 postilla
973 1239 1094 1303 jam,
1117 1247 1171 1288 ut
1190 1239 1338 1297 lubet,
1361 1240 1494 1288 ludas
1515 1241 1629 1289 licet

577 1305 668 1355 Ph.
691 1305 742 1361 ii,
763 1311 811 1354 2.
834 1309 896 1354 33
929 1303 1124 1368 Rogas?
1145 1312 1262 1368 quot
1277 1305 1383 1353 res?
1419 1304 1629 1368 postilla,

575 1377 782 1418 monstra
801 1376 1056 1418 evenerunt
1077 1368 1220 1417 mihi!
1276 1368 1366 1420 Ph.
1402 1369 1470 1429 iv,
1490 1375 1539 1419 4.
1561 1375 1625 1419 25

575 1433 748 1499 Neque
771 1433 959 1500 postilla
979 1447 1186 1498 unquam
1207 1433 1362 1498 attigit
1399 1433 1488 1484 Ph.
1509 1450 1556 1492 v,
1579 1439 1628 1484 8.

641 1555 968 1612 Postmodum.
1031 1561 1212 1626 Meque
1229 1562 1312 1609 abs
1333 1567 1381 1610 te
1399 1562 1630 1611 immerito

575 1641 679 1739 ἔω
733 1633 1014 1685 accusatam,
1060 1627 1358 1691 postmodum
1412 1628 1631 1678 rescisces

631 1707 675 1740 e.
697 1690 750 1747 ii,
775 1697 820 1742 1.
841 1695 900 1741 11

642 1755 896 1819 Postputo.
962 1755 1060 1813 Qui
1079 1755 1237 1802 omnia
1257 1754 1346 1804 sibi
1417 1761 1629 1820 ostputa·

579 1819 652 1868 vit
671 1835 772 1868 esse
793 1835 888 1883 prae
907 1835 1012 1867 meo
1034 1821 1282 1868 commodo
1313 1819 1361 1869 A
1399 1854 1412 1869 .
1451 1821 1505 1884 ii,
1523 1825 1574 1870 3.
1595 1824 1632 1870 9

581 1883 703 1933 Cum
719 1892 770 1932 te
792 1891 1087 1948 postputasse
1108 1900 1269 1933 omnes
1303 1901 1376 1932 res
1409 1899 1507 1950 prae
1544 1900 1630 1950 pa-

579 1955 711 1996 rente
734 1948 946 2012 intelligo
978 1947 1073 2000 He.
1090 1949 1162 2005 iii,
1183 1956 1233 1998 5.
1257 1953 1320 1998 33

645 2011 919 2076 Postquam.
989 2011 1086 2076 Ego
1107 2022 1352 2078 postquam
1379 2018 1429 2061 te
1461 2012 1571 2069 emi,
1600 2028 1633 2062 a

617 2078 775 2126 arvnlo
806 2085 860 2126 ut
891 2093 1074 2142 semper
1112 2078 1202 2127 tibi
1235 2079 1363 2141 apud
1398 2095 1474 2126 me
1502 2077 1634 2141 justa

578 2093 719 2190 aierit
739 2143 949 2190 servitus.
1011 2141 1136 2190 Nam
1154 2143 1196 2191 is
1213 2151 1460 2208 postquam
1472 2159 1632 2191 exces-

581 2206 642 2254 sit
663 2222 718 2254 ex
741 2209 954 2271 ephebis.
1020 2207 1226 2255 Primum
1245 2209 1345 2256 baec
1370 2208 1541 2271 pudIce
1560 2209 1633 2255 vi-

582 2277 680 2318 tam
702 2274 898 2334 agebat:
921 2270 1005 2318 sed
1027 2278 1274 2334 postquam
1297 2287 1455 2319 amans
1477 2287 1635 2320 acces-

584 2335 665 2396 sit,
687 2335 888 2397 pretium
909 2335 1139 2399 pollicens
1172 2335 1237 2386 A.
1271 2336 1307 2398 i,
1329 2340 1372 2384 1.
1393 2340 1444 2385 8.
1465 2340 1547 2386 24.
1567 2340 1635 2386 49

584 2398 684 2454 Qui
704 2406 952 2462 postquam
984 2398 1212 2460 audierat,
1247 2414 1344 2446 non
1380 2400 1542 2446 datum
1579 2399 1635 2446 iri

584 2462 684 2509 filio
709 2476 897 2509 uxorem
918 2476 1020 2524 suo,
1039 2477 1280 2525 uunquam
1301 2463 1517 2525 cuiquam
1533 2479 1635 2511 ver-

582 2528 695 2574 bum
717 2526 834 2574 fecit
881 2524 947 2574 A.
979 2526 1014 2583 i,
1032 2529 1081 2576 2.
1103 2532 1135 2575 6
1182 2526 1252 2575 Ut
1273 2527 1455 2575 animus
1474 2527 1526 2574 in
1549 2544 1637 2591 spo

581 2592 780 2639 antehac
825 2597 1031 2639 attentus
1083 2590 1176 2638 fuit
1197 2609 1210 2639 z
1265 2592 1334 2639 ita
1386 2599 1637 2655 postquam

583 2656 771 2719 ademta
790 2671 898 2719 spes
916 2662 1003 2713 est,
1027 2662 1188 2719 stupet
1207 2655 1269 2703 A.
1291 2655 1345 2713 ii,
1366 2659 1413 2704 1.
1430 2661 1460 2705 4
1497 2656 1636 2705 Post·

583 2736 725 2784 quam
745 2729 856 2769 ante
876 2720 1047 2769 ostium
1069 2736 1144 2769 me
1171 2720 1353 2768 audivit
1379 2728 1519 2781 stare,
1549 2735 1637 2793 ⁸P‘.

584 2792 806 2849 properat
856 2784 922 2834 A.
964 2784 1034 2842 iii,
1058 2789 1106 2834 1.
1129 2789 1191 2834 16
1244 2786 1339 2834 Sed
1385 2786 1669 2856 postquam'

586 2864 772 2913 egressa
791 2856 878 2900 est.
911 2848 1346 2961 Nunc,Xostquam
1367 2850 1498 2898 videt
1513 2866 1636 2915 nup-

585 2914 674 2962 tias
695 2914 822 2962 domi
835 2914 1048 2978 apparari
1131 2948 1145 2962 .
1164 2913 1234 2971 iii,
1251 2920 1298 2963 2.
1319 2918 1396 2963 11.
1412 2918 1474 2963 33
1497 2915 1635 2963 Post-

584 2992 726 3090 quam
749 2994 826 3026 me
845 2994 998 3026 amare
1019 2978 1138 3039 dixi,
1156 2978 1438 3042 complacita
1455 2986 1528 3027 est
1549 2978 1637 3027 tibi

639 3077 652 3092 .
689 3043 756 3099 iv,
781 3046 827 3093 1.
847 3047 908 3093 21
962 3042 1210 3100 Revertor,
1241 3050 1506 3107 postquam,
1527 3058 1635 3109 quae

583 3122 705 3170 opus
726 3107 854 3155 suere
875 3108 935 3154 ad
958 3108 1148 3171 nuptias
1168 3115 1339 3170 gnatas,
1363 3108 1522 3171 paravi
1569 3107 1637 3157 A.

575 3170 647 3236 iv,
668 3176 716 3221 4.
741 3176 766 3221 1
823 3172 979 3229 Quam
999 3188 1124 3221 nunc
1161 3172 1308 3219 acturi
1339 3186 1495 3219 sumus
1523 3172 1635 3220 Me—

583 3236 768 3295 nandri·
801 3236 1099 3294 Eunuchum,
1153 3242 1403 3299 postquam
1450 3236 1635 3284 AEdiles

583 3306 797 3347 emerunt
829 3299 921 3347 Eu.
942 3300 1068 3347 Ptol.
1089 3304 1154 3349 20
1194 3299 1360 3358 Totus,
1382 3301 1635 3364 Parmeno,

584 3371 750 3424 tremo,
768 3364 1041 3427 horreoque,
1066 3370 1311 3427 postquam
1324 3365 1484 3428 aspexi
1498 3366 1636 3414 hanc.

583 3425 841 3490 Postquam
863 3428 1009 3475 sensit
1029 3443 1101 3475 me
1123 3434 1276 3475 tecum
1308 3432 1496 3493 quoque
1537 3446 1635 3478 rem

585 3490 756 3539 habere
787 3490 880 3541 Eu.
903 3492 938 3553 i,
959 3496 1010 3540 2.
1029 3497 1078 3542 4.
1099 3496 1162 3541 57
1217 3491 1344 3540 Nam
1385 3501 1635 3559 postquam

585 3556 884 3619 iste'advenit
903 3556 1123 3605 Chremes
1139 3556 1410 3606 adolescens
1441 3558 1534 3607 Eu.
1569 3560 1635 3615 iv,

586 3624 634 3668 1.
657 3624 687 3669 3
743 3619 872 3678 Quin
905 3621 1045 3669 etiam
1075 3621 1267 3685 insuper
1299 3623 1465 3679 scelus,
1504 3630 1634 3687 post-

585 3697 728 3747 quam
749 3684 1014 3734 ludificatus
1033 3693 1105 3734 est
1124 3682 1350 3751 virginem
1383 3688 1475 3739 Eu.
1498 3688 1563 3745 iv,
1585 3692 1636 3737 3.

587 3754 618 3797 3
651 3748 908 3813 Postquam
939 3750 1130 3807 surrexi,
1161 3767 1316 3815 neque
1347 3768 1450 3817 pes,
1481 3768 1637 3817 neque

583 3828 718 3861 mens
739 3816 850 3863 satis
867 3830 1002 3863 suum
1021 3815 1226 3864 officium
1242 3816 1355 3865 facit
1385 3815 1478 3864 Eu.
1500 3818 1564 3873 iv,
1588 3822 1637 3865 5.

585 3882 616 3925 8
657 3878 744 3927 Isti
765 3887 814 3928 te
835 3880 1110 3943 ignorabant
1130 3898 1142 3927 z
1177 3888 1425 3945 postquam
1447 3880 1516 3928 eis
1537 3896 1637 3928 mo-

583 3957 655 3990 res
677 3944 862 3993 ostendi
882 3949 1006 4003 tuos,
1025 3944 1274 4007 impetravi
1320 3945 1410 3993 Eu.
1435 3959 1482 4005 v,
1500 3950 1549 3994 9.
1571 3948 1639 3995 59

582 4006 812 4057 Animum
835 4024 928 4055 non
951 4009 1130 4056 advorti
1149 4009 1374 4072 primum:
1400 4010 1483 4056 sed
1503 4016 1635 4085 post-

583 4084 726 4133 quam
748 4073 928 4138 aspexi,
949 4073 1075 4123 illico
1097 4075 1296 4136 cognovi
1338 4072 1460 4121 Hea.
1502 4087 1569 4130 iv,
1588 4078 1639 4123 1.

583 4138 650 4184 43
685 4136 803 4201 Ejus
823 4138 912 4185 sibi
931 4137 1258 4202 complacitam
1278 4138 1489 4194 formam,
1507 4145 1641 4201 post-

584 4212 728 4260 quam
772 4202 1002 4265 aspexerit
1052 4202 1176 4251 Hea.
1219 4204 1284 4260 iv,
1306 4208 1354 4251 5.
1377 4207 1439 4251 25
1485 4202 1635 4260 Quid,

585 4270 842 4323 postquam·
879 4268 970 4314 hoc
1001 4276 1074 4313 est
1106 4267 1316 4316 sactum?
1371 4267 1495 4315 Hea.
1518 4284 1565 4325 v,
1589 4271 1637 4317 1.

1559 432 1803 494 munit

1701 595 1825 648 Hea.
1868 609 1915 653 v,
1934 587 2079 649 256
2120 593 2376 660 Postquam
2419 582 2575 644 poan
2608 589 2755 644 sensit

1698 661 1797 710 Ad.
1821 661 1948 710 Prol.
1973 667 1997 710 1
2046 659 2115 708 At
2134 669 2383 724 postquam
2404 658 2454 707 id
2478 659 2651 715 evenit,
2672 677 2751 708 ce-

1698 725 1761 774 do
1802 726 1897 774 Ad.
1940 726 2005 783 iv,
2028 731 2076 776 5.
2098 730 2161 775 54
2218 726 2313 774 Sed
2346 731 2591 788 postquam
2623 725 2753 774 intus

1700 807 1801 838 sum
1842 791 2049 838 omnium
2092 805 2243 838 rerum
2276 797 2401 837 satur
2448 788 2540 837 Ad.
2576 803 2623 846 v,
2648 793 2693 838 1.
2718 793 2747 838 3

1696 855 1787 904 Ille
1811 856 1957 920 primo
1980 871 2029 904 se
2042 871 2241 918 negare:
2264 855 2347 902 sed
2368 860 2611 930 postquam
2630 854 2750 902 acri·

1698 935 1755 968 us
1789 927 1919 982 pater
1949 919 2111 966 instat.
2166 919 2421 982 Postquam
2451 917 2579 965 videt
2611 931 2749 981 para-

1698 990 1770 1032 tas
1792 979 2035 1048 (nuptias)
2055 983 2121 1031 ibi
2154 983 2339 1032 demum
2374 982 2441 1030 ita
2472 995 2591 1046 aegre
2622 981 2752 1045 tulit,

1698 1055 1767 1096 ut.
1830 1048 1944 1106 Sed,
1966 1055 2019 1094 ut
2041 1048 2111 1104 fit,
2136 1055 2381 1112 postquam
2402 1047 2529 1094 hunc
2546 1046 2751 1094 alienum

1698 1111 1758 1160 ab
1780 1128 1881 1160 sese
1902 1111 2050 1172 videt,
2082 1113 2229 1176 magis
2262 1125 2433 1176 procax
2463 1110 2587 1158 facta
2618 1109 2745 1158 illico

1698 1183 1787 1225 est.
1839 1175 2094 1240 Postquam
2126 1184 2177 1224 et
2207 1177 2309 1240 ipse
2342 1192 2412 1237 se,
2446 1183 2497 1222 et
2527 1175 2669 1232 illam,
2701 1183 2751 1222 et

1697 1242 1820 1288 hanc
1840 1241 2062 1304 cognovit
2079 1241 2208 1289 satis.
2274 1236 2531 1302 Postquam
2565 1254 2649 1302 par
2678 1238 2751 1286 in·
2783 1253 2798 1271 s

1698 1306 1887 1382 genium
1908 1312 2071 1382 nactps
2090 1314 2177 1353 est.
2240 1303 2495 1368 Postquam
2517 1311 2755 1352 arcessunt

1700 1371 2682 1497 ⁸13³.¹{‚¹.¹¹;0{¹23·;‘.13·.2¹2⁵.2.31¹..32355425313
2690 1370 2755 1484 ¹2².

1696 1503 1760 1548 25
1794 1499 2048 1564 Postquam
2082 1513 2155 1546 me
2188 1512 2407 1560 aspexere
2440 1495 2627 1543 ancillas
2666 1497 2753 1544 ad.

1704 1563 1901 1620 venisse,
1945 1563 2089 1612 illico-
2154 1562 2409 1626 Postquam
2436 1559 2620 1617 introii,
2674 1577 2757 1608 ex·

1703 1626 1881 1691 templo
1924 1627 2039 1692 ejus
2092 1628 2303 1674 morbum
2354 1623 2560 1688 cognovi
2602 1624 2755 1673 miser.

1703 1691 1957 1756 Postquam
1992 1691 2171 1756 aspexi,
2200 1706 2231 1738 o
2262 1689 2445 1738 facinus
2474 1689 2757 1753 indignum!

1700 1757 1893 1819 inquam
1914 1773 1927 1804 ε
1951 1763 2001 1804 et
2016 1754 2215 1819 corripui
2231 1753 2359 1804 inico
2374 1770 2450 1802 me
2468 1755 2599 1804 inde.
2616 1753 2759 1812 Tum,

1702 1828 1949 1894 postquam
1971 1822 2031 1868 ad
2054 1829 2102 1868 te
2122 1819 2267 1877 venit,
2300 1819 2473 1867 mensis
2492 1817 2647 1882 agitur
2676 1819 2759 1868 hic

1696 1901 1799 1948 jam
1842 1884 2068 1948 septimus
2120 1884 2216 1933 He.
2258 1882 2329 1940 iii,
2350 1887 2399 1933 3.
2417 1888 2471 1933 7.
2490 1887 2572 1932 13.
2596 1887 2671 1933 16.
2691 1887 2756 1934 34

1705 1949 1755 1997 N
1758 1965 1867 2006 unc,
1899 1959 2147 2012 postquam
2170 1949 2404 1996 ademtam
2424 1948 2545 1996 hanc
2566 1963 2755 2011 quoque

1705 2013 1791 2062 tibi
1812 2029 1999 2062 causam
2020 2013 2151 2062 vides
2202 2012 2297 2062 He.
2342 2011 2408 2068 iv,
2428 2016 2479 2062 4.
2502 2016 2565 2061 58
2618 2012 2757 2060 Post-

1706 2094 1847 2142 quam
1869 2078 2027 2134 video,
2048 2077 2214 2130 nescio
2232 2075 2349 2140 quid
2374 2073 2649 2142 suspicarier
2663 2093 2759 2124 ma-

1707 2142 1779 2206 gis
1800 2142 1923 2206 coepi
1964 2142 2057 2191 He.
2079 2159 2127 2204 v,
2148 2146 2195 2190 3.
2214 2145 2281 2192 28
2332 2139 2590 2206 Postquam
2610 2133 2763 2190 Poeta

1706 2214 1841 2255 vetus
1884 2207 2083 2256 Poetam
2125 2222 2222 2254 non
2253 2212 2411 2270 potest
2442 2207 2669 2254 retrahere
2700 2205 2763 2252 ab

1708 2272 1865 2320 studio
1888 2271 1979 2320 Ph.
2002 2269 2130 2319 Prol-
2151 2275 2177 2320 1
2218 2270 2473 2334 Postquam
2496 2271 2555 2317 ad
2572 2269 2761 2332 judices

1706 2344 1899 2384 ventum
1918 2345 1991 2384 est
2022 2335 2111 2385 Ph.
2150 2335 2202 2393 ii,
2226 2339 2271 2383 1.
2295 2339 2359 2384 52
2415 2335 2671 2398 Postquam
2692 2328 2763 2381 vi-

1709 2402 1793 2450 det
1812 2416 1887 2448 me
1907 2401 2011 2464 ejus
2031 2406 2179 2448 mater
2218 2413 2321 2447 esse
2352 2399 2431 2447 hic
2461 2399 2636 2446 diutius
2670 2398 2761 2446 Ph.

1710 2463 1774 2521 iv,
1798 2467 1845 2513 1.
1867 2468 1897 2513 3
1951 2465 2208 2529 Postquam
2242 2463 2477 2512 hominem
2508 2463 2579 2510 his
2610 2463 2767 2513 verbis

1710 2528 1863 2577 sentio
1887 2529 2110 2578 mollirier
2130 2530 2221 2577 Ph.
2242 2529 2307 2587 iv,
2325 2533 2376 2581 3.
2389 2532 2450 2578 27
2484 2528 2767 2593 Postquam,

1711 2598 1957 2713 ssmopeoe
1976 2590 2029 2641 id
2060 2610 2143 2642 vos
2174 2593 2316 2659 velle,
2350 2593 2763 2643 animadverteram

1758 2659 1806 2706 h.
1831 2674 1879 2716 v,
1899 2662 1950 2707 7.
1974 2663 2039 2709 16

1706 2746 1711 2751 0
1774 2723 2033 2772 Postremo.
2084 2722 2327 2776 Postremo
2358 2720 2409 2770 id
2442 2720 2558 2770 mihi
2588 2720 2648 2769 da
2680 2726 2766 2769 ne‘-

1709 2784 1811 2849 goti
1842 2787 1904 2835 A.
1926 2787 1996 2843 iii,
2016 2792 2064 2837 2.
2084 2791 2145 2837 41
2182 2786 2327 2835 Meus
2344 2784 2419 2836 fac
2444 2788 2507 2835 sis
2528 2793 2764 2849 postremo

1706 2852 1906 2907 animus,
1926 2852 2118 2917 quando
2138 2867 2227 2915 ego
2246 2867 2351 2899 sum
2370 2860 2479 2899 tuus
2530 2850 2621 2899 Eu.
2655 2850 2694 2913 i,
2711 2855 2765 2899 2.

1710 2919 1805 2965 116
1859 2914 2099 2965 Postremo
2131 2916 2359 2979 imperavi
2410 2923 2600 2979 egomet
2648 2914 2767 2963 mihi

1708 2981 1865 3028 omnia
1885 2981 2109 3029 assentari
2139 2980 2232 3029 Eu.
2254 2980 2311 3037 ii,
2332 2984 2383 3031 2.
2401 2984 2462 3040 21
2499 2980 2765 3037 Postremo,

1706 3060 1857 3111 ecqua
1888 3044 2001 3093 inde
2042 3061 2185 3109 parva
2215 3045 2412 3109 perisset
2442 3058 2569 3093 soror
2592 3046 2609 3091 ?
2664 3044 2763 3093 Eu.

1704 3108 1777 3167 iii,
1799 3114 1847 3160 3.
1870 3114 1931 3159 15
1965 3110 2207 3157 Postremo
2225 3108 2347 3158 adeo
2370 3124 2441 3157 res
2464 3108 2604 3156 rediit
2636 3108 2763 3157 Hea.

1701 3171 1737 3229 i,
1766 3178 1810 3223 1.
1832 3178 1894 3223 61
1950 3174 2191 3222 Postremo
2219 3173 2379 3249 etiam,
2424 3172 2464 3220 si
2494 3172 2643 3249 voles,
2682 3174 2771 3221 de-

1704 3236 2768 3371 35⁰⁰&302ss3251533'3122{3343ss

1706 3366 1889 3414 faciunt
1922 3366 2015 3417 Ad.
2038 3368 2075 3424 i,
2102 3370 2149 3415 1.
2171 3370 2235 3418 27
2292 3367 2557 3423 Postremo,
2580 3373 2663 3414 aut
2681 3366 2767 3414 de-

1705 3431 1823 3487 sine,
1845 3437 1929 3479 aut
1948 3432 2065 3480 cede
2087 3434 2297 3495 quemvis
2333 3432 2570 3480 arbitrum.
2626 3431 2767 3478 Post-

1706 3510 1849 3557 remo,
1878 3511 2048 3559 nuper,
2086 3497 2243 3552 credo,
2270 3496 2369 3560 jam
2392 3495 2598 3543 omnium
2620 3494 2772 3541 taede-

1707 3560 1789 3607 bat
1820 3560 1917 3607 Ad.
1950 3560 1985 3617 i,
2010 3565 2057 3609 2.
2079 3565 2246 3635 ⁴¹³·.⁷⁰
2289 3560 2553 3635 Postremo-‚-
2568 3558 2765 3622 quando

1707 3625 2211 3750 ἱὶἶιιίΐέῗέῃῗέἲῗη
2226 3622 2573 3751 ῗὲῗρθῒῖὶυῗέζ
2607 3628 2662 3736 1²11·
2681 3628 2769 3751 ,23

1709 3752 1847 3809 tinas,
1870 3752 2066 3806 Demea,
2088 3750 2316 3815 inspicere
2350 3750 2501 3815 jubeo
2554 3751 2653 3800 Ad.
2690 3753 2766 3815 iii,

1706 3822 1757 3866 3.
1780 3822 1844 3867 74
1887 3817 2128 3865 Postremo
2150 3832 2245 3864 non
2260 3817 2453 3879 negabit
2474 3832 2487 3864 ε
2518 3834 2670 3865 coram
2690 3817 2765 3880 ip-

1708 3898 1809 3929 sum
1832 3882 1951 3929 cedo
1982 3880 2083 3928 Ad.
2124 3879 2192 3937 iii,
2212 3886 2265 3931 4.
2290 3886 2354 3930 38
2404 3881 2644 3931 Postremo
2666 3896 2763 3929 non

1707 3962 1861 3993 meum
1883 3944 2001 3993 illud
2025 3945 2215 3993 verbum
2247 3945 2373 3994 facio
2426 3945 2526 3995 Ad.
2558 3963 2605 4002 v,
2628 3950 2675 3995 8.
2700 3950 2765 3995 29

1710 4009 1972 4065 Postremo,
1994 4010 2137 4058 hodie
2151 4008 2205 4057 in
2220 4010 2421 4059 Psaltria
2434 4010 2525 4059 hac
2541 4011 2763 4066 emunda,

1710 4074 1788 4123 hic
1812 4074 1999 4138 adjutor
2018 4074 2125 4122 fuit.
2188 4074 2431 4123 Postremo
2452 4090 2482 4122 a
2502 4090 2576 4121 me
2598 4088 2762 4135 argen-

1709 4145 1828 4202 tum,
1848 4139 2011 4204 quanti
2030 4151 2120 4197 est,
2142 4141 2313 4187 sumito
2344 4138 2443 4187 Ad.
2466 4154 2511 4195 v,
2528 4142 2577 4186 9.
2603 4141 2679 4185 10.
2696 4142 2764 4189 2⁰

1708 4202 1951 4252 Postremo
1973 4204 2093 4253 inter
2111 4220 2162 4253 se
2184 4204 2439 4266 transigant
2458 4202 2566 4265 ipsi,
2602 4209 2655 4248 ut
2689 4200 2767 4249 lu-·

1708 4266 1789 4315 bet
1820 4269 1915 4319 He'.
1939 4269 2009 4329 iii,
2032 4276 2080 4321 5.
2098 4273 2162 4319 61
2199 4268 2438 4315 Postremo
2454 4266 2560 4329 jam
2580 4280 2668 4314 nos
2690 4267 2765 4314 fa-

581 4330 647 4379 ⁸1
671 4324 832 4389 Nunc,
855 4328 954 4394 filia
967 4338 1214 4397 postquam
1235 4332 1512 4383 estimenta
1533 4346 1644 4384 vera
1699 4327 1831 4385 'bulae
1850 4348 2027 4395 sumus,
2064 4334 2219 4384 Senex
2250 4338 2393 4398 atque
2412 4343 2531 4383 anus
2562 4330 2657 4382 He.
2700 4332 2771 4397 iv,
