3192 4975
1149 478 1228 525 IN
1277 476 1756 537 TERENTmM.

356 628 487 678 Heu.
504 626 540 684 i,
553 630 601 679 2.
615 630 680 677 20
711 624 912 690 Unaque
925 641 1016 676 not
1025 626 1118 675 sibi
1130 642 1276 691 open
1290 628 1409 675 ami-

361 691 629 754 conjunget
669 690 763 739 He.
802 706 849 747 v,
873 696 927 741 2.
950 695 1016 741 32
1065 690 1266 755 Aliquot
1295 691 1412 738 mihi

360 757 533 804 amicos
551 755 788 803 advocabo
822 758 918 805 Ph.
952 756 1007 812 ii,
1033 760 1078 805 1.
1099 760 1165 804 83
1215 754 1412 819 Nosque

358 820 532 869 amicos
552 818 654 881 ejus
671 820 958 869 exonerastis
977 827 1106 867 metu
1126 819 1144 866 ?
1179 818 1270 867 Ph.
1292 835 1340 874 v,
1361 824 1413 869 6.

359 889 389 933 3
435 883 505 930 Ex
525 883 686 931 amicis
705 883 886 933 inimici
909 891 966 931 ut
999 884 1098 931 sint
1115 882 1272 941 nobis,
1295 882 1414 931 facit

358 948 451 995 He.
471 946 524 1001 ii,
548 953 597 996 1.
615 950 677 996 14
709 947 790 995 Ab
811 948 974 997 amicis
995 956 1236 1011 argentum
1252 946 1412 994 aufero

357 1012 448 1059 Ph.
467 1011 539 1067 iii,
559 1015 611 1060 2.
628 1015 694 1059 28

367 1108 378 1117 .
422 1074 623 1123 Amitto.
686 1073 786 1130 Qui
806 1076 934 1123 illam
953 1090 981 1123 e
995 1081 1254 1137 conspectu
1277 1074 1412 1121 amisi

357 1154 464 1187 meo
497 1138 591 1185 Eu.
610 1138 667 1193 ii,
697 1143 745 1187 3.
765 1144 796 1188 2
851 1139 1000 1188 Simul
1034 1138 1281 1187 consilium
1304 1154 1412 1187 cum

359 1218 410 1251 re
429 1203 586 1249 amisti
607 1203 623 1249 ?
659 1200 751 1249 Eu.
789 1203 844 1259 ii,
875 1208 926 1253 2.
967 1207 1027 1252 10
1082 1202 1190 1261 Qun
1231 1202 1413 1250 ratione

357 1266 563 1314 amisisti
579 1267 596 1314 ?
615 1265 706 1313 Eu.
722 1266 775 1320 ii,
791 1271 836 1314 3.
851 1272 916 1316 30
939 1266 1006 1315 Ut
1017 1267 1142 1323 veni,
1156 1265 1322 1313 itidem
1335 1266 1413 1313 in-

357 1338 542 1379 certum
561 1330 708 1376 amiati
731 1330 823 1378 He.
844 1330 900 1392 ii,
919 1335 967 1379 2.
989 1335 1022 1378 9
1062 1329 1214 1377 Testis
1229 1346 1414 1379 mecum

359 1402 434 1441 est
455 1393 674 1448 annulus,
698 1408 836 1455 quem
858 1395 1074 1441 amiserat
1115 1392 1216 1441 Ad.
1252 1395 1324 1449 iii,
1347 1399 1414 1444 ·2.

358 1462 426 1507 49
461 1456 568 1504 Hoc
591 1466 760 1504 temere
781 1473 1021 1521 nunquam
1039 1458 1250 1505 amittam
1273 1474 1362 1521 ego
1387 1473 1417 1505 a

359 1537 436 1569 me
469 1521 559 1568 Ph.
597 1521 660 1576 iv,
684 1526 731 1570 5.
751 1525 784 1569 2
838 1522 982 1569 Nunc
1019 1522 1196 1577 amitte,
1236 1536 1414 1584 quaeso,

362 1586 491 1635 hunc
524 1585 614 1633 Ph.
652 1584 688 1636 i.
711 1588 760 1634 2.
782 1589 842 1635 91
903 1586 1073 1648 Neque
1111 1586 1348 1647 quomodo
1387 1600 1417 1632 a

361 1665 438 1698 me
459 1649 686 1704 amittam,
701 1647 892 1697 invenio
913 1650 1088 1704 mnia,
1106 1654 1154 1698 2.
1170 1654 1234 1699 22
1269 1648 1416 1706 Cave,

363 1713 910 1826 Ziuflssufizqissmssmifi
947 1728 1106 1825 ιιιῖἰέἶῗ.
1121 1713 1418 1839 ’ζῖἷὲἷιῗῖἓὲ

630 1808 644 1822 .
715 1809 729 1831 ,
791 1810 804 1825 .

364 1848 414 1889 te
435 1840 618 1888 amittas
640 1840 786 1887 filium
817 1840 940 1889 Hea.
961 1842 1035 1897 iii,
1059 1812 1186 1890 1.’⁷1
1222 1840 1304 1889 An
1328 1854 1418 1903 ego

359 1904 655 1953 occasionem
691 1912 785 1950 tam
815 1905 1092 1967 insperatam
1122 1905 1416 1953 amitterem?

363 1968 457 2018 Eu.
481 1969 548 2022 iii,
571 1974 618 2017 5.
643 1973 706 2016 58
751 1968 842 2015 vis
882 1985 958 2017 me
996 1984 1188 2017 uxorem
1210 1969 1417 2017 ducere?

365 2034 488 2080 hanc
509 2033 579 2079 vis
602 2032 812 2079 amittere
835 2033 852 2079 ἓ
875 2032 940 2083 A.
965 2049 1012 2087 v,
1027 2038 1074 2082 3.
1098 2037 1159 2081 27
1219 2033 1420 2089 Quidvis

358 2096 460 2159 jam
481 2096 624 2152 malo,-
646 2110 787 2158 quam
808 2096 936 2145 hunc
957 2098 1168 2145 amittere
1209 2097 1332 2145 Heu.
1353 2096 1420 2153 iv,

367 2166 498 2211 8.18
534 2160 663 2216 Quid
686 2160 803 2207 velis
825 2177 836 2207 z
861 2160 1074 2215 retinere,
1098 2175 1268 2216 amare,
1285 2160 1424 2206 amit-

365 2233 463 2273 tere
478 2225 566 2273 Ph.
580 2225 616 2280 i,
633 2227 680 2271 3.
697 2227 760 2272 23
786 2223 878 2271 Ubi
889 2226 1058 2272 abusus
1074 2224 1150 2279 uis,
1161 2224 1422 2271 mercedem

367 2291 478 2337 dare
500 2289 572 2337 lex
589 2289 730 2351 jubet
749 2289 812 2343 ei,
835 2296 977 2351 atque
986 2288 1232 2336 amittere?
1255 2288 1344 2336 Ph.
1365 2286 1422 2343 ii,

367 2358 417 2402 3.
449 2357 512 2403 67
553 2353 640 2399 Me
670 2352 761 2399 hoc
781 2360 856 2399 est
887 2368 1070 2415 aequum
1098 2352 1307 2399 amittere
1327 2351 1420 2401 Ph.

364 2416 434 2473 iv,
476 2421 526 2468 3.
567 2420 632 2469 68
712 2415 851 2472 Tum,
905 2417 1224 2479 Antiphonem
1253 2441 1258 2447 -
1281 2416 1420 2464 video

367 2482 430 2530 ab
451 2497 552 2530 sese
581 2480 792 2530 amittere
829 2480 920 2530 Ph.
957 2499 1002 2538 v,
1038 2485 1088 2531 7.
1131 2485 1194 2532 25
1264 2480 1422 2530 Video

367 2547 516 2593 filium
537 2546 736 2593 invitum
757 2561 868 2594 sane
883 2546 1120 2594 mulierem
1137 2547 1198 2592 ab
1214 2561 1264 2594 se
1285 2546 1420 2592 amit-

368 2619 468 2658 tere
501 2610 590 2658 Ph.
613 2626 660 2666 v,
681 2613 731 2659 7.
753 2613 816 2660 27
864 2610 975 2668 Dic,
997 2617 1046 2658 te
1071 2624 1256 2670 parvam
1280 2609 1422 2673 virgi-

369 2689 478 2722 nem
500 2673 704 2722 amisisse
748 2673 838 2721 Ειι.
874 2675 939 2730 iv,
978 2678 1026 2722 6.
1063 2677 1128 2722 29
1182 2673 1252 2721 Ut
1269 2688 1424 2735 neque

367 2738 488 2786 mihi
521 2737 626 2800 ejus
661 2738 724 2785 sit
764 2737 1029 2793 amittendi,
1067 2752 1156 2784 nec
1191 2737 1427 2784 retinendi

370 2803 510 2865 eopia
530 2802 620 2848 Ph.
641 2802 678 2858 i,
702 2806 750 2850 3.
772 2805 836 2850 24
868 2801 960 2848 Iun
980 2816 1087 2849 cum
1107 2801 1180 2847 his
1205 2801 1424 2848 amitten-

373 2867 436 2914 do.
459 2873 568 2914 sunt
604 2866 729 2913 Hea.
750 2864 804 2919 ii,
827 2869 876 2912 3.
897 2868 961 2912 84

439 2930 584 2979 Αιιιο.
650 2929 826 2975 Merito
857 2941 962 2973 nmo
984 2933 1031 2974 te
1064 2926 1158 2974 Eu.
1180 2927 1217 2986 i,
1239 2931 1289 2974 2.
1312 2930 1426 2976 106.

374 2992 476 3042 Ad.
495 3011 546 3049 v,
566 2997 615 3041 8.
637 2995 700 3039 23
736 2990 835 3046 Qui
849 2990 1041 3052 quaeso?
1075 2989 1165 3036 Ch.
1187 2988 1314 3036 Amo
1337 2990 1430 3036 Eu.

369 3056 422 3116 ii,
440 3063 492 3106 3.
517 3061 578 3105 15
611 3055 680 3102 Te
694 3069 883 3117 quoque.
897 3053 1016 3115 jam,
1030 3052 1190 3109 Thais,
1213 3069 1317 3100 amo
1339 3053 1431 3100 Eu.

371 3137 420 3179 v,
443 3127 494 3171 2.
520 3124 586 3169 43
639 3117 796 3166 Perii!
831 3126 1006 3180 quanto
1045 3117 1197 3165 minua
1217 3118 1322 3179 spei
1341 3125 1431 3175 est,

375 3193 507 3233 tanto
530 3184 676 3246 magis
713 3197 818 3229 amo
852 3183 943 3232 Eu.
964 3199 1011 3238 v,
1034 3185 1082 3230 9.
1104 3185 1166 3232 23
1217 3181 1344 3229 Amo
1383 3190 1429 3229 te

376 3251 561 3308 merito,
599 3246 758 3296 Clinia
792 3245 912 3297 Heu.
931 3246 989 3306 ii,
1008 3251 1057 3296 3.
1083 3249 1180 3295 119
1203 3245 1350 3296 ,Ναιιι
1383 3253 1430 3294 te

376 3329 484 3361 amo
517 3312 614 3360 Ad.
633 3312 700 3367 iv,
723 3316 773 3359 5.
794 3314 860 3359 46
901 3310 970 3358 Ni
1007 3310 1156 3372 magis
1185 3318 1250 3365 te.
1289 3325 1429 3373 quum

378 3377 542 3426 oculos
571 3390 697 3423 nunc
731 3389 838 3421 amo
871 3390 998 3422 meos
1047 3373 1142 3421 Ad.
1176 3375 1240 3429 iv,
1277 3379 1325 3421 5.
1364 3377 1428 3422 67

380 3440 619 3502 Amoque,
653 3448 704 3486 et
742 3439 900 3494 laudo,
923 3446 974 3485 et
995 3439 1288 3486 vehementer
1308 3438 1431 3487 desi·

381 3506 494 3554 dero
527 3503 622 3552 He.
641 3503 715 3558 iii,
736 3509 786 3552 5.
809 3506 872 3550 38
925 3501 1052 3549 Amo
1074 3509 1138 3558 te,
1161 3508 1210 3548 et
1229 3517 1324 3548 non
1347 3517 1430 3548 ne-

305 3616 314 3620 ,
382 3568 595 3632 glexisse,
634 3567 785 3614 habeo
805 3565 1002 3629 gratiam
1036 3566 1126 3614 Ph.
1146 3565 1184 3621 i,
1205 3570 1254 3614 2.
1277 3569 1308 3613 4
1363 3564 1435 3613 Ut

382 3633 496 3680 mihi
515 3633 656 3680 liceat
674 3639 768 3680 tum
789 3631 891 3686 diu,
911 3630 1041 3692 quod
1062 3645 1188 3686 arun,
1219 3629 1311 3676 frui
1343 3628 1435 3675 Ph.

384 3698 418 3751 i,
442 3701 490 3745 3.
516 3701 575 3744 13
625 3695 702 3742 Mi
739 3694 879 3749 Geta,
914 3709 1074 3742 omnes
1096 3705 1180 3740 vos
1201 3707 1305 3740 nmo
1343 3691 1437 3742 Ph.

380 3760 454 3816 iii,
479 3765 525 3809 1.
551 3763 610 3809 14
645 3758 749 3806 Nisi
771 3758 901 3805 iilum
926 3757 1029 3820 pins
1044 3772 1187 3812 amns,
1203 3771 1344 3819 quam
1361 3772 1434 3804 me

387 3824 477 3871 Eu.
499 3825 532 3880 i,
551 3828 600 3873 2.
625 3827 688 3872 80
742 3823 926 3884 Ecquid
945 3836 1030 3870 nos
1051 3837 1178 3878 amns
1199 3825 1261 3868 de
1283 3820 1435 3868 fidici-

385 3904 445 3935 na
466 3888 620 3935 istac?
670 3885 762 3934 Eu.
781 3885 853 3941 iii,
877 3890 926 3934 2.
949 3889 978 3933 3
1054 3886 1183 3934 Cave
1218 3885 1434 3947 posthac,

385 3952 424 4000 si
447 3968 521 3999 me
555 3965 699 4006 amns,
736 3951 860 3998 istuc
884 3949 1071 3996 verbum
1095 3965 1152 3996 ex
1176 3957 1224 3996 te
1245 3949 1434 3994 audium

386 4016 508 4065 Heu.
528 4032 577 4071 v,
597 4018 648 4064 4.
672 4019 704 4062 8
755 4013 866 4069 cui,
903 4014 1026 4075 quod
1051 4028 1194 4069 amas,
1218 4011 1346 4059 domi
1366 4019 1442 4058 est

387 4081 479 4131 Ph.
499 4078 572 4136 iii,
592 4083 642 4128 2.
666 4082 728 4127 19
771 4079 998 4140 Sponsum
1038 4078 1116 4124 hic
1152 4084 1280 4124 tuam
1315 4081 1440 4122 amat

389 4143 452 4192 A.
471 4143 528 4200 ii,
552 4149 598 4191 1.
615 4147 680 4192 24
736 4142 988 4204 Propterea
1019 4141 1146 4201 quod
1170 4147 1294 4187 amat
1315 4138 1438 4184 filius

390 4208 450 4256 A.
472 4208 542 4264 iii,
565 4211 614 4256 4.
633 4213 662 4254 5
718 4206 924 4262 Quando
951 4205 1089 4257 illud,
1113 4204 1240 4267 quod
1263 4211 1314 4250 tu
1337 4204 1439 4256 das,

388 4279 622 4334 expectat,
662 4277 804 4334 atque
838 4278 992 4316 amat:
1029 4267 1128 4330 jam
1179 4269 1358 4314 dudum
1392 4273 1440 4312 te

389 4344 517 4384 amat
553 4336 645 4384 Eu.
680 4333 754 4396 iii,
776 4338 823 4384 1.
845 4337 924 4382 57.
947 4338 1010 4381 58
1075 4331 1264 4380 Nostin'
1303 4333 1440 4385 hanc,

525 4415 698 4480 Delph.
719 4421 768 4464 et
797 4415 911 4467 ναν.
937 4415 1064 4464 Clas.

2399 483 2548 532 XXV

1515 642 1625 675 unm
1640 636 1767 676 amat
1785 628 1925 677 frater
1945 628 1963 675 ?
1995 626 2086 679 Eu.
2111 628 2181 685 iii,
2204 631 2255 677 5.
2278 632 2339 679 15
2374 627 2543 687 Quan-

1517 707 1594 739 am
1639 692 1877 742 fidicinam
1918 700 2047 740 amat
2088 692 2165 740 hic
2206 692 2416 743 chaerea.
2456 694 2545 745 L·-

1485 755 1641 803 Hem!
1679 757 1826 819 quid?
1861 758 2017 803 amat?
2052 755 2145 804 Eu.
2179 774 2226 813 v,
2264 761 2314 806 6.
2356 762 2435 805 15.
2481 762 2547 809 16

1487 820 1607 867 Eum
1630 821 1795 869 misere
1817 828 1943 868 amnt
1975 820 2099 868 Hen.
2122 820 2159 876 i,
2180 824 2229 869 2.
2253 825 2316 870 16
2366 820 2477 869 Cur·
2494 838 2546 869 a·

1485 884 1621 931 mat?
1654 899 1739 933 cur
1774 892 1908 948 potat
1930 885 1947 931 ?
1999 884 2095 932 Ad.
2116 885 2155 941 i.
2182 890 2226 933 1.
2248 888 2314 933 36
2363 883 2547 933 Amat?

1487 948 1685 995 dabitur·
1713 964 1743 997 α
1780 964 1855 997 me
1894 956 2137 1011 argentum
2178 947 2279 995 Ad.
2317 948 2353 1007 i,
2394 954 2445 997 2.
2483 952 2547 1000 38

1485 1011 1632 1059 Haud
1669 1012 1786 1070 scio,
1808 1028 1871 1060 an
1900 1012 2027 1059 illam
2066 1012 2230 1061 misere
2260 1026 2387 1060 nunc
2424 1020 2551 1061 amat

1486 1074 1671 1131 Ad.iv,
1694 1082 1741 1127 5.
1763 1080 1827 1126 33
1881 1076 1978 1134 Qui
2015 1084 2063 1124 te
2100 1084 2227 1124 amnt
2264 1075 2375 1139 plus
2408 1090 2549 1140 quam

1487 1140 1631 1187 hosce
1646 1139 1809 1189 oculos
1842 1140 1941 1188 Ad.
1960 1156 2006 1197 v,
2026 1144 2074 1189 7.
2096 1145 2125 1188 5
2177 1140 2275 1197 Qui
2306 1146 2449 1195 amnt,
2472 1140 2553 1189 cui

1489 1203 1603 1251 odio
1626 1205 1757 1266 ipsus
1776 1212 1864 1260 est,
1888 1204 1961 1251 bis
1976 1206 2129 1252 fucere
2148 1203 2291 1252 ttuite
2304 1205 2429 1251 duco
2451 1204 2548 1254 He.

1487 1268 1560 1322 iii,
1582 1272 1631 1317 2.
1654 1272 1687 1317 8
1741 1270 1839 1325 Qui
1878 1276 2052 1323 amant,
2088 1269 2289 1331 graviter
2326 1268 2416 1315 sibi
2452 1268 2553 1317 dari

1491 1346 1679 1379 uxorem
1703 1334 1864 1381 ferunt
1893 1331 1958 1379 A.
1980 1333 2018 1389 i,
2039 1338 2087 1382 2.
2110 1337 2175 1381 20
2225 1332 2405 1379 Omnes
2429 1332 2551 1381 bene

1490 1395 1675 1452 dicunt,
1694 1405 1852 1444 amant
1874 1396 2029 1453 on,
2048 1401 2096 1445 4.
2117 1401 2173 1445 11
2211 1396 2351 1444 Illum
2375 1404 2549 1453 amant,

1491 1474 1566 1507 me
1608 1460 1815 1523 fugitant
1857 1461 1955 1509 Ad.
1998 1476 2045 1516 v,
2084 1464 2134 1509 4.
2185 1464 2245 1508 18
2302 1458 2549 1523 Virginem

1525 1538 1631 1570 unm
1654 1525 1856 1579 amabat.
1878 1540 1981 1573 eam
2005 1524 2188 1572 confeci
2209 1524 2312 1571 sine
2332 1524 2551 1571 molenti·

1519 1586 1581 1633 ἀ.
1606 1604 1651 1641 v,
1674 1591 1722 1635 4.
1747 1594 1780 1638 6
1812 1588 2000 1651 Eripuit
2012 1588 2252 1635 muiieoem
2268 1602 2408 1650 quam
2422 1599 2551 1635 arna-

1492 1652 1574 1697 bat
1606 1651 1705 1701 Ad.
1748 1653 1785 1707 i,
1820 1656 1871 1702 2.
1912 1657 1969 1702 n
2028 1652 2319 1700 Bacchidem
2363 1652 2552 1699 amabat

1493 1721 1590 1762 tum
1614 1715 1889 1779 Pamphilus
1922 1716 2019 1765 He.
2042 1717 2075 1772 i,
2099 1720 2150 1765 2.
2174 1721 2239 1765 40
2287 1714 2384 1771 Qui
2419 1716 2549 1763 illam

1491 1780 1677 1827 amabat
1698 1780 1935 1827 fidicinam
1970 1780 2061 1828 Ph.
2084 1779 2121 1836 i,
2144 1783 2191 1829 2.
2214 1784 2279 1827 59
2328 1779 2427 1835 Qui
2450 1786 2549 1827 tum

1494 1842 1623 1890 illam
1647 1846 1868 1891 amabant
1898 1843 1961 1891 A.
1987 1845 2020 1899 i,
2046 1849 2092 1894 l.
2114 1845 2177 1892 53
2235 1842 2299 1891 Hi
2340 1851 2551 1890 trentam

1493 1906 1629 1953 simul
1667 1910 1885 1955 amabant
1916 1908 1983 1955 A.
2017 1909 2055 1964 i,
2094 1912 2142 1956 1.
2164 1911 2223 1956 61
2278 1907 2398 1955 Cum
2436 1906 2553 1968 inis,

1494 1972 1573 2033 qui
1597 1972 1819 2020 amabant
1840 1972 2138 2036 Chrysidem,
2164 1985 2255 2019 una
2278 1972 2441 2019 aderet
2458 1970 2551 2017 fre-

1494 2049 1643 2097 quens
1677 2034 1743 2085 A.
1782 2037 1815 2092 i,
1861 2042 1905 2086 1.
1939 2041 2001 2085 80
2057 2036 2235 2097 Habui,
2272 2035 2424 2082 amavi
2468 2048 2552 2096 pro

1495 2114 1602 2145 meo
1640 2098 1738 2148 Ad.
1760 2100 1795 2153 i,
1820 2104 1865 2149 1.
1885 2104 1949 2148 23
1997 2098 2151 2145 Recte
2174 2098 2340 2145 amasti
2362 2112 2551 2145 uxorem

1497 2167 1627 2207 tunm
1660 2160 1751 2209 He.
1773 2179 1821 2217 v,
1837 2166 1885 2209 4.
1907 2166 1973 2211 22
2018 2162 2243 2224 Dumque
2278 2168 2391 2207 aetns
2426 2160 2556 2217 tunic,

1499 2225 1673 2273 amavit
1694 2224 1757 2272 A.
1780 2226 1836 2281 ii,
1860 2230 1907 2274 6.
1934 2230 1993 2275 13
2028 2225 2183 2281 Quam
2208 2226 2284 2272 hic
2308 2239 2405 2272 non
2428 2238 2555 2271 nma-

1499 2288 1570 2335 vit
1591 2290 1875 2337 meretricem
1896 2291 1913 2337 ?
1948 2288 2046 2337 Ad.
2065 2289 2099 2345 i,
2120 2293 2170 2338 2.
2186 2294 2253 2337 69
2286 2288 2363 2337 Sic
2377 2302 2453 2335 me
2470 2286 2555 2335 Dii

1501 2354 1741 2410 amabunt,
1764 2362 1819 2401 ιιι
1849 2354 1973 2402 Heu.
1993 2354 2067 2408 iii,
2091 2357 2138 2401 1.
2160 2358 2223 2404 54
2273 2352 2350 2400 Ita
2372 2366 2447 2400 me.
2469 2351 2557 2400 Dii

1495 2420 1721 2465 amabunt
1734 2418 1855 2467 Heu.
1878 2420 1944 2475 iv,
1967 2424 2016 2475 5,
2032 2421 2080 2467 1.
2115 2417 2210 2468 He.
2234 2418 2272 2474 i,
2290 2420 2409 2467 2⁸1
2440 2415 2556 2464 Nou

1495 2481 1594 2544 pol,
1618 2499 1714 2546 qno
1736 2499 2017 2548 quemquam
2038 2482 2145 2546 plue
2158 2498 2327 2538 amem.
2349 2489 2432 2528 aut
2446 2480 2556 2546 plu·

1495 2546 1710 2610 diligam,
1728 2563 1787 2595 eo
1806 2548 1899 2596 feci
1934 2547 2028 2596 En.
2046 2548 2083 2603 i,
2106 2552 2156 2597 2.
2181 2551 2243 2596 16
2284 2547 2431 2594 Ornre
2450 2545 2559 2608 jus·

1497 2611 1642 2720 §Aitnti
1663 2627 1714 2724 αἱ
1736 2613 2031 2723 αὲιιεΒ.Ιιεῐι,
2048 2611 2153 2722 ,ᾖῗὲ
2168 2618 2221 2658 ιιι
2240 2612 2302 2660 nd
2324 2625 2375 2658 se
2395 2609 2558 2656 venias

1549 2705 1564 2720 .
1585 2689 1651 2730 tv,
1708 2707 1723 2723 .
1888 2691 1953 2722 aes
1989 2690 2081 2723 noc
2189 2689 2247 2721 ue
2284 2689 2358 2721 me
2396 2688 2558 2721 ames:

1499 2753 1574 2784 me
1596 2737 1833 2785 desideres
1867 2738 1960 2786 Eu.
1983 2739 2017 2793 ἱ,
2040 2743 2091 2786 2.
2116 2689 2210 2786 1113
2261 2737 2461 2800 Aliquid
2482 2737 2559 2784 in-

1499 2801 1610 2846 veni
1652 2801 1795 2847 modo
1870 2802 1965 2849 uod
2010 2815 2137 2846 ames
2170 2800 2263 2848 Eu.
2309 2801 2364 2861 ii,
2404 2804 2453 2847 3.
2502 2803 2559 2847 17

1502 2862 1660 2911 Gnate
1682 2862 1767 2918 mi,
1788 2879 1851 2926 po
1892 2864 1981 2910 tibi
2002 2863 2125 2910 dabo
2165 2863 2293 2910 inam
2332 2862 2561 2926 lepidam,

1501 2941 1643 2989 quam
1677 2934 1727 2973 tu
1750 2928 1891 2976 facile
1914 2943 2043 2974 ames
2076 2927 2200 2976 Heu.
2220 2942 2267 2983 V,
2290 2931 2338 2974 5.
2363 2930 2428 2976 16
2483 2923 2561 2973 In:

1503 2991 1647 3038 velim
1669 3006 1745 3036 me
1766 2999 2106 3053 promerentem
2128 3005 2273 3051 ames,
2295 2990 2408 3037 dum
2433 2987 2563 3036 vivae

1503 3053 1607 3104 Ad.
1627 3054 1693 3111 iv,
1716 3060 1768 3103 5.
1785 3058 1850 3104 47
1896 3055 2071 3118 Neque
2109 3061 2159 3102 tu
2200 3055 2340 3101 istum
2378 3059 2560 3100 metuas

1504 3133 1566 3165 ne
1587 3125 1719 3166 amet
1732 3119 1901 3166 mulier
1921 3119 2015 3166 Eu.
2035 3134 2083 3176 ν,
2106 3123 2157 3168 9.
2180 3123 2245 3166 50
2294 3119 2415 3165 Cum
2438 3123 2567 3163 umet

1505 3182 1647 3230 aliam
1679 3181 1776 3231 Ad.
1798 3183 1869 3239 iii,
1890 3187 1940 3232 2.
1958 3187 2023 3233 43
2079 3182 2155 3230 Ita
2187 3197 2261 3229 me
2281 3180 2349 3228 Di
2372 3179 2561 3228 ament!

1505 3245 1570 3293 A.
1583 3264 1631 3302 v,
1646 3252 1695 3297 4.
1708 3251 1789 3296 44.
1823 3247 1915 3296 Eu.
1938 3247 2011 3303 iii,
2028 3250 2077 3296 2.
2097 3251 2179 3296 21.
2228 3261 2276 3301 v,
2292 3249 2405 3295 931.
2444 3244 2567 3294 nen.

1503 3310 1558 3365 ii,
1573 3316 1621 3360 3·
1644 3315 1727 3359 67·
1762 3310 1816 3368 ii,
1838 3316 1890 3360 ⁴·
1912 3316 1959 3360 8·
1992 3310 2063 3367 iii,
2085 3315 2134 3359 8·
2155 3315 2204 3360 80
2234 3310 2303 3368 iv,
2318 3314 2367 3359 a·
2385 3313 2433 3360 8ο
2452 3325 2502 3371 v,
2522 3312 2569 3357 ι·

1505 3379 1586 3424 8⁰·
1634 3374 1735 3424 Ad·
1757 3374 1823 3432 iv,
1846 3380 1893 3424 ⁷·
1916 3379 1997 3424 ⁸¹0
2049 3373 2143 3424 He·
2162 3375 2218 3429 ii,
2237 3379 2283 3424 ¹·
2308 3378 2388 3423 ⁸6·
2439 3371 2493 3430 ii,
2514 3377 2565 3423 2·

1507 3443 1586 3486 16.
1619 3439 1673 3495 ii,
1694 3443 1744 3489 3.
1766 3443 1815 3488 3.
1844 3439 1911 3497 iv,
1932 3443 1977 3488 2.
2001 3443 2051 3488 3.
2082 3440 2147 3495 iv,
2164 3442 2214 3486 4.
2235 3443 2318 3487 20.
2346 3455 2395 3493 v,
2415 3441 2465 3486 4.
2478 3441 2563 3486 24.

1507 3501 1599 3550 Ph.
1621 3520 1668 3559 v,
1691 3508 1739 3552 o.
1762 3507 1844 3552 aa.
1886 3519 1935 3560 v,
1957 3509 2005 3553 τ.
2026 3507 2089 3552 ⁶1
2138 3502 2214 3550 Ita
2234 3517 2313 3548 me
2334 3501 2417 3547 mi
2442 3501 2564 3548 bene

1507 3566 1696 3613 ament!
1730 3566 1825 3614 Eu.
1860 3565 1925 3621 iv,
1950 3571 1998 3617 1.
2024 3571 2069 3615 1.
2116 3583 2165 3622 v,
2186 3571 2235 3616 2.
2259 3569 2342 3614 43.
2396 3562 2490 3610 He.
2510 3563 2569 3619 ii,

1512 3634 1557 3678 1.
1577 3633 1629 3680 9.
1665 3630 1757 3679 Ph.
1780 3630 1819 3686 i,
1842 3635 1889 3678 3.
1913 3635 1977 3678 13
2007 3631 2057 3678 si
2094 3631 2252 3678 uidem
2276 3644 2353 3676 me
2371 3631 2564 3681 amaret,

1509 3698 1607 3740 tum
1628 3693 1751 3740 istuc
1773 3695 2017 3756 prodesset
2102 3710 2149 3741 u.
2188 3693 2258 3748 iii,
2281 3698 2327 3740 1.
2350 3696 2415 3740 56
2468 3689 2567 3745 Qui

1508 3757 1795 3806 meretricem
1832 3765 2009 3804 amaret
2039 3757 2133 3804 He.
2155 3757 2221 3812 iv,
2247 3762 2291 3806 l.
2315 3759 2381 3804 24
2434 3751 2568 3809 Quin

1511 3836 1584 3868 me
1606 3837 1769 3868 omnes
1806 3829 2015 3868 amarent
2052 3820 2298 3885 plurimum
2332 3817 2422 3865 Eu.
2444 3832 2494 3876 v,
2516 3821 2565 3864 9.

1509 3888 1576 3933 62
1630 3886 1828 3939 Scimus,
1869 3899 2011 3948 quam
2048 3884 2213 3932 misere
2250 3885 2372 3929 hanc
2406 3881 2573 3927 amarit

1509 3947 1577 3998 A.
1594 3949 1665 4004 iii,
1687 3953 1739 3997 2.
1759 3954 1823 3998 40
1870 3949 2019 4005 Quid,
2052 3949 2090 3996 si
2112 3949 2217 4009 ipse
2238 3945 2469 3992 amasset?
2505 3942 2572 3991 A.

1511 4012 1548 4068 i,
1573 4015 1621 4060 1.
1644 4017 1708 4060 85
1764 4012 1927 4076 Rogas
1947 4013 1965 4058 ?
2014 4027 2169 4060 meum
2203 4017 2394 4072 gnatum
2418 4021 2574 4055 rumor

1513 4082 1586 4123 est
1622 4091 1775 4124 amare
1807 4076 1871 4124 A.
1916 4078 1951 4132 i,
1991 4082 2039 4125 2.
2080 4079 2141 4125 14
2198 4074 2453 4135 Postquam
2496 4087 2572 4120 me

1514 4153 1667 4187 amare
1690 4140 1787 4189 dixi
1821 4140 1885 4190 A.
1905 4140 1971 4196 iv,
1991 4145 2037 4188 1.
2058 4143 2120 4188 21
2157 4139 2245 4185 Me
2266 4151 2419 4184 amare
2434 4137 2574 4193 hanc,

1514 4203 1667 4252 fateor
1704 4205 1769 4256 A.
1810 4222 1857 4261 v,
1898 4209 1945 4253 3.
1988 4208 2051 4252 25
2107 4202 2206 4258 Qui
2252 4201 2399 4263 magis
2442 4201 2571 4257 licet,

1516 4282 1688 4327 nutare,
1706 4269 1899 4316 odisse?
1935 4269 2030 4316 Eu.
2066 4267 2193 4316 Ptol.
2229 4270 2295 4315 40
2348 4265 2573 4312 Indicam

1518 4340 1566 4378 te
1586 4347 1739 4380 amare
1771 4333 1860 4382 Eu.
1887 4334 1919 4388 i,
1944 4337 1993 4382 1.
2014 4338 2047 4382 9
2101 4331 2283 4380 Interea
2314 4330 2464 4385 miles,
2488 4328 2572 4391 qui

1391 4415 1496 4464 lud.
1525 4414 1714 4462 Terent.
2392 4411 2445 4462 D
