3192 4975
1175 397 1249 446 IN

380 542 455 594 cl.
478 545 575 594 Ubi
594 546 735 608 ergo?
768 545 853 608 Sy.
893 544 1039 609 Apud
1076 545 1279 596 Cliniam
1312 547 1431 596 nea.

376 608 447 665 iv,
469 614 516 658 6.
540 615 601 658 17
634 610 767 665 Haec,
802 623 907 672 quae
940 611 1069 674 apud
1106 618 1152 658 te
1186 618 1275 666 est,
1296 611 1432 659 Cliti·

380 670 553 734 phonis
588 681 659 720 est
690 673 838 723 amica
888 673 1011 723 Hea.
1046 675 1113 730 iv,
1137 679 1187 724 8.
1214 679 1276 724 12
1330 675 1434 722 Prae

374 735 619 784 iracundia
638 753 731 784 non
751 752 853 784 sum
874 738 1003 800 apud
1038 755 1111 786 me
1144 738 1265 786 Hea.
1304 754 1349 794 v,
1385 743 1436 788 1.

378 803 445 848 48
495 801 545 847 Si
587 801 713 864 apud
754 802 909 849 forum
952 808 1026 848 est
1076 800 1177 851 Ad.
1213 801 1247 857 i,
1286 805 1335 852 2.
1370 804 1435 850 74

379 861 587 910 Adortus
600 865 761 928 jurgio
781 865 969 912 fratrem
990 867 1117 928 apud
1140 865 1289 912 forum
1332 863 1433 914 Ad.

372 925 447 982 iii,
470 931 515 974 3.
537 932 600 975 50
648 928 928 984 Micionem,
962 929 1004 976 si
1027 931 1155 992 apud
1174 929 1325 976 forum
1344 936 1435 985 est,

377 991 651 1038 conveniam
684 991 783 1040 Ad.
824 992 897 1046 iii,
917 998 967 1041 5.
998 996 1031 1041 2
1084 992 1231 1056 Apud
1277 991 1434 1040 villam

374 1061 448 1099 est
483 1052 584 1104 Ad.
606 1055 675 1110 iv,
700 1060 745 1104 1.
772 1059 799 1103 1
855 1055 999 1102 Facio
1042 1062 1091 1104 te
1129 1057 1256 1119 apud
1298 1055 1433 1104 illurn

373 1115 535 1164 Deum
567 1116 669 1166 Ad.
693 1119 758 1173 iv,
784 1124 831 1168 1.
858 1122 919 1167 19
960 1118 1148 1167 Nostin’
1186 1118 1431 1181 porticum,

372 1183 503 1243 apud
526 1182 793 1238 macellum,
814 1183 933 1231 hane
954 1183 1167 1232 deorsum
1192 1184 1209 1230 ?
1250 1183 1345 1231 Ad.
1365 1183 1431 1240 iv,

371 1249 421 1295 2.
441 1248 507 1294 34
560 1245 707 1309 Apud
750 1247 901 1308 ipsum
939 1246 1089 1295 lacum
1122 1255 1193 1295 est
1234 1247 1433 1310 pistrilla

369 1307 473 1355 Ad.
496 1309 564 1364 iv,
588 1314 635 1357 2.
656 1314 721 1359 44
776 1310 872 1358 Cur
891 1326 1013 1358 nunc
1036 1312 1163 1374 apud
1186 1318 1232 1358 te
1255 1317 1390 1374 potat
1410 1312 1430 1360 i

371 1369 473 1420 Ad.
498 1387 544 1431 v,
566 1377 614 1420 3.
634 1377 693 1421 13
728 1371 875 1436 Apud
896 1374 1025 1426 illum
1047 1383 1155 1422 sunt
1174 1377 1310 1422 ambo
1328 1373 1429 1424 Ad.

372 1451 421 1490 v,
442 1440 493 1484 4.
517 1441 579 1484 19
630 1436 683 1484 Si
702 1451 759 1484 ea
780 1445 853 1485 est
870 1452 1014 1484 causa
1036 1438 1269 1486 retinendi
1298 1440 1431 1501 apud

371 1514 458 1545 vos
490 1498 585 1549 He.
618 1499 672 1560 ii,
694 1505 824 1550 2.13
873 1501 1047 1550 Sancte
1088 1501 1291 1563 adjurat,
1334 1517 1432 1550 non

368 1565 1253 1691 {Qipfflvssffssjssissmtffoessff
1266 1567 1431 1678 ὲὲῑιὲ·

370 1705 463 1754 que
484 1693 611 1754 apud
634 1707 796 1740 ornnes
817 1693 937 1740 sient
968 1692 1065 1740 He.
1086 1693 1160 1752 iii,
1177 1698 1227 1742 3.
1249 1697 1313 1742 28
1358 1693 1431 1741 Eo

370 1761 513 1816 pacto
553 1757 683 1818 apud
726 1763 774 1803 te
816 1772 921 1803 meo
964 1757 1051 1806 erit
1082 1757 1275 1820 ingenio
1316 1757 1435 1806 fides

370 1817 466 1875 He.
490 1818 559 1874 iii,
582 1825 631 1868 5.
650 1824 716 1870 24
753 1819 823 1868 Ut
842 1821 971 1884 apud
987 1836 1062 1868 me
1074 1821 1317 1883 praemium
1332 1837 1433 1870 esse

368 1883 573 1944 positum
597 1883 763 1945 pietati
792 1885 911 1931 scias
943 1884 1037 1932 He.
1062 1884 1125 1940 iv,
1148 1889 1195 1934 2.
1218 1889 1249 1933 8
1300 1883 1432 1933 Num

370 1945 457 1992 tibi
477 1947 663 1994 videtur
681 1963 781 1995 esse
810 1948 939 2010 apud
969 1949 1105 1996 sese?
1152 1948 1247 1997 He.
1280 1947 1343 2005 iv,
1383 1955 1433 2000 Δ.

367 2013 433 2058 85
466 2009 547 2059 Ne
568 2025 739 2060 nomen
762 2011 875 2058 mibi
896 2019 1101 2073 quaestus
1123 2014 1275 2060 obstet
1303 2014 1431 2076 apud

368 2081 418 2122 te
452 2073 545 2123 He.
570 2091 618 2130 v,
641 2079 687 2124 1.
711 2079 742 2124 8
780 2075 878 2132 Qui
912 2075 1091 2124 firmare
1122 2091 1273 2123 meam
1304 2092 1331 2122 a
1366 2079 1433 2126 ud

368 2153 453 2185 vos
493 2152 679 2201 possem
719 2139 861 2187 fidem
894 2137 987 2186 He.
1030 2155 1076 2195 v,
1100 2143 1147 2188 1.
1178 2143 1241 2188 23
1346 2139 1434 2186 ihil

368 2202 497 2263 apud
518 2218 594 2249 me
626 2201 715 2249 tibi
748 2202 912 2250 defieri
947 2201 1097 2265 patiar
1128 2200 1221 2250 He.
1258 2219 1306 2258 v,
1329 2207 1377 2252 2.
1403 2207 1428 2252 1

368 2265 484 2312 Erat
504 2266 551 2312 ei
572 2266 633 2313 de
653 2266 913 2314 ratiuncula
934 2268 1063 2328 apud
1083 2282 1158 2314 me
1186 2265 1431 2329 relliquom

368 2329 676 2391 pauxillulum
694 2345 983 2377 nummorum
1002 2330 1093 2379 Pb.
1114 2331 1149 2386 i,
1165 2335 1213 2378 1.
1225 2335 1255 2379 3
1278 2331 1431 2379 Modo

367 2393 497 2455 apud
515 2401 702 2456 portum
735 2394 825 2442 Ph.
845 2395 879 2449 i,
894 2398 943 2442 4.
960 2398 1022 2442 21
1056 2393 1107 2441 N
1109 2410 1171 2442 on
1185 2410 1287 2442 sum
1302 2410 1331 2442 a
1398 2396 1429 2443 d

363 2471 444 2505 me
477 2457 569 2506 Ph.
590 2458 624 2513 i,
646 2461 695 2508 4.
718 2462 781 2509 27
814 2457 939 2505 Itan'
963 2473 1147 2521 parvam
1164 2459 1319 2506 mihifi
1356 2475 1433 2507 ern

364 2536 473 2569 esse
492 2524 621 2585 apud
642 2524 727 2571 te?
782 2522 873 2577 Pb,
916 2538 967 2583 v,
998 2528 1048 2573 3.
1070 2526 1133 2572 27
1180 2524 1431 2571 Petaturus

366 2594 444 2633 est
461 2587 591 2647 apud
611 2602 687 2634 me
718 2586 810 2635 Ph.
844 2602 893 2642 v,
914 2591 965 2635 5.
987 2590 1020 2635 9
1074 2586 1143 2633 Ut
1182 2589 1322 2634 modo
1358 2602 1430 2635 ar-

365 2656 563 2711 gentum
584 2650 671 2697 tibi
692 2650 907 2698 dedimus
928 2649 1056 2711 apud
1076 2650 1225 2697 sorum
1261 2651 1352 2699 Pb.
1384 2668 1429 2707 v,

366 2717 417 2762 ὃ.
441 2718 505 2762 19
536 2714 619 2761 Sin
640 2720 734 2774 est,
752 2720 809 2761 ut
827 2713 943 2761 velis
956 2728 1143 2761 manere
1158 2713 1283 2761 illam
1301 2716 1432 2778 apud

366 2784 415 2823 te
451 2778 541 2826 Ph.
562 2794 609 2835 v,
631 2782 682 2827 7.
704 2782 768 2826 33
802 2777 873 2825 Ut
891 2792 998 2825 cum
1013 2777 1095 2825 illa
1110 2778 1431 2843 habitet-apud

366 2847 417 2887 te
452 2841 542 2891 Ph.
564 2857 613 2898 v,
632 2845 683 2890 7.
704 2844 770 2889 41

427 2902 591 2967 Aqua.
626 2903 866 2967 Congrum
897 2902 949 2951 in
970 2918 1093 2966 aqua
1111 2903 1251 2953 sinito
1273 2904 1433 2952 ludere

362 2966 467 3015 Ad.
496 2969 569 3023 iii,
592 2971 640 3017 3.
662 2971 726 3015 23
1354 2985 1357 2990 ·

427 3030 627 3095 Aquila.
696 3028 816 3077 Visa
834 3045 943 3079 vero
962 3037 1051 3087 est,
1088 3030 1215 3092 quod
1240 3031 1338 3079 dici
1358 3047 1431 3079 so-

364 3096 449 3153 let,
470 3095 647 3158 aquilas
667 3100 881 3142 senectus
911 3094 1035 3142 flea.
1058 3094 1127 3151 iii,
1150 3099 1198 3144 2.
1225 3100 1287 3143 10

431 3157 546 3209 Ara.
613 3158 720 3205 Nec
743 3164 793 3205 tu
815 3173 939 3205 aram
960 3158 1063 3215 tibi,
1097 3174 1185 3206 nec
1218 3166 1431 3221 precato—

366 3237 463 3269 rem
484 3224 660 3334 1)οηὶἰὲ
688 3222 949 3333 ΗεέδῖἊἎ
972 3226 1036 3297 22
1054 3221 1184 3335 ΒΕἷι
1202 3238 1281 3271 ara
1317 3224 1429 3273 hinc

366 3302 499 3335 sume
519 3302 599 3333 ver
658 3301 745 3333 nas
934 3321 948 3335 .
969 3302 1037 3344 iv,
1088 3317 1102 3333 .

434 3348 634 3398 Arbiter.
694 3350 783 3397 Me
825 3366 991 3413 cepere
1034 3349 1253 3398 arbitrum
1306 3350 1429 3398 Hea.

362 3413 441 3469 iii,
467 3416 515 3461 1.
537 3417 599 3462 94
645 3414 747 3462 Aut
765 3414 946 3471 desine,
967 3422 1050 3463 aut
1068 3414 1187 3463 cedo
1214 3414 1428 3477 quemvis

370 3476 589 3525 arbitrum
621 3476 717 3525 Ad.
738 3479 773 3533 i,
794 3482 843 3525 2.
863 3482 926 3526 43

434 3539 709 3591 Arbitrium.
774 3540 1032 3599 Arbitrium
1070 3548 1289 3596 vestrum,
1324 3557 1426 3589 ves·-

372 3611 441 3651 tra
460 3604 739 3654 existimatio
757 3605 931 3652 valebit
958 3604 1083 3655 Hea.
1104 3604 1233 3652 Prol.
1252 3608 1315 3653 25

434 3667 663 3721 Arbitror.
726 3669 787 3716 ld
809 3668 1002 3717 arbitror
1023 3667 1237 3733 apprime
1258 3668 1309 3715 in
1332 3669 1431 3716 vita

371 3747 471 3781 esse
494 3733 609 3781 utile
640 3732 705 3780 A.
723 3733 760 3790 i,
785 3735 830 3780 1.
853 3737 917 3781 33
971 3730 1042 3779 At
1061 3748 1150 3796 ego
1171 3746 1267 3779 non
1290 3748 1430 3795 posse

365 3796 564 3845 arbitror
592 3798 655 3845 A.
676 3796 747 3854 iii,
768 3800 817 3845 3.
841 3801 903 3845 31
937 3796 1087 3844 Simul
1106 3796 1317 3852 arbitror,
1327 3794 1427 3858 jam

368 3860 574 3922 aliquem
614 3876 717 3909 esse
757 3859 957 3908 amicum
990 3860 1037 3909 ei
1078 3858 1144 3907 A.
1180 3860 1247 3917 iv,
1280 3865 1329 3909 5.
1366 3866 1431 3911 17

371 3922 579 3971 Deorum
621 3925 763 3971 vitam
808 3934 1053 3987 propterea
1101 3925 1429 3987 sempiternam

370 4002 471 4035 esse
492 3988 687 4035 arbitror
716 3987 779 4037 A.
802 4004 849 4044 v,
872 3993 918 4037 5.
942 3991 971 4036 3
1028 3986 1289 4035 Civemne?
1339 3989 1429 4035 Th.

371 4050 615 4099 Arbitror:
650 4060 825 4101 eertum
860 4066 955 4097 non
988 4052 1158 4099 scimus
1191 4051 1284 4099 Eu'.
1320 4051 1354 4107 i,
1380 4056 1430 4101 2.

372 4118 435 4162 30
468 4114 575 4163 Hac
595 4132 643 4163 re
664 4116 855 4163 arbitror
871 4114 923 4162 id
947 4114 1047 4161 fieri
1070 4130 1205 4176 posse
1233 4115 1429 4163 maxime

371 4177 463 4225 Eu.
485 4179 524 4232 i,
542 4183 592 4229 2.
614 4184 679 4230 92
710 4179 879 4227 Tene?
920 4194 1015 4225 non
1050 4178 1203 4226 hercle
1238 4179 1432 4226 arbitror

374 4240 465 4289 Eu.
488 4243 544 4299 ii,
566 4248 613 4292 1.
640 4248 701 4291 12
748 4242 854 4291 Nec
888 4258 1169 4305 quemquam
1206 4258 1307 4301 esse
1340 4258 1429 4306 ego

500 4322 675 4387 Delpk.
692 4329 739 4375 et
758 4324 872 4377 Ver.
892 4325 1021 4373 Clas.

1304 397 1782 449 TERENTIUM.

2343 383 2574 450 xxxiii

1508 546 1742 594 hominem
1763 545 1974 602 arbitror,
1995 546 2072 594 cui
2105 545 2198 594 Eu.
2229 545 2286 603 ii,
2307 551 2355 596 3.
2377 551 2442 598 32
2491 551 2573 605 Sic

1508 611 1648 657 homo
1690 618 1778 664 est,
1822 624 2156 673 perpaucorum
2184 611 2438 659 hominum.
2469 613 2572 666 Gn,

1508 673 1661 721 Immo
1681 674 1914 722 nullorum
1935 675 2128 722 arbitror
2159 673 2250 724 Eu.
2273 675 2346 732 iii,
2365 681 2412 724 1.
2429 681 2494 728 19
2527 675 2570 726 E

1507 737 1696 784 flamma
1727 745 1888 800 petere
1921 744 1968 786 te
2005 737 2164 786 cibum
2203 753 2342 800 posse
2377 740 2572 792 arbitror

1506 800 1601 850 Eu.
1633 801 1704 856 iii,
1727 805 1775 850 2.
1798 805 1863 850 38
1916 801 2050 850 Idem
2073 817 2164 864 ego
2187 802 2378 850 arbitror
2409 803 2501 853 Eu.
2524 821 2572 870 v,

1507 869 1555 912 9.
1596 869 1661 914 53
1717 863 1843 913 Illud
1887 867 2128 929 permagni
2171 865 2337 914 referre
2378 868 2574 918 arbitror

1506 927 1631 976 Hea.
1653 929 1724 985 iii,
1750 934 1794 979 1.
1817 933 1882 976 58
1923 929 2002 978 Sic
2023 938 2111 986 est,
2148 945 2244 977 non
2275 946 2376 978 esse
2407 932 2570 982 horum

1506 999 1555 1039 te
1578 993 1772 1040 arbitror
1802 992 1924 1044 Heu.
1967 1010 2011 1049 v,
2033 998 2080 1044 2.
2101 998 2167 1043 32
2224 993 2338 1040 Non
2382 996 2574 1046 arbitror

1505 1053 1631 1106 Heu.
1668 1072 1716 1113 V,
1737 1061 1786 1105 2.
1810 1061 1875 1105 38
1927 1055 2050 1106 Rem
2086 1073 2161 1104 me
2191 1059 2362 1106 habere
2408 1067 2574 1120 proter

1504 1119 1625 1166 alios
1668 1120 1950 1183 praecipuam
1987 1121 2184 1170 arbitror
2235 1121 2333 1170 Ad.
2377 1121 2428 1183 ii,
2462 1127 2512 1172 3.
2539 1130 2572 1174 5

1504 1183 1792 1232 Jamdudum
1815 1183 1992 1248 aliquid
2017 1185 2110 1233 ruri
2125 1199 2262 1249 agere
2276 1183 2470 1234 arbitror
2505 1186 2572 1236 A.

1502 1246 1575 1302 iii,
1599 1252 1648 1297 3.
1671 1252 1735 1298 47
1791 1246 1962 1311 Neque
1982 1247 2166 1304 faciam,
2189 1264 2344 1313 neque
2363 1265 2439 1298 me
2461 1252 2576 1300 satis

1504 1312 1585 1374 pie
1607 1326 1746 1375 posse
1766 1311 1959 1362 arbitror
1989 1311 2088 1362 Ad.
2121 1313 2188 1369 iii,
2211 1318 2260 1363 Δ.
2285 1318 2345 1363 13
2395 1313 2572 1364 Sanum

1504 1382 1553 1422 te
1596 1375 1748 1424 credis
1780 1391 1881 1427 esse
1901 1376 1918 1423 ἓ
1953 1375 2046 1428 Mi.
2099 1376 2334 1440 Equidem
2377 1379 2573 1428 arbitror

1504 1436 1607 1487 Ad.
1627 1440 1690 1495 iv,
1713 1444 1762 1488 7.
1785 1443 1848 1488 30
1887 1438 2072 1502 Dignos
2093 1441 2288 1489 arbitror
2320 1440 2416 1491 Ad.
2450 1458 2498 1502 v,
2519 1447 2570 1492 7.

1500 1505 1563 1551 21
1617 1501 1692 1550 Te
1733 1503 2012 1552 desiderium
2056 1504 2344 1553 Athenarum
2381 1505 2574 1555 arbitror

1502 1565 1687 1627 cepisse
1721 1579 1847 1629 saepe
1879 1567 1973 1618 He.
2009 1569 2044 1623 i,
2073 1573 2122 1618 2.
2147 1573 2208 1618 13
2263 1568 2370 1616 Nec
2411 1585 2572 1618 verum

1504 1629 1702 1677 arbitror
1733 1629 1826 1677 He.
1849 1630 1883 1684 i,
1905 1635 1955 1680 2.
1977 1635 2040 1681 65
2075 1632 2432 1680 Incommodum
2453 1634 2569 1681 mihi

1505 1709 1608 1742 esse
1629 1693 1824 1742 arbitror
1854 1693 1947 1742 He.
1981 1694 2018 1751 i.
2041 1700 2090 1746 2.
2114 1699 2176 1744 78
2221 1695 2348 1744 Tuos
2376 1713 2478 1746 esse
2498 1697 2570 1746 illi

1505 1773 1656 1805 mores
1677 1759 1886 1805 morbum
1908 1759 2102 1809 arbitror
2133 1760 2226 1810 He.
2248 1759 2306 1822 ii,
2331 1766 2376 1811 l.
2401 1765 2466 1812 42
2497 1761 2568 1810 Ta

1504 1822 1618 1868 mibi
1640 1820 1856 1885 injuriam
1878 1822 2030 1872 facere
2051 1823 2242 1871 arbitror
2295 1823 2392 1875 He.
2427 1825 2481 1882 ii,
2519 1831 2570 1876 2.

1508 1889 1567 1934 14
1607 1885 1809 1934 Matrem
1832 1901 1925 1944 me,
1946 1895 2028 1934 aut
2049 1903 2238 1936 uxorem
2260 1886 2309 1936 in
2329 1888 2473 1952 culpa
2491 1890 2564 1938 in—

1506 1957 1749 1997 venturum
1768 1949 1962 1998 arbitror
1993 1950 2088 2000 He.
2109 1952 2180 2009 iii,
2207 1956 2254 2002 1.
2278 1957 2342 2003 19
2372 1951 2432 2000 Id
2454 1968 2565 2002 vero

1502 2013 1777 2076 neutiquam
1811 2015 2058 2063 honestum
2097 2031 2199 2064 esse
2232 2015 2426 2064 arbitror
2469 2017 2568 2068 He.

1505 2076 1573 2130 iii,
1596 2081 1645 2125 3.
1667 2081 1730 2124 43
1765 2077 1873 2124 Hoc
1895 2086 1944 2124 et
1963 2078 2111 2131 vobis,
2133 2090 2183 2126 et
2212 2095 2328 2126 meoe
2359 2095 2569 2128 commo-

1506 2139 1621 2186 dum
1662 2138 1800 2185 famas
1841 2139 2034 2188 arbitror
2085 2141 2178 2188 He.
2215 2141 2282 2197 ir,
2303 2145 2351 2191 2.
2377 2147 2410 2191 9
2461 2143 2570 2192 Nec

1505 2209 1842 2250 conventurum
1861 2203 1986 2251 iuter
2004 2219 2090 2251 nos
2113 2204 2308 2266 posthac
2328 2219 2430 2253 esse
2449 2207 2574 2256 arbi-

1503 2273 1599 2313 tror
1628 2265 1723 2314 He.
1746 2266 1808 2323 iv,
1821 2270 1869 2316 4.
1883 2271 1947 2316 37
1981 2266 2152 2331 Neque
2165 2283 2273 2316 euru
2289 2283 2570 2332 quemquam

1503 2345 1608 2378 esse
1628 2330 1822 2378 arbitror
1851 2329 1946 2378 He.
1969 2348 2013 2387 v,
2035 2336 2085 2381 3.
2105 2337 2134 2380 7
2171 2331 2257 2388 At,
2281 2333 2379 2396 pol,
2400 2348 2476 2382 me
2499 2335 2569 2382 fe-

1503 2395 1624 2442 cisse
1644 2395 1852 2452 arbitror,
1887 2410 1948 2442 ne
1979 2395 2074 2443 He.
2109 2412 2158 2457 v,
2181 2400 2229 2446 3.
2250 2401 2311 2446 41
2365 2397 2446 2446 Sic
2485 2399 2569 2463 pol

1503 2458 1794 2507 commodius
1815 2475 1916 2507 esse
1937 2459 1987 2508 in
2005 2475 2166 2509 omnes
2183 2461 2378 2511 arbitror
2410 2461 2502 2514 Ph.
2519 2479 2568 2521 v,

1504 2527 1551 2573 3.
1572 2527 1635 2571 31
1670 2524 1824 2580 Quam
1853 2525 1944 2573 hoc
1980 2541 2148 2573 munus
2183 2533 2365 2589 gratnm
2397 2526 2570 2577 Thaidi

1502 2587 1720 2635 arbitrare
1741 2588 1878 2635 esse?
1914 2588 2005 2637 Eu.
2026 2588 2076 2645 ii,
2099 2594 2148 2639 2.
2169 2594 2234 2639 44
2279 2589 2338 2636 In
2379 2606 2474 2654 qua
2497 2592 2568 2641 ci-

1504 2650 1650 2698 vitate
1670 2659 1718 2697 te
1737 2650 1956 2699 arbitrare
1983 2652 2138 2700 vivere
2158 2653 2176 2699 ?
2209 2651 2309 2701 Ad.
2338 2653 2407 2712 iv,
2427 2661 2478 2705 5.
2502 2659 2564 2705 51

1503 2712 1757 2770 Quodnam
1775 2715 2030 2763 arbitrare?
2065 2717 2156 2765 Ph.
2186 2733 2235 2776 v,
2255 2720 2306 2765 6.
2327 2721 2388 2767 31
2440 2718 2564 2767 Nes—

1502 2777 1597 2825 cire
1618 2778 1920 2831 arbitramini,
1953 2793 2050 2840 quo
2082 2778 2280 2841 quisque
2315 2787 2456 2841 pacto
2489 2782 2568 2831 hie

1504 2840 1648 2887 vitam
1667 2840 1856 2909 exigat?
1888 2840 1982 2889 He.
2003 2840 2057 2897 ii,
2077 2846 2124 2889 1.
2148 2844 2212 2890 18
2258 2841 2347 2888 Me
2382 2843 2569 2893 indota-

1503 2904 1565 2951 tis
1608 2902 1891 2967 patrocinari
1923 2904 2119 2952 sortasse
2155 2904 2440 2955 arbitramini
2473 2906 2568 2959 Ph.

1503 2984 1550 3022 v,
1563 2971 1614 3017 7.
1627 2972 1694 3016 46
1710 2966 1834 3015 Hice
1846 2968 1936 3017 hoc
1947 2983 2137 3016 munere
2147 2968 2424 3019 arbitrantur
2439 2986 2570 3019 suam

1501 3030 1730 3079 Thaidem
1767 3046 1870 3078 esse
1902 3031 1992 3079 Eu.
2028 3030 2078 3088 ii,
2110 3036 2158 3082 2.
2181 3036 2246 3081 38
2300 3032 2414 3080 Non
2457 3043 2570 3084 sunt

1504 3094 1617 3141 solae
1637 3094 1868 3143 arbitratae
1885 3096 1988 3141 haez
2010 3110 2100 3157 ego
2115 3095 2260 3143 etiam
2273 3097 2452 3145 credidi
2471 3097 2570 3148 He.

1504 3172 1549 3215 v,
1575 3162 1624 3207 1.
1641 3162 1704 3207 35
1760 3158 2071 3207 Arbitrabitur
2109 3160 2436 3209 commeruisse
2467 3162 2568 3210 cul-

1502 3238 1612 3285 pam
1647 3222 1738 3272 Ph.
1759 3220 1794 3278 i,
1812 3228 1858 3273 Δ.
1880 3227 1946 3272 28
1998 3222 2068 3278 Si,
2103 3224 2250 3280 Simo,
2286 3224 2412 3274 hunc
2443 3226 2569 3275 noris

1500 3286 1632 3349 satis,
1651 3302 1746 3334 non
1768 3286 1834 3332 ita
1854 3287 2071 3335 arbitrere
2101 3287 2164 3336 A.
2188 3304 2234 3343 v,
2255 3290 2306 3336 4.
2330 3292 2394 3339 12
2429 3289 2499 3338 Ut
2520 3298 2570 3339 te

1500 3350 1745 3399 arbitretur
1762 3349 1853 3397 sibi
1868 3357 2078 3413 paratum
2099 3353 2330 3401 moechum
2362 3352 2428 3403 A.
2449 3353 2502 3408 ii,
2521 3359 2569 3405 1.

1502 3419 1565 3464 16
1596 3414 1666 3462 Te
1687 3414 1912 3471 arbitrari,
1931 3415 2061 3477 quod
2089 3431 2160 3463 res
2177 3423 2267 3471 est,
2297 3415 2440 3464 velim
2471 3416 2568 3471 Eu.

1500 3493 1547 3535 v,
1570 3483 1620 3528 6.
1641 3482 1674 3527 9
1707 3478 1878 3541 Neque
1915 3480 2036 3528 adeo
2073 3478 2284 3529 arbitrari
2317 3480 2464 3543 patris
2492 3490 2568 3531 est

1499 3542 1634 3589 aliter
1664 3542 1760 3591 He.
1779 3543 1843 3599 iv,
1869 3548 1915 3593 1.
1933 3546 1996 3593 14

1565 3604 1788 3655 Arcesso.
1851 3605 2164 3655 Obstetricem
2199 3622 2382 3656 arcesso
2428 3604 2490 3654 A.
2527 3608 2565 3663 i,

1502 3675 1552 3719 5.
1575 3674 1640 3719 64
1674 3669 1770 3719 Cur
1791 3686 1890 3717 non
1911 3671 2102 3719 domum
2122 3686 2312 3721 uxorem
2339 3670 2566 3719 arcessis?

1503 3731 1602 3781 Ad.
1623 3750 1670 3790 v,
1693 3738 1742 3783 7.
1765 3739 1798 3782 6
1830 3734 2086 3797 Postquam
2118 3740 2357 3784 arcessunt
2391 3733 2566 3796 saepius

1504 3796 1600 3847 He.
1619 3797 1652 3855 i,
1667 3801 1718 3846 2.
1741 3802 1836 3847 112
1871 3796 1967 3845 Ubi
1988 3798 2136 3853 voles,
2155 3812 2336 3845 arcesse
2365 3795 2428 3844 A.
2451 3813 2498 3853 v,
2517 3802 2569 3846 2.

1502 3864 1534 3909 7
1570 3861 1773 3925 Propere
1794 3876 1990 3917 arcesse,
2010 3860 2120 3909 binc
2141 3861 2224 3924 qui
2237 3861 2448 3909 auferant
2460 3876 2566 3909 eam

1502 3924 1567 3974 A.
1590 3942 1639 3982 v,
1653 3930 1702 3975 6.
1721 3930 1780 3975 15
1815 3924 2111 3989 Pamphilam
2126 3940 2323 3982 arcesse,
2337 3931 2392 3971 ut
2407 3924 2564 3972 delec-

1503 3995 1574 4037 tet
1592 3989 1668 4037 bic
1689 4004 1776 4043 nos
1807 3988 1897 4037 Eu.
1926 3990 1994 4045 iv,
2019 3994 2066 4038 1.
2093 3993 2152 4037 11
2189 3988 2363 4038 Curre:
2407 3988 2566 4037 obste—

1504 4054 1662 4100 tricem
1675 4068 1854 4101 arcesse
1876 4052 1972 4101 Ad.
1993 4051 2063 4106 iii,
2081 4058 2130 4102 2.
2146 4056 2210 4101 56
2240 4050 2338 4099 Abi
2355 4052 2568 4119 domum,

1503 4122 1555 4163 ut
1585 4132 1770 4165 uxorem
1792 4131 1994 4164 arcessas
2025 4114 2123 4165 Ad.
2154 4116 2222 4171 iv,
2244 4122 2290 4165 5.
2313 4121 2376 4165 65
2433 4116 2566 4165 Uxo-

1502 4195 1597 4227 rem
1621 4187 1674 4227 ut
1687 4187 1906 4238 arcessat,
1929 4188 2060 4241 paret
2090 4178 2210 4230 Hea.
2232 4196 2278 4237 V,
2296 4184 2342 4229 1.
2357 4185 2420 4231 75
2455 4180 2564 4231 Nec

1501 4244 1585 4306 qui
1629 4253 1829 4295 arcessat
1870 4244 2152 4295 AEschinum
2205 4243 2300 4293 Ad.
2341 4244 2410 4301 iii,
2451 4251 2498 4298 1.
2531 4253 2560 4295 5

1324 4324 1434 4374 Iud.
1468 4324 1655 4374 Terent.
2385 4327 2436 4373 E
