3192 4975
1225 423 1302 472 tn
1352 400 1833 475 mensionum.

427 574 480 634 11,
503 575 550 628 1.
573 579 634 626 15
689 571 882 636 *Dicant-⁸
916 573 1040 624 bano
1061 587 1164 624 ense
1201 580 1398 652 captam
1425 591 1488 624 ex

429 642 588 700 Caria,
609 639 754 688 ditem
777 646 827 688 et
855 639 1062 692 nobilem
1108 637 1233 686 Hea.
1255 639 1325 696 tii,
1347 643 1398 689 8.
1422 644 1488 690 48

493 704 764 754 Nobilitas..
811 703 912 753 Scit
925 703 1014 751 sibi
1030 702 1488 762 nobilitatemexeo,

429 778 482 820 et
500 785 596 820 rem
615 775 794 825 natam,
813 775 864 816 et
885 767 1078 832 gloriam
1107 783 1208 816 ease
1254 766 1350 816 He.
1371 779 1420 824 v,
1439 771 1490 818 2.

495 895 732 944 Nobilito.
755 895 858 952 Qui
873 894 1070 944 stultum
1086 893 1490 944 adolescentulum

429 960 648 1008 nobilitas
663 961 856 1024 flagitii·
888 959 980 1008 Eu.
1003 976 1049 1015 v,
1072 964 1124 1009 7.
1143 964 1208 1010 20

493 1025 541 1072 Ν
546 1032 674 1074 octu.
737 1023 844 1073 Aut
881 1040 988 1072 mox
1027 1032 1172 1072 nocta
1211 1029 1260 1071 te
1295 1023 1491 1087 adigerit

427 1089 616 1142 horsum
646 1087 880 1136 insomnia
927 1088 1020 1138 Eu.
1055 1089 1110 1144 ii,
1147 1092 1192 1136 1.
1225 1091 1286 1136 18
1344 1087 1487 1135 Vah!

427 1169 570 1217 quam
589 1153 779 1209 veliem,
795 1153 938 1201 etiam
959 1160 1102 1201 noctu
1118 1151 1282 1200 amicis
1299 1165 1487 1216 operam

429 1231 532 1266 moa
551 1224 676 1266 estet
695 1217 796 1264 dari
829 1217 927 1264 Ad.
948 1215 1014 1272 iv,
1039 1221 1084 1266 1.
1112 1219 1176 1264 16
1457 1227 1468 1234 '

495 1281 682 1331 Nodua.
746 1280 940 1328 Nodum
959 1281 1012 1328 in
1034 1281 1188 1344 scirpo
1208 1278 1380 1344 quaeris
1423 1279 1489 1330 A.

428 1361 459 1391 v
497 1349 549 1394 4.
573 1351 638 1394 88

460 1379 478 1410 ⁹
495 1408 640 1458 Nolo.
705 1407 834 1458 Nolo
874 1408 958 1458 tibi
1003 1409 1150 1457 ullum
1189 1409 1490 1458 commodum

429 1473 482 1522 in
497 1489 574 1522 me
593 1474 804 1522 claudier
833 1472 895 1523 A.
920 1475 989 1530 iii,
1011 1478 1060 1522 8.
1079 1478 1144 1524 41
1179 1472 1309 1521 ΝοΙο
1333 1489 1408 1522 me
1437 1473 1490 1520 in

429 1546 642 1601 tempore
663 1539 754 1586 hoc
775 1539 938 1588 videat
973 1553 1118 1586 senex
1173 1536 1241 1586 A.
1265 1537 1330 1595 iv,
1351 1543 1403 1587 5.
1424 1541 1490 1588 24

428 1601 560 1650 Nolo
583 1617 657 1652 me
696 1601 744 1650 in
782 1603 858 1650 via
893 1618 1002 1652 cum
1039 1603 1129 1649 hac
1162 1611 1294 1650 veste
1331 1602 1492 1650 videat

429 1666 525 1716 Eu.
549 1683 596 1729 v,
612 1671 662 1716 2.
685 1670 748 1715 67
799 1667 928 1724 Quin
950 1667 1062 1714 noio
1096 1666 1322 1714 mentiare
1365 1666 1491 1716 Hea.

427 1730 499 1787 iv,
518 1734 568 1781 8.
588 1735 652 1782 28
703 1730 832 1779 ΝοΙο
854 1731 906 1779 in
943 1730 1078 1779 illum
1111 1730 1300 1792 gravius
1335 1731 1491 1779 dicere

427 1794 527 1844 Ad.
548 1795 584 1853 i,
603 1800 654 1844 2.
675 1799 740 1844 60
773 1795 905 1852 Quid
924 1795 936 1842 1
970 1795 1012 1842 si
1032 1810 1122 1857 ego
1141 1794 1362 1843 tibiiuam
1380 1795 1492 1842 nolo

427 1860 650 1917 vendere,
672 1875 814 1923 coges
849 1875 924 1908 me
945 1860 962 1906 ?
1011 1859 1110 1906 Ad.
1132 1857 1188 1918 ii,
1211 1863 1258 1909 1.
1282 1863 1347 1908 88
1396 1858 1494 1908 Ubi

428 1938 522 1988 ego
540 1939 732 1979 venero,
751 1923 1067 1973 eaouabiturz
1103 1923 1232 1986 prius
1245 1923 1360 1972 nolo
1391 1922 1493 1973 Ad.

427 1987 501 2043 iii,
521 1992 571 2037 8.
591 1992 654 2036 25
689 1987 760 2036 Ea
777 1991 839 2036 de
861 2003 1004 2036 causa
1023 1993 1236 2036 rnaxume
1255 2003 1382 2037 nunc
1401 1989 1493 2036 hue

427 2051 618 2100 introire
635 2051 748 2100 nolo
798 2053 895 2102 He.
919 2053 988 2108 iii.
1010 2057 1062 2100 2.
1087 2056 1146 2100 18
1177 2052 1247 2100 Te
1268 2059 1494 2116 cognatae

428 2116 660 2172 deserere,
684 2123 736 2164 et
754 2117 900 2164 festos
920 2117 1039 2172 dies,
1061 2131 1168 2164 mea
1200 2131 1359 2171 causa,
1380 2115 1493 2164 nolo

425 2178 524 2228 He.
545 2180 612 2242 iv,
633 2185 682 2230 2.
724 2185 784 2229 17
835 2181 982 2243 Cogis
1017 2196 1092 2236 ee,
1131 2195 1239 2243 quae
1276 2180 1406 2238 nolo,
1441 2188 1496 2228 ut

427 2243 526 2294 He.
547 2245 614 2300 iv,
635 2249 687 2294 4.
708 2249 772 2294 52
821 2244 950 2292 Nolo
972 2245 1090 2292 falsa
1110 2244 1234 2292 sarna
1253 2259 1354 2294 esse
1441 2260 1491 2292 a·

427 2314 528 2355 tum
548 2315 817 2373 suspectum
839 2317 972 2358 tuum
1003 2309 1098 2358 He.
1114 2325 1164 2368 v,
1186 2313 1232 2356 1.
1247 2312 1306 2358 81
1395 2309 1494 2369 olo,

428 2372 539 2420 volo
565 2390 579 2420 ε
619 2373 746 2435 volo,
787 2374 900 2422 nolo
943 2389 1120 2422 rursum
1175 2373 1266 2422 Ph.
1285 2389 1332 2432 v,
1356 2378 1406 2422 7.
1426 2377 1489 2422 57

427 2435 632 2493 Nolunt,
671 2437 754 2486 ubi
792 2438 938 2486 velia:
987 2439 1070 2486 ubi
1113 2435 1254 2494 nolis,
1291 2437 1514 2502 cupiunt.

431 2498 552 2551 ultro
583 2502 676 2551 Eu.
693 2504 759 2560 iv,
781 2508 830 2554 7.
850 2508 917 2553 48
967 2502 1166 2551 Scortari
1205 2502 1366 2551 crebro
1405 2517 1491 2550 no-

429 2566 564 2626 lunt3
597 2567 768 2616 nolunt
786 2568 946 2617 crebro
967 2566 1256 2616 convivarier
1307 2567 1434 2615 Hea.
1457 2566 1492 2622 i,

427 2634 478 2681 2.
502 2635 566 2680 82
613 2632 718 2679 Etsi
753 2632 843 2679 hoc
881 2632 1146 2679 meretrices
1183 2631 1287 2677 aliae
1323 2631 1494 2679 nolunt

426 2694 525 2745 He.
541 2710 592 2751 ν,
613 2700 664 2744 8.
681 2698 750 2745 86
777 2692 922 2743 Aiere
943 2695 1114 2742 nolunt
1125 2694 1360 2741 bominem
1377 2694 1492 2741 eda-

425 2772 548 2807 cem.
601 2759 696 2807 Pro
719 2758 950 2806 maleficio
984 2758 1025 2805 si
1058 2757 1338 2805 beneficium
1365 2773 1494 2805 num·

427 2837 557 2871 mum
595 2822 766 2872 nolunt
804 2823 999 2871 reddere
1050 2821 1143 2869 Ph.
1177 2822 1228 2877 ii,
1249 2826 1302 2871 2.
1323 2826 1406 2871 21.
1427 2825 1494 2871 22

427 2884 492 2935 Id
511 2902 602 2949 ego
624 2888 716 2935 hoc
739 2893 968 2948 prasente
991 2886 1077 2933 tibi
1096 2885 1316 2933 nolebam
1333 2885 1492 2933 dicere

429 2948 526 2999 He.
547 2950 614 3006 iv,
641 2953 696 3024 Δ.
723 2955 789 2999 90
836 2949 976 3025 Tum,
1014 2965 1142 3025 curn·
1159 2956 1340 3012 gratum
1375 2949 1493 2997 mihi

429 3014 936 3141 zt‘ssnssssssf‘aefflzss.
956 3014 1087 3141 ¹553,
1105 3028 1178 3126 ³¹1¹st
1197 3017 1348 3125 ⁸30ss}
1390 3013 1493 3128 {⁴3}

428 3142 466 3197 i.
485 3146 537 3191 2.
559 3148 622 3193 68
675 3142 754 3191 Ob
774 3155 879 3191 eam
901 3158 997 3191 rem
1030 3142 1185 3190 noluit
1218 3142 1384 3190 iterum
1419 3158 1492 3191 re-

428 3206 546 3257 ferre
577 3207 672 3255 He.
693 3207 824 3257 Ptol.
845 3212 878 3257 6
911 3208 1118 3255 Suadere
1137 3204 1238 3255 noli
1278 3204 1344 3255 A.
1364 3205 1418 3267 ii,
1439 3210 1492 3255 8.

430 3275 490 3331 11
540 3271 716 3319 Anime
735 3271 818 3328 mi.
837 3272 938 3319 noli
973 3278 1021 3319 te
1057 3286 1290 3321 macerare
1340 3270 1404 3319 A.
1424 3270 1491 3327 iv,

427 3339 481 3385 2.
505 3340 538 3385 2
587 3336 734 3383 Mitte
755 3350 850 3386 me.
897 3336 984 3399 Sy.
1003 3334 1120 3383 Noli
1154 3335 1350 3400 inquam
1394 3333 1490 3385 Ad.

431 3414 479 3455 v,
510 3404 560 3452 2.
594 3405 627 3449 6
673 3398 787 3449 Ah!
822 3399 938 3453 noli,
977 3400 1228 3455 Parmeno,
1265 3398 1402 3459 quasi
1439 3407 1491 3445 tu

428 3479 526 3513 non
547 3464 696 3515 multo
728 3462 866 3514 malis
913 3463 1010 3515 He.
1031 3462 1067 3519 i,
1088 3468 1140 3515 2.
1161 3467 1225 3511 84
1247 3462 1388 3515 Noli
1421 3463 1490 3511 fa·

428 3528 632 3579 buliu-iet
659 3528 756 3579 He·
776 3528 851 3588 iii,
876 3533 922 3578 1.
943 3534 1008 3579 86
1030 3527 1148 3575 Noti
1163 3527 1324 3575 fodere
1341 3544 1353 3575 z
1371 3526 1491 3590 juni

430 3590 526 3641 He.
547 3592 619 3650 iii,
637 3600 686 3643 5.
713 3598 774 3643 17
822 3591 939 3641 Noli
967 3592 1201 3643 advorsari
1231 3591 1347 3639 mihi
1396 3590 1491 3641 He.

429 3654 498 3711 iv,
536 3660 587 3705 4.
621 3662 686 3707 82
734 3656 850 3708 Noli
885 3665 1094 3707 metuere
1147 3656 1240 3705 Ph.
1260 3656 1333 3711 iii,
1352 3659 1402 3705 8.
1425 3660 1490 3705 28

431 3718 600 3767 Nolite
621 3721 772 3769 sinere
792 3736 874 3783 per
895 3738 978 3771 vos
997 3730 1144 3769 artem
1162 3720 1398 3769 Musicam
1419 3736 1492 3768 re·

432 3783 592 3831 cidere
611 3784 672 3831 ad
695 3798 870 3847 paucos
901 3784 996 3834 He.
1017 3786 1118 3835 Ant.
1142 3783 1270 3833 Prol.
1290 3790 1354 3835 88
1386 3783 1490 3833 No·

433 3848 518 3897 lim
541 3855 800 3896 ceterarum
820 3864 968 3897 rerum
991 3858 1038 3897 te
1058 3850 1300 3897 socordem
1321 3849 1492 3897 eodem

431 3913 576 3961 modo
625 3911 726 3959 Ad.
747 3912 814 3969 iv,
833 3918 880 3961 5.
901 3918 963 3962 61
1015 3914 1156 3969 Quod
1181 3929 1292 3962 sane
1325 3912 1490 3971 nolim,

431 3992 648 4025 maxume
685 3976 781 4025 heri
818 3991 960 4025 causa
989 3976 1084 4027 mei
1127 3976 1222 4027 He.
1261 3976 1332 4033 iii,
1358 3982 1403 4025 1.
1427 3980 1490 4025 51

429 4040 561 4089 Num
585 4041 810 4105 quidnam
838 4041 968 4103 quod
1003 4041 1142 4098 nolis,
1180 4041 1348 4089 vides?
1396 4040 1490 4090 Eu.

431 4105 486 4161 ii.
507 4110 557 4155 2.
577 4110 642 4158 41
677 4104 864 4155 Nolunt
880 4105 962 4152 uhi
982 4105 1126 4153 velis:
1153 4104 1234 4154 ubi
1255 4104 1394 4162 nolio,
1407 4120 1491 4155 cu-

432 4170 575 4233 piunt
609 4171 734 4223 ultro
788 4169 983 4226 Eu..iv,
1019 4173 1068 4218 7.
1095 4172 1160 4218 48
1216 4170 1267 4217 Si
1303 4176 1495 4232 propter

431 4250 630 4283 amorem
649 4249 839 4283 uxorem
853 4234 979 4283 nolit
989 4235 1162 4283 ducere
1191 4232 1260 4283 A.
1280 4233 1314 4291 i,
1333 4238 1492 4285 1.,128

433 4296 485 4351 N
487 4313 550 4351 on
565 4300 767 4355 dubium
787 4307 878 4367 est,
898 4299 1016 4367 quin
1053 4313 1244 4355 uxorem
1279 4296 1414 4353 nolit.
1432 4296 1492 4351 fin

2442 415 2629 478 ‘coxa

1561 569 1655 623 ilua
1686 573 1751 625 Δ.
1774 575 1811 638 i,
1828 579 1881 626 2.
1907 579 1931 624 1
1966 572 2021 624 Si
2038 573 2178 631 nolit.
2192 571 2307 638 quin
2328 585 2439 624 enm
2462 577 2629 628 merito

1562 638 1739 703 possim
1760 654 1929 704 cogere
1959 638 2028 689 A.
2050 638 2122 701 iii,
2141 644 2191 690 2.
2204 644 2267 690 51
2300 639 2381 688 Ne
2398 641 2521 689 forte
2536 642 2629 691 im-

1560 705 1769 816 }rudena
1790 703 1979 760 sacha,
2002 705 2133 767 quod
2146 703 2267 752 nolit
2294 703 2397 754 Asi.
2410 704 2478 762 iv,
2494 711 2548 757 5.
2560 711 2626 756 77

1602 767 1734 816 ilium
1758 775 1857 816 tum
1880 767 2023 816 etiarn
2045 768 2085 816 ri
2106 767 2249 826 nolit,
2267 783 2325 816 co
2356 782 2425 826 aa,
2446 777 2501 817 ut
2529 769 2631 820 Ad.

1562 845 1615 890 v,
1632 835 1685 880 8.
1707 837 1771 882 65
1804 832 1891 880 Sin
1912 839 1987 880 eat
2004 839 2183 888 autem,
2203 840 2257 880 ut
2277 848 2341 880 no
2360 833 2399 880 it
2445 833 2543 883 He.
2564 835 2633 897 iv,

1563 897 1611 946 1.
1631 898 1699 946 44
1732 895 1868 944 Utin’
1890 911 2057 945 omnes
2070 897 2287 946 mutieres
2306 897 2473 945 eadem
2492 911 2629 960 nque

1561 960 1801 1017 madeant,
1822 960 2069 1025 nolintque
2090 961 2285 1010 omnia?
2334 960 2429 1010 He.
2450 961 2503 1016 ii,
2528 966 2574 1010 1.
2594 967 2628 1012 2

1561 1023 1615 1074 Si
1636 1025 1751 1087 qnid
1776 1024 1946 1073 laboris
1966 1033 2061 1087 eat,
2075 1025 2253 1074 nollem
2284 1024 2409 1074 Hea-
2426 1026 2467 1086 i,
2492 1030 2539 1075 1.
2562 1031 2629 1076 w

1563 1081 1757 1136 Nollem
1778 1089 1956 1138 facturn
2002 1089 2100 1138 Ad.
2120 1089 2177 1146 ii,
2198 1094 2245 1138 1.
2267 1094 2329 1138 11
2379 1089 2503 1138 Sene
2523 1091 2629 1138 noi·

1562 1147 1659 1200 lem
1680 1153 1773 1202 hue
1792 1153 1969 1228 exitum
2004 1153 2105 1204 Ad.
2127 1169 2175 1211 ν,
2200 1159 2247 1203 1.
2265 1158 2329 1204 18
2364 1153 2487 1228 Qun-a
2504 1169 2627 1202 nnn-

1561 1229 2223 1338 mazffissffizssssffzssss
2232 1226 2629 1331 anamma&

1614 1360 1659 1392 e.
1674 1345 1772 1395 Cur
1782 1345 1953 1402 nolles,
1972 1347 2202 1395 Chreme?
2220 1346 2315 1396 Ph.
2331 1363 2377 1403 v,
2394 1349 2443 1396 8.
2466 1351 2549 1396 18.
2565 1351 2629 1398 14

1563 1405 1669 1458 Etsi
1710 1410 2057 1460 adolescentem
2098 1411 2189 1459 hoc
2232 1410 2378 1472 nolle,
2412 1410 2629 1474 intelligo

1563 1469 1696 1521 Hea.
1714 1473 1783 1530 iii,
1803 1478 1850 1522 1.
1872 1478 1903 1525 8
1949 1474 1999 1522 Si
2023 1475 2231 1538 pueliam
2250 1490 2479 1538 parerem,
2500 1476 2629 1524 nolle

1565 1535 1705 1586 tolli?
1738 1536 1863 1587 Hea.
1878 1539 1943 1595 iv,
1964 1543 2013 1588 1.
2027 1545 2089 1590 14
2120 1538 2261 1587 Hanc
2280 1539 2495 1603 injuriam
2508 1540 2629 1588 mihi

1563 1601 1693 1650 nolle
1734 1603 1909 1652 saetam
1950 1617 2053 1651 esse
2108 1603 2207 1650 Ad.
2247 1603 2303 1659 ii,
2348 1608 2395 1653 1.
2436 1608 2471 1652 8
2532 1603 2629 1652 Fu-

1564 1679 1675 1780 ge?
1696 1681 1724 1714 e
1745 1674 2005 1731 conspeetu
2024 1666 2153 1716 illico
2174 1684 2187 1716 ε
2208 1667 2513 1718 viderenulle
2533 1668 2653 1716 He..

1564 1731 1601 1788 i,
1698 1735 1793 1780 108

1630 1789 1845 1845 Nomen.
1905 1795 2103 1844 Andria
2133 1795 2207 1844 iui
2236 1795 2289 1843 id
2322 1802 2422 1844 erat
2452 1812 2627 1846 nomen

1563 1858 1629 1906 A.
1652 1854 1689 1915 i,
1716 1864 1763 1908 1.
1782 1865 1849 1910 59
1898 1859 2018 1922 Eju·
2060 1861 2266 1908 nomen?
2312 1860 2391 1908 Cr.
2435 1860 2628 1912 Nomen

1567 1931 1663 1970 tam
1706 1923 1805 1972 cito
1848 1924 1971 1972 tibi?
2023 1923 2220 1976 Phania.
2284 1923 2475 1974 Nomen
2528 1942 2627 1974 non

1565 1988 1791 2036 convenit
1819 1987 1885 2036 A.
1906 2005 1952 2044 v,
1974 1992 2024 2037 4.
2045 1993 2127 2038 25.
2148 1993 2213 2039 89
2244 1987 2437 2038 Nomen
2460 1990 2629 2038 mulie-

1565 2051 1629 2100 ris
1646 2053 1769 2100 cedo
1790 2053 1919 2116 quod
1942 2052 2003 2100 ait
2034 2053 2161 2101 Heu.
2182 2053 2248 2108 iv,
2273 2058 2320 2102 1.
2336 2057 2403 2102 49
2434 2054 2545 2102 Hec
2578 2067 2629 2102 ra

1567 2123 1641 2164 est
1660 2113 1773 2166 huie
1794 2131 1969 2164 nomen
1991 2115 2182 2164 Fabula
2214 2115 2309 2164 He.
2332 2116 2461 2165 Prol-
2486 2123 2511 2166 1
2596 2135 2628 2166 e

1566 2191 1741 2228 nomen
1766 2179 1878 2228 mihi
1900 2188 2109 2244 questus
2128 2182 2285 2229 obstet
2304 2195 2333 2227 a
2368 2182 2433 2228 ud
2450 2188 2498 2230 te
2528 2181 2628 2231 He.

1570 2259 1619 2301 v,
1642 2247 1691 2294 1.
1714 2249 1747 2294 8
1798 2244 1953 2292 Patria
1972 2259 2145 2293 nomen
2166 2244 2297 2294 aliud
2355 2244 2501 2294 ictum
2520 2255 2593 2294 eat
2610 2263 2628 2294 ε

1568 2309 1661 2356 hoc
1685 2313 1735 2356 tu
1758 2309 1919 2358 armti
1952 2310 2047 2358 Ph.
2068 2325 2117 2364 v.
2139 2313 2187 2358 8.
2208 2313 2271 2359 21
2294 2308 2367 2356 Tu
2386 2319 2519 2358 tuum
2539 2327 2627 2358 no·

1569 2387 1681 2420 men
1712 2371 1791 2422 dic
1811 2373 1943 2436 quod
1976 2380 2051 2422 eat
2082 2373 2180 2420 ΡΙ).
2198 2389 2246 2430 v,
2267 2377 2319 2422 8.
2336 2378 2407 2423 59
2460 2373 2519 2421 In
2552 2375 2627 2423 bia

1569 2436 1727 2486 Poeta
1761 2436 1838 2485 hic
1868 2451 2043 2486 nomen
2076 2437 2319 2501 profitetur
2350 2452 2485 2486 snum
2528 2439 2628 2490 En.

1568 2501 1697 2553 Ptol.
1722 2504 1753 2553 8
1806 2502 1978 2551 Matris
1997 2518 2171 2551 nomen
2192 2511 2243 2552 et
2275 2504 2417 2566 patria
2437 2503 2653 2553 dicebat·

1567 2566 1674 2628 ipsa
1705 2564 1799 2615 Eu.
1820 2567 1857 2623 i,
1882 2572 1929 2617 2.
1952 2571 2012 2616 81
2048 2566 2119 2613 At
2137 2568 2481 2617 nomenneacio
2496 2568 2626 2617 inim

1567 2629 1775 2677 hominis
1806 2631 1905 2680 Ad.
1930 2631 1997 2687 iv,
2016 2635 2067 2679 2.
2090 2636 2155 2679 82
2190 2630 2287 2679 Dic
2308 2646 2501 2679 nomen-
2534 2633 2629 2681 Ph.

1566 2691 1794 2742 Nomen?
1828 2709 2054 2742 maxume.
2092 2694 2214 2741 Perii
2239 2695 2395 2743 hercle
2416 2695 2427 2741 Ι
2452 2710 2627 2745 nomen

1569 2756 1760 2819 perdidi
1790 2757 1884 2806 Ph.
1910 2758 1965 2818 ii,
1984 2762 2035 2805 8.
2055 2761 2143 2807 88.
2158 2762 2227 2807 89
2279 2758 2344 2806 Et
2362 2774 2517 2807 menni
2538 2776 2627 2808 no-

1567 2836 1677 2869 men
1700 2822 1944 2869 nominat?
1982 2822 2073 2871 ΡΙ).
2096 2838 2146 2881 v,
2168 2826 2215 2871 1.
2237 2825 2301 2870 12
2343 2822 2519 2886 Neque
2536 2824 2625 2871 mi·-

1569 2884 1621 2930 hi
1642 2893 1873 2948 cognatus
1893 2885 1984 2932 fuit
2004 2884 2247 2949 quisquam
2284 2885 2403 2933 istoc
2435 2887 2626 2936 nornine

1568 2947 1661 2995 Ph.
1680 2948 1735 3012 ii,
1756 2953 1805 2999 8.
1828 2953 1909 2998 45.
1940 2948 2021 2997 Ne
2054 2964 2131 2997 me
2160 2949 2281 2998 iatoe
2314 2951 2510 3012 posthae
2537 2966 2627 2999 no·-

1567 3012 1695 3061 mine
1731 3013 2023 3077 appellanda.
2090 3012 2265 3061 Verum
2294 3014 2413 3063 istoc
2446 3016 2507 3063 de
2536 3031 2619 3062 no-

1569 3077 1719 3136 mine,
1748 3093 1807 3125 eo
1840 3092 2083 3141 perperam
2116 3077 2229 3125 olim
2246 3077 2380 3141 nixi,
2422 3094 2486 3128 ne
2531 3080 2627 3132 Ph.

1567 3158 1617 3198 V,
1640 3145 1685 3191 ¹0
1705 3145 1785 3191 ¹⁶0
1810 3145 1870 3192 ¹⁷

1633 3204 1859 3254 Nomine.
1924 3206 2053 3263 Quid
2074 3205 2159 3263 ait,
2174 3204 2259 3253 nbi
2281 3222 2355 3254 me
2375 3205 2622 3255 nominas?

1565 3268 1691 3317 Hea-
1715 3270 1765 3326 ii.
1789 3274 1839 3319 8.
1858 3274 1922 3320 62
1972 3270 2147 3333 Neque
2178 3284 2287 3319 eum
2308 3270 2513 3334 (virum)
2536 3287 2624 3319 no-

1565 3334 1717 3381 minet
1746 3334 1843 3382 Ad.
1863 3334 1931 3390 iv,
1950 3340 2001 3383 5.
2018 3339 2085 3385 24
2139 3334 2239 3384 cur
2268 3335 2349 3383 hic
2375 3334 2623 3383 norninat?

1565 3398 1664 3447 Ad.
1684 3416 1733 3454 v,
1755 3404 1808 3449 2.
1829 3402 1860 3449 8
1891 3399 1961 3447 Te
1978 3398 2189 3447 nominat
2223 3399 2315 3449 ΡΙ).
2335 3399 2373 3460 i,
2392 3404 2441 3449 4.
2464 3404 2525 3450 16
2558 3400 2625 3449 Et

1567 3478 1723 3511 meum
1768 3478 1941 3511 nomen
1983 3464 2230 3511 nominat?
2280 3464 2375 3511 Ph.
2405 3479 2452 3520 v,
2491 3468 2535 3513 1.
2560 3469 2624 3514 12

1567 3526 1689 3582 Quis
1720 3526 1933 3577 nominat
1967 3528 2076 3577 me?
2122 3528 2214 3576 ΡΙ).
2240 3544 2286 3581 v.
2310 3532 2360 3577 8.
2380 3531 2403 3575 1
2462 3527 2625 3577 Latini

1564 3590 1895 3640 Phormionem
1961 3592 2209 3640 nominant
2258 3592 2349 3641 Ph.
2388 3591 2518 3639 Proi.
2556 3596 2623 3640 27

1566 3654 1663 3703 Ubi
1700 3656 1963 3705 nominabit
1992 3657 2277 3710 Pbaedriam.
2312 3663 2363 3703 tu
2397 3655 2622 3719 Pamphi·-
2652 3684 2659 3688 -

1565 3719 1659 3767 iam
1678 3720 1906 3769 continuo
1938 3720 2031 3768 Eu.
2049 3721 2117 3773 iii.
2142 3724 2190 3767 1.
2208 3726 2273 3769 50
2317 3719 2447 3775 Quid
2471 3720 2623 3767 minua

1565 3784 1732 3833 utibile
1768 3785 1879 3845 fuit,
1920 3800 2061 3848 quam
2102 3785 2195 3832 hoc
2236 3784 2371 3832 ulcus
2414 3790 2624 3846 tangere,

1565 3856 1651 3896 aut
1670 3849 1909 3899 nominare
1932 3848 2155 3897 uxorem?
2188 3848 2281 3896 Ph.
2304 3848 2371 3908 iv,
2390 3852 2441 3897 4.
2466 3851 2526 3897 11

1630 3912 1762 3961 Non.
1828 3912 1944 3961 Non
1981 3912 2065 3989 qui
2090 3918 2411 3975 argumentum
2443 3920 2623 3969 nanee,

1565 3977 1650 4025 aed
1684 3977 1785 4040 qui.
1852 3976 1967 4025 Non
1996 3985 2067 4024 ita
2096 3975 2311 4024 dissimili
2341 3984 2453 4023 sunt
2482 3991 2621 4039 argu·-

1565 4048 1746 4099 mento‚
1768 4042 1852 4089 ned
1872 4048 2029 4089 tamen
2058 4040 2123 4089 A.
2152 4040 2281 4089 Proi.
2300 4044 2351 4089 6.
2375 4045 2434 4091 11
2488 4040 2621 4096 Quid

1565 4106 1739 4163 obstat,
1762 4122 1845 4155 cur
1866 4122 1964 4154 nnn
1988 4120 2106 4155 vem
2120 4102 2358 4168 (nuptia)
2372 4103 2522 4153 fiant?
2552 4104 2621 4155 A·

1563 4168 1603 4225 i,
1626 4174 1675 4219 1.
1696 4174 1784 4221 76·
1814 4168 2031 4219 Haecine
2069 4170 2191 4232 agia,
2222 4183 2283 4218 an
2326 4169 2459 4216 non?
2503 4168 2621 4218 Non

1563 4233 1721 4283 hercle
1761 4234 1995 4299 intelligo.
2018 4276 2023 4281 .
2048 4234 2117 4282 Si.
2158 4232 2306 4283 Non?
2356 4234 2478 4286 hem.
2518 4233 2619 4284 Da.

1565 4296 1715 4353 Non:
1746 4298 1919 4365 Davus
1950 4314 2201 4360 summan
2232 4296 2451 4364 OEdipun.
2516 4296 2621 4365 Ne·-
2649 4323 2660 4329 ·
