3192 4975
1243 432 1320 481 IN
1369 432 1848 483 TRRBN‘HUM.

481 572 684 643 optabit,
718 587 772 629 ut
803 578 924 627 Heu.
961 580 1024 634 iv,
1047 586 1094 629 5.
1118 584 1146 629 7
1191 580 1318 631 Scite
1355 589 1539 645 poterat

477 645 582 693 fieri
615 644 735 693 Heu.
771 645 836 701 iv,
857 650 904 693 5.
927 648 987 693 37
1045 645 1204 695 Clinia
1222 648 1326 695 haec
1343 646 1444 695 fieri
1467 646 1536 695 vi-

481 711 657 757 debat?
689 709 809 758 Hes.
832 726 876 765 v,
903 714 948 759 1.
969 714 1032 761 34
1083 709 1196 759 Non
1217 712 1382 772 patiar,
1404 712 1536 774 flagi-

481 774 558 821 tiis
576 774 666 821 tuis
687 789 758 821 me
779 774 999 821 infamem
1021 774 1120 823 fieri
1169 776 1292 826 Hes.
1331 792 1376 831 v.
1400 780 1449 825 4.
1476 781 1537 826 14

481 837 524 885 Ε
543 854 591 885 re
613 847 724 885 nata
743 838 909 887 melius
929 838 1028 885 fieri
1051 840 1180 887 haud
1201 841 1375 902 potuit,
1395 856 1536 901 quam

479 902 652 949 factum
673 910 744 949 est
780 902 872 951 Ad.
896 902 966 958 iii,
990 908 1033 951 1.
1057 908 1089 952 8
1144 903 1372 953 Hoeccine
1406 904 1534 953 fieril

475 964 571 1017 Ad.
594 966 666 1022 iii,
691 971 738 1015 3.
763 972 828 1017 36
873 966 1031 1023 Fient,
1071 984 1176 1031 quae
1211 969 1310 1017 fieri
1349 984 1534 1033 aequum

474 1038 564 1086 est,
604 1031 761 1077 omnia
809 1029 910 1081 Ad.
952 1032 1022 1088 iii,
1044 1035 1092 1080 4.
1118 1038 1182 1081 60
1231 1033 1342 1080 Non
1382 1042 1538 1095 potest

475 1094 576 1144 fieri
608 1094 708 1143 Ad.
730 1098 794 1154 iv,
822 1100 865 1144 1.
894 1100 952 1145 14
986 1095 1168 1145 Putant
1189 1098 1276 1143 sibi
1297 1096 1392 1145 fieri
1410 1098 1534 1162 inju-

473 1156 588 1206 riam
623 1158 724 1209 Ad.
761 1160 826 1215 iv.
851 1166 896 1208 3.
917 1165 948 1211 4
999 1160 1120 1211 Fieri
1145 1162 1270 1224 potis
1289 1170 1380 1221 est,
1402 1174 1454 1210 ut
1473 1180 1534 1213 ne

473 1238 570 1285 qua
587 1231 725 1271 exeat
753 1222 852 1273 Ad.
889 1225 954 1281 iv,
975 1229 1025 1275 4.
1048 1230 1110 1275 16
1157 1226 1266 1275 Hoc
1291 1228 1408 1275 adeo
1431 1244 1536 1277 meu

475 1288 551 1339 cul
560 1304 617 1349 pa
639 1288 788 1335 fateor
807 1288 910 1337 fieri
939 1288 1039 1337 Ad.
1063 1290 1128 1348 iv,
1144 1296 1193 1340 4.
1212 1296 1274 1341 19
1307 1290 1430 1341 Fieri
1447 1293 1534 1341 ali-

469 1360 544 1399 ter
561 1367 654 1399 non
679 1360 834 1415 potest
875 1352 974 1402 Ad.
1001 1370 1044 1409 v,
1067 1359 1114 1403 8.
1139 1359 1200 1404 13
1247 1355 1441 1405 Dictum
1462 1365 1534 1405 est

474 1431 598 1471 vere.
620 1424 670 1463 et
687 1432 736 1465 re
753 1417 856 1480 ipsa
877 1418 978 1467 fieti
1000 1429 1186 1481 oportet
1217 1420 1312 1467 Ad.
1337 1436 1383 1476 v,
1403 1426 1449 1469 8.
1467 1426 1532 1471 32

467 1479 500 1527 J
504 1480 644 1527 udico
666 1481 835 1545 Syrum
856 1481 956 1529 fieri
977 1498 1080 1531 esse
1111 1500 1292 1547 requom
1335 1484 1532 1535 liberum

471 1543 568 1594 Ad.
593 1562 638 1601 v,
660 1550 709 1595 9.
735 1550 764 1593 3
813 1545 1037 1610 Denique
1067 1548 1144 1597 hic
1167 1550 1263 1597 volt
1284 1549 1402 1598 fieri.
1435 1550 1531 1601 Mi.

472 1608 660 1657 Vin'-tu
683 1611 772 1659 hoc
797 1611 898 1659 fieri
919 1612 936 1658 ?
969 1610 1064 1660 Ad.
1089 1628 1135 1671 v,
1157 1618 1284 1675 9.12
1318 1613 1458 1670 Quod
1485 1623 1532 1663 te

469 1672 686 1723 festivum
709 1682 894 1737 putant,
917 1676 966 1723 id
991 1690 1084 1724 non
1109 1678 1206 1725 fieri
1227 1695 1284 1727 ex
1307 1694 1410 1727 vern
1435 1679 1532 1727 vita

468 1737 568 1785 Ad.
590 1755 636 1797 v,
658 1743 706 1789 9.
730 1744 793 1789 30
829 1740 1080 1789 Peccando
1111 1742 1380 1791 detrimenti
1411 1744 1530 1791 nihil

470 1802 569 1853 fieri
589 1810 748 1865 potest
779 1804 872 1879 He.
899 1805 952 1858 ii,
975 1810 1102 1881 ¹·.3⁷
1149 1807 1245 1854 Sed
1282 1807 1449 1881 soi-’fieri
1481 1808 1527 1855 id

468 1882 564 1978 '122¹‘
571 1871 1374 2002 „¹1ss“.:‘;.33'¹2332'53221²÷.¹¹32..¹¹::
1396 1877 1530 1986 ῗὲὲἶ.

471 2005 630 2057 posset
661 1996 758 2045 He.
780 1998 851 2053 iii,
872 2004 920 2049 5.
942 2003 1002 2047 21
1039 1999 1091 2045 Si
1113 1999 1220 2048 fieri·
1236 2009 1394 2063 potest
1434 2002 1528 2052 He.

465 2061 530 2121 iv,
549 2066 600 2110 4.
625 2066 686 2111 13
723 2061 906 2117 Placet,
930 2078 1026 2111 non
1048 2063 1150 2110 fieri
1169 2065 1260 2113 hoc
1281 2065 1459 2125 itidem,
1475 2072 1531 2115 ut

465 2124 518 2175 in
557 2125 816 2175 Comoediis
865 2127 960 2177 He.
999 2144 1043 2181 v,
1066 2132 1114 2175 4.
1135 2133 1200 2177 26
1247 2129 1529 2179 Communia

464 2205 566 2239 esse
586 2192 688 2239 haec
709 2208 722 2237 ε
747 2191 843 2239 fieri
869 2206 1004 2254 posse
1036 2192 1127 2239 Ph.
1149 2192 1202 2246 ii.
1223 2198 1271 2242 1.
1299 2200 1356 2243 15
1392 2194 1528 2243 Itane

465 2255 590 2303 hunc
613 2257 843 2317 patiemur
861 2257 960 2303 fieri
985 2257 1236 2305 miserum?
1271 2258 1360 2305 Ph.
1381 2258 1452 2318 iii,
1475 2264 1522 2308 3.

462 2322 494 2367 4
531 2319 658 2368 Volo
679 2319 830 2382 ipsius
849 2336 1038 2384 quoque
1055 2320 1298 2373 voluntate
1313 2323 1405 2371 hoc
1421 2324 1522 2372 fieri

463 2382 554 2433 Ph.
587 2384 652 2438 iv,
677 2390 724 2433 5.
763 2390 822 2435 13
872 2386 1079 2441 Quando
1109 2384 1210 2448 jam
1253 2389 1521 2435 accusando

460 2447 562 2496 fieri
605 2449 830 2496 infectum
874 2466 972 2498 non
1013 2457 1166 2511 potest
1197 2451 1286 2498 Ph.
1319 2467 1364 2506 v,
1387 2456 1436 2501 8.
1453 2456 1518 2501 46

463 2513 626 2564 Multo
649 2514 860 2563 omnium
881 2531 956 2561 me
975 2515 1391 2562 fortunatissimum
1421 2517 1520 2564 fac-

461 2584 560 2626 tum
583 2585 699 2640 puto
721 2593 823 2626 esse
855 2579 976 2626 Heu.
999 2578 1064 2632 iv,
1087 2583 1136 2628 8.
1160 2583 1192 2627 2
1227 2579 1294 2628 Ut
1315 2580 1434 2628 scint
1455 2582 1522 2630 le·

459 2657 567 2690 nem
590 2651 768 2706 petrem
791 2643 924 2693 illum
945 2643 1120 2690 factum
1143 2659 1216 2690 me
1237 2659 1337 2690 esse
1356 2646 1522 2692 acerri-

461 2722 587 2758 mum
621 2707 708 2754 Ph.
730 2707 785 2763 ii,
812 2712 856 2755 1.
879 2711 942 2754 32
975 2705 1103 2754 Scin'
1124 2715 1174 2754 tu
1198 2709 1379 2756 turbam
1399 2710 1522 2756 hanc

457 2779 650 2832 propter
693 2779 740 2818 te
779 2787 883 2820 esse
920 2771 1124 2819 factam?
1178 2771 1269 2818 Eu.
1306 2772 1374 2832 iv,
1409 2777 1455 2820 6.
1487 2778 1520 2822 6

461 2834 602 2883 Hanc
637 2834 854 2896 injuriam
891 2835 1004 2882 mihi
1037 2835 1165 2882 nolle
1197 2836 1367 2882 factam
1401 2851 1522 2893 esse,

457 2898 602 2960 hujus
621 2915 716 2944 non
739 2899 906 2946 faciam
941 2899 1035 2946 Ad.
1059 2899 1110 2958 ii,
1134 2901 1180 2946 1.
1203 2904 1236 2946 9
1267 2899 1345 2944 Illi
1385 2900 1521 2950 mise-

459 2977 540 3019 rae,
574 2961 768 3024 indigne
803 2963 974 3008 factam
1013 2961 1230 3024 injuriam
1263 2965 1522 3012 contereris

459 3026 554 3076 He.
583 3027 648 3082 iii,
673 3032 719 3074 3.
739 3031 800 3074 41
820 3027 938 3084 .Qui
967 3035 1076 3088 post
1103 3027 1274 3074 factam
1301 3027 1520 3089 injuriam

457 3106 508 3138 se
549 3098 778 3153 expurget
823 3091 916 3142 He.
957 3107 1002 3152 v,
1024 3097 1067 3140 1.
1093 3095 1152 3140 15
1188 3091 1263 3138 En
1301 3093 1520 3154 cuiquam

457 3156 842 3206 contumeliosius
863 3156 1059 3204 audistis
1095 3156 1266 3204 factam
1279 3155 1520 3220 injuriam.

379 3242 383 3246 ·
455 3222 630 3283 quam?
665 3221 758 3268 Ph.
787 3220 840 3276 ii,
864 3225 912 3268 3.
937 3227 967 3270 2
1018 3220 1112 3268 Eas
1149 3221 1332 3268 fabulas
1371 3223 1519 3270 factas

455 3287 586 3346 prius
607 3285 817 3343 Latinas,
837 3285 976 3332 scisse
997 3301 1115 3339 sese,
1153 3294 1378 3348 pernegat
1425 3286 1514 3336 Eu.

455 3349 584 3396 Prol.
599 3354 661 3398 33
685 3350 788 3411 Ego
805 3350 924 3396 illud
939 3349 1104 3397 sedulo
1122 3365 1292 3412 negare
1307 3351 1482 3398 fuctum
1501 3370 1514 3400 z

453 3412 534 3460 ille
554 3413 702 3462 instat
719 3415 896 3462 factum
944 3412 1006 3462 A.
1031 3415 1066 3468 i,
1091 3419 1136 3463 1.
1159 3419 1254 3463 120
1295 3415 1442 3471 Quasi
1466 3427 1516 3464 tu

453 3477 600 3534 dicas,
624 3478 800 3526 factum
823 3479 875 3526 id
899 3477 1098 3525 consilio
1134 3494 1238 3526 meo
1277 3477 1342 3526 A.
1377 3479 1446 3537 iii,
1467 3485 1517 3530 2.

453 3547 518 3592 22
567 3544 644 3590 Ne
665 3545 814 3599 dicas,
836 3542 962 3591 Davi
981 3543 1158 3590 factum
1187 3543 1404 3601 consilio,
1435 3547 1520 3602 eu‘t

453 3607 577 3655 dolis
613 3608 672 3656 A.
695 3607 767 3664 iii,
789 3613 838 3658 2.
860 3611 926 3658 29
977 3607 1080 3670 Ego
1104 3607 1224 3655 istuc
1246 3609 1328 3655 abs
1353 3616 1399 3654 te
1419 3608 1516 3656 fac-

449 3677 552 3719 tum
575 3672 984 3733 nihili-penderem
1019 3672 1109 3718 Eu.
1149 3672 1184 3727 i,
1206 3677 1252 3721 2.
1281 3676 1340 3720 14
1389 3673 1515 3721 Illud

451 3736 620 3786 merito
655 3736 827 3784 factum
867 3752 1028 3786 omnes
1065 3744 1233 3800 putent
1271 3737 1363 3784 Eu.
1395 3737 1446 3792 ii,
1470 3743 1516 3786 3.

455 3805 518 3848 95
553 3799 644 3848 Ille
667 3801 746 3846 ubi
769 3801 820 3847 id
845 3801 1032 3848 rescivit
1061 3803 1237 3848 facturn
1285 3801 1375 3848 Eu.
1401 3817 1446 3857 v,
1469 3809 1522 3852 5.

456 3868 520 3912 12
551 3863 590 3912 F
592 3872 748 3912 actum
773 3864 850 3912 liic
871 3879 972 3912 esse
991 3865 1044 3912 id
1068 3882 1164 3914 non
1196 3874 1338 3930 negat
1386 3866 1514 3918 Heu.

452 3927 580 3976 Prol.
608 3933 671 3977 18
727 3928 856 3976 Scin’
899 3945 1000 3978 esse
1040 3930 1236 3987 factum,
1277 3939 1328 3978 ut
1366 3933 1474 3979 dico
1495 3933 1512 3978 ?

454 3992 581 4046 Heu.
603 3993 674 4049 iii,
689 3999 738 4043 2.
763 3998 825 4042 18
860 3993 1148 4049 Pernoscite‚
1164 3996 1400 4043 furtumne
1415 3996 1514 4042 fac-

455 4065 554 4107 tum
571 4057 881 4114 existumetis,
917 4073 978 4104 nn
1012 4057 1111 4106 Ad.
1139 4059 1260 4106 Prol.
1290 4063 1346 4106 13
1403 4059 1514 4108 cla·

455 4131 586 4181 ment
627 4137 806 4180 omnes,
838 4121 1165 4184 indignissime
1206 4123 1382 4170 factum
1411 4139 1516 4172 esse

455 4185 550 4237 Ad.
572 4189 608 4242 i,
629 4193 678 4240 2.
707 4192 765 4238 12
817 4186 1008 4236 Nollem
1041 4187 1219 4234 fectum
1267 4186 1369 4242 Ad.
1393 4188 1446 4242 ii,
1471 4193 1516 4236 1.

459 4254 520 4300 11
557 4251 662 4302 ‚Ubi
681 4253 770 4300 scit
791 4253 988 4309 facturn,
1015 4253 1075 4300 nd
1114 4259 1304 4300 matrem
1325 4252 1516 4314 virginis

457 4316 584 4364 suit
615 4317 707 4369 Ad.
731 4317 805 4376 iii,
826 4322 874 4367 4.
887 4321 949 4368 25
985 4317 1108 4366 Cum
1126 4325 1174 4366 te
1196 4317 1334 4366 video
1347 4325 1518 4366 nostra

2452 419 2671 491 cxxiii
2752 506 2757 511 ·

1608 582 1801 631 familia
1822 590 1915 631 tam
1938 599 1996 631 ex
2018 583 2175 633 animo
2194 583 2367 631 factum
2408 583 2529 633 velle
2571 584 2668 635 Ad.

1613 663 1659 704 v,
1680 651 1730 698 7.
1753 651 1815 699 21
1866 648 2001 697 Illius
2032 648 2164 697 dices
2185 647 2325 711 culpa
2348 648 2523 695 factum
2576 648 2672 698 He.

1608 712 1663 767 ii,
1687 717 1731 760 1.
1754 716 1817 761 35
1868 712 1928 759 Id
1958 728 2028 760 res
2049 713 2275 761 indicium
2298 713 2398 759 haec
2418 712 2551 770 facit.
2572 728 2671 776 quo

1610 784 1751 839 pacto
1770 776 1947 825 fuctum
1968 778 2167 827 volneris,
2201 777 2295 825 He.
2327 777 2390 825 iv.
2414 781 2460 825 1.
2483 782 2543 827 31
2602 776 2673 830 Ut

1610 854 1713 889 mea
1756 842 2014 904 pertinacia
2046 857 2149 891 esse
2189 842 2316 889 dicut
2352 842 2528 889 fuctum
2573 842 2671 891 He.

1610 903 1674 960 iv,
1716 910 1763 959 2.
1804 910 1862 955 15
1934 906 2130 953 Factum
2176 907 2323 953 fateor
2382 904 2473 954 He.
2534 921 2578 961 v,
2622 910 2673 955 ⁸.

1608 973 1673 1019 40
1710 969 1902 1017 Factum
1924 972 2031 1017 volo
2066 970 2155 1019 Ph.
2179 986 2227 1026 v,
2246 973 2296 1019 3.
2319 972 2351 1017 4
2406 968 2521 1019 Hac
2542 970 2669 1018 facta

1609 1034 1669 1081 ab
1708 1033 1793 1081 illo
1832 1036 2113 1097 oportebant
2154 1034 2278 1083 Heu.
2316 1032 2385 1091 iii,
2405 1038 2453 1083 2.
2476 1039 2537 1083 25
2593 1034 2673 1083 Ita

1608 1113 1679 1145 res
1717 1107 1848 1145 erat:
1887 1099 2158 1147 faciundum
2200 1098 2291 1145 fuit
2336 1096 2424 1144 Eu.
2462 1099 2494 1154 i,
2528 1103 2579 1147 2.
2610 1104 2666 1149 17

1606 1162 1797 1211 Scilicet
1818 1163 2091 1211 faciundum
2112 1172 2183 1211 est
2196 1163 2327 1225 quod
2344 1163 2413 1209 vis
2448 1162 2540 1212 Eu.
2566 1163 2599 1219 i,
2619 1167 2669 1213 2.

1608 1231 1705 1277 106
1737 1228 1865 1284 Quid
1890 1228 2155 1277 faciendum
2180 1227 2374 1277 censes?
2409 1226 2498 1274 Eu.
2534 1228 2596 1283 ἰν,
2619 1232 2669 1278 4.

1606 1296 1669 1339 63
1718 1291 1795 1339 Ita
1817 1300 2001 1355 tempus
2022 1293 2112 1341 sert
2134 1311 2146 1341 ε
2170 1291 2444 1339 faciundum
2464 1299 2537 1345 est
2570 1290 2667 1343 Ad.

1607 1370 1652 1411 v,
1669 1359 1714 1403 3.
1734 1360 1796 1405 54
1842 1357 1895 1403 Si
1925 1356 2121 1405 multum
2154 1356 2259 1409 siet,
2292 1364 2449 1403 tamen
2486 1356 2671 1409 faciun-

1606 1420 1719 1473 dum
1740 1428 1813 1469 est
1845 1421 1944 1469 Ad.
1967 1438 2011 1475 v,
2037 1426 2085 1471 8.
2106 1426 2171 1471 28
2224 1421 2368 1477 Quod
2394 1420 2669 1472 faciundum

1605 1483 1799 1533 fortasse
1816 1486 1879 1533 sit
1904 1494 2025 1549 post,
2045 1487 2135 1535 boc
2158 1500 2283 1533 nunc
2305 1484 2348 1533 si
2366 1484 2532 1532 feceris
2572 1484 2670 1539 He.

1604 1547 1671 1604 iv,
1695 1552 1742 1599 3.
1762 1554 1791 1602 3
1848 1550 1975 1606 Quid
2019 1551 2213 1604 faceres,
2246 1551 2286 1596 si
2317 1548 2447 1597 aliud
2480 1550 2670 1612 gravius

1606 1612 1691 1659 tibi
1714 1630 1839 1663 nunc
1858 1616 2132 1663 faciundum
2155 1614 2275 1661 foret
2294 1614 2310 1660 ?
2343 1612 2434 1663 Ph.
2474 1612 2510 1671 i,
2530 1619 2578 1665 4.
2602 1618 2669 1664 30

1604 1676 1851 1727 Habondae
1882 1680 2165 1742 compedes:
2202 1694 2321 1741 opus
2356 1678 2447 1725 ruri
2484 1678 2667 1735 fuciun-

1604 1742 1715 1789 dum
1754 1742 1845 1791 Ph.
1880 1744 1933 1796 ii.
1959 1749 2003 1793 1.
2028 1748 2092 1794 20
2139 1742 2209 1791 Ut
2228 1758 2313 1789 sua
2334 1742 2591 1799 voluntate,
2612 1744 2667 1793 id

1604 1808 1731 1867 quod
1768 1815 1841 1855 est
1870 1809 2162 1863 faciundum,
2198 1807 2341 1855 saciat
2384 1806 2474 1855 Ph.
2498 1824 2542 1862 v,
2565 1810 2613 1857 3.
2636 1812 2667 1857 2

1603 1870 1745 1927 Quod
1772 1872 1817 1919 in
1842 1889 1983 1935 opere
2006 1873 2229 1921 faciundo
2252 1886 2405 1934 operae
2424 1870 2663 1921 consumis

1604 1942 1697 1982 tuae
1730 1935 1851 1985 Heu.
1875 1938 1909 1992 i,
1938 1943 1980 1988 1.
2006 1941 2066 1987 21
2113 1937 2209 1993 Qui
2233 1951 2375 1998 opere
2398 1936 2571 1985 rustico
2592 1936 2665 1983 fa-

1600 1998 1776 2049 ciundo
1810 2002 1949 2049 facile
1980 2008 2197 2051 sumtum.
2224 2007 2493 2049 exercerent
2529 2014 2664 2049 suum

1604 2063 1725 2113 Heu.
1746 2064 1780 2118 i,
1808 2070 1855 2113 1.
1876 2071 1933 2113 91
1975 2065 2195 2113 Lectulos
2213 2063 2264 2111 in
2287 2064 2383 2113 sole
2402 2063 2561 2126 ilignis
2582 2079 2665 2127 pe·

1602 2128 1741 2175 dibus
1762 2129 2010 2177 faciundas
2031 2131 2165 2179 dedit
2196 2126 2293 2175 Ad.
2315 2129 2377 2183 iv,
2398 2133 2445 2177 2.
2470 2133 2535 2177 46

1665 2192 1867 2241 Factito.
1930 2194 2064 2241 Idem
2087 2194 2178 2241 hoc
2194 2192 2295 2253 jam
2318 2192 2527 2255 Pyrrhus
2565 2192 2665 2241 fac-

1602 2255 1757 2304 titavit
1783 2258 1874 2307 Eu.
1914 2256 1979 2318 iv,
2002 2262 2049 2306 7.
2075 2261 2135 2306 13
2186 2257 2309 2313 Quae
2330 2263 2509 2305 veteres
2529 2255 2667 2305 facti-

1600 2328 1773 2377 tarunt,
1794 2321 1833 2369 si
1855 2321 2037 2370 faciunt
2056 2322 2165 2369 novi
2198 2320 2290 2371 Eu.
2317 2321 2445 2369 Prol.
2469 2324 2533 2369 43

1666 2386 1875 2433 Factum.
1944 2386 2161 2434 Hoccine
2194 2392 2267 2433 est
2289 2387 2544 2433 humanum
2564 2383 2665 2433 fac-

1602 2457 1717 2505 tum,
1744 2456 1827 2498 aut
1846 2450 2083 2514 inceptum
2105 2451 2115 2498 l
2157 2450 2222 2498 A.
2251 2450 2285 2506 i,
2310 2456 2357 2500 5.
2383 2454 2407 2500 1
2466 2449 2665 2499 Dictum

1600 2529 1657 2561 ec
1677 2514 1853 2562 facturn
1888 2515 2119 2562 invenerit
2140 2515 2343 2576 aliquam
2364 2529 2555 2562 causam
2600 2513 2668 2562 A.

1597 2578 1651 2632 ii,
1674 2583 1721 2626 3.
1742 2583 1771 2626 7
1808 2579 2003 2626 Dictum
2019 2580 2195 2626 factum
2210 2579 2302 2624 huc
2323 2579 2440 2625 abiit
2472 2577 2592 2626 Heu.
2617 2596 2665 2634 v,
2755 2619 2760 2623 .

1604 2647 1649 2690 1.
1674 2647 1734 2691 31
1775 2643 1877 2690 Vos
1898 2643 2026 2690 eritis
2041 2642 2250 2705 judices.
2269 2642 2448 2691 laudiu'
2471 2657 2531 2688 an
2549 2641 2666 2690 vitio

1600 2706 1711 2752 duci
1750 2706 1801 2752 id
1842 2707 2017 2754 factum
2062 2713 2279 2766 oporteat
2333 2707 2429 2754 Ad.
2469 2706 2595 2753 Prol.
2629 2713 2661 2756 5

1600 2769 1797 2815 Nullum
1820 2769 1961 2831 hujus
1982 2769 2134 2816 simile
2156 2771 2331 2820 factum
2362 2768 2462 2816 Ad.
2480 2769 2515 2829 i,
2536 2775 2583 2818 2.
2602 2775 2667 2820 16

1602 2833 1765 2880 Placet
1788 2834 1872 2880 tibi
1893 2834 2088 2889 facturn,
2106 2832 2259 2880 Micio
2278 2833 2295 2878 ἓ
2329 2832 2428 2881 Ad.
2449 2833 2516 2893 iv,
2530 2837 2579 2881 7.
2599 2838 2663 2882 19

1600 2896 1647 2942 N
1652 2913 1713 2943 on
1732 2898 1820 2944 tibi
1834 2897 1953 2944 illud
1969 2899 2143 2946 factum
2160 2897 2312 2943 minus
2330 2897 2502 2959 placet,
2520 2913 2663 2960 quam

1600 2961 1713 3008 mihi
1768 2961 1859 3010 He.
1905 2963 1967 3016 iv,
1990 2967 2035 3010 4.
2058 2967 2121 3010 25
2178 2960 2321 3016 Quod
2365 2977 2442 3008 me
2484 2961 2666 3008 sactum

1599 3025 1783 3072 consilii
1825 3026 2054 3074 incertum
2097 3025 2212 3072 facit
2266 3026 2357 3072 Ph.
2398 3026 2465 3082 iv,
2514 3031 2556 3074 1.
2599 3031 2661 3076 12

1597 3089 1727 3146 Num
1753 3090 1867 3138 facti
1889 3090 2049 3153 piget?
2084 3088 2147 3136 A.
2170 3106 2215 3144 r,
2240 3093 2285 3136 3.
2303 3094 2335 3136 6
2390 3088 2539 3150 Apud
2578 3091 2665 3138 ali-

1600 3171 1676 3202 um
1700 3154 1847 3216 ipsius
1869 3155 1984 3201 fac-ti
2006 3155 2157 3217 pudet
2193 3153 2318 3202 Heu.
2342 3153 2408 3209 iii,
2431 3158 2479 3201 3.
2504 3160 2563 3202 15
2599 3153 2661 3202 Id

1595 3219 1672 3266 isti
1692 3221 1957 3282 vituperant
1977 3219 2151 3267 factum
2186 3217 2247 3264 A.
2268 3217 2394 3267 Ptol.
2421 3223 2478 3266 15
2509 3217 2663 3268 Haud
2718 3246 2727 3252 ·

1599 3291 1727 3330 muto
1749 3284 1924 3330 factum
1959 3282 2023 3334 A.
2047 3284 2080 3338 i,
2104 3288 2149 3331 1.
2171 3287 2233 3331 13
2270 3283 2505 3345 Equidem
2538 3282 2669 3334 istuc.

1593 3349 1770 3397 sactum
1788 3348 2024 3410 ignoscam
2058 3347 2182 3396 Hea.
2206 3347 2268 3403 iv,
2296 3352 2341 3396 1.
2366 3351 2426 3395 34
2462 3345 2660 3397 Dictum

1595 3427 1653 3462 ac
1670 3413 1847 3460 factum
1868 3411 2055 3460 reddidi
2088 3412 2213 3460 Hea.
2236 3412 2302 3467 iv,
2327 3416 2465 3461 5.“12
2497 3411 2665 3462 Istunc

1594 3477 1792 3524 liberum
1812 3477 1829 3522 ?
1852 3477 2091 3540 quodnam
2122 3477 2184 3524 ob
2220 3476 2429 3524 factum?
2476 3475 2573 3526 Ad.
2612 3494 2661 3534 v,

1593 3545 1695 3596 9.4
1730 3541 1840 3594 Nou
1878 3542 2136 3603 imperabat
2171 3555 2345 3596 coram,
2380 3540 2495 3604 quid
2538 3557 2661 3602 opus

1593 3606 1720 3654 facto
1754 3611 1893 3662 esset,
1934 3621 2173 3668 puerperae
2225 3605 2287 3652 A.
2325 3604 2393 3657 iii,
2416 3607 2462 3652 2.
2489 3609 2550 3653 10
2583 3604 2661 3653 It·

1590 3672 1721 3718 facto
1744 3679 1815 3717 est
1836 3687 1956 3732 opus
1989 3671 2051 3719 A.
2074 3670 2142 3725 iv,
2165 3673 2211 3717 2.
2234 3673 2315 3718 32.
2356 3668 2447 3718 Ph.
2466 3668 2533 3722 iv,
2556 3674 2602 3716 5.
2624 3672 2659 3718 4

1591 3735 1699 3782 Tibi
1724 3743 1777 3781 ut
1796 3750 1917 3798 opus
1931 3734 2059 3782 facto
2079 3740 2167 3788 est,
2190 3733 2295 3780 face
2326 3732 2449 3778 Hes..
2472 3731 2507 3792 i,
2530 3737 2576 3781 1.
2594 3737 2661 3782 28

1593 3799 1795 3854 Moneo,
1818 3799 1933 3861 quid
1956 3800 2083 3846 facto
2106 3813 2217 3844 usus
2242 3797 2332 3844 siet
2380 3796 2475 3846 Ad.
2515 3796 2584 3852 iii,
2608 3800 2657 3845 ⁸.

1592 3867 1656 3912 ⁷5
1691 3865 1739 3912 Si
1765 3863 1832 3910 ita
1854 3879 1975 3925 opus
1996 3871 2069 3910 est
2090 3862 2235 3918 fecto,
2256 3876 2417 3908 eamus
2459 3859 2557 3908 Ad.
2596 3861 2660 3918 iv,

1592 3933 1639 3977 3.
1668 3933 1727 3975 10
1762 3929 1879 3976 Plus
1898 3927 2007 3983 scis,
2030 3925 2144 3990 quid
2165 3926 2293 3974 facto
2314 3941 2433 3987 opus
2452 3931 2525 3971 est
2554 3925 2659 3972 Ad.

1593 4009 1641 4050 v,
1663 3998 1711 4044 9.
1734 3997 1799 4042 39
1853 3991 1965 4040 Non
1988 4007 2101 4038 usus
2119 3991 2245 4038 facto
2278 3997 2351 4038 est
2382 3989 2499 4036 mihi
2526 3989 2654 4038 hunc

1589 4057 1715 4104 intro
1756 4057 1890 4119 sequi
1939 4055 2031 4102 He.
2072 4054 2141 4110 iii,
2170 4059 2213 4102 1.
2236 4058 2301 4102 47
2350 4053 2492 4109 Quod
2529 4053 2657 4102 facto

1591 4137 1705 4178 usus
1726 4122 1820 4169 sit?
1856 4121 1951 4171 He.
1976 4136 2023 4180 v,
2042 4123 2091 4168 4.
2113 4123 2176 4168 38
2211 4118 2363 4166 Crede
2388 4117 2518 4174 mihi,
2540 4133 2656 4182 gnu-

1591 4187 1726 4235 debis
1747 4187 1875 4236 facto
1908 4185 1997 4232 Ph.
2014 4181 2087 4241 iii,
2106 4189 2153 4234 2.
2176 4187 2207 4232 9
2238 4182 2386 4231 Nunc
2400 4181 2515 4246 quid
2532 4199 2659 4246 opus

1591 4252 1717 4300 facto
1738 4252 1815 4308 sit,
1838 4249 1947 4298 vide
1979 4250 2071 4298 Ph.
2094 4265 2141 4306 v,
2164 4253 2209 4296 1.
2230 4252 2292 4298 35
2343 4247 2413 4296 Ut
2448 4247 2540 4296 aliu
2575 4256 2657 4296 tun

1590 4317 1718 4366 tacta
1738 4323 1848 4366 sunt
1902 4315 1991 4364 Ph.
2016 4331 2063 4378 v,
2092 4319 2139 4363 8.
2157 4317 2218 4364 31
2273 4313 2353 4360 Ob
2392 4313 2495 4362 hac
2530 4312 2657 4362 sacta
