3192 4975
516 389 639 457 lxfi

518 551 770 620 quaerendo
792 551 952 606 vitam,
977 558 1119 613 atque
1135 555 1321 598 nitatem
1344 547 1438 598 Ad.
1461 566 1507 609 v,
1524 553 1573 600 4.

522 623 583 669 15
617 617 693 664 Ita
721 617 968 672 cursando,
1002 623 1144 677 atque
1178 613 1462 662 ambulando
1501 622 1589 661 to·-

524 691 623 732 tum
646 683 772 729 hunc
794 678 992 728 contrivi
1016 679 1144 726 diem
1176 678 1270 726 He.
1291 697 1337 736 v,
1357 684 1405 728 3.
1428 683 1488 727 1⁷

588 744 871 796 Continens.
937 743 1043 791 Hoc
1089 758 1229 791 nemo
1282 743 1375 793 fuit
1425 743 1575 806 magis

521 811 771 861 continens
804 807 896 858 Eu.
918 808 973 865 ii,
997 813 1046 858 1.
1069 811 1130 856 21

588 873 913 925 Continentia.
980 873 1249 936 Spectatum
1285 873 1397 920 satis
1434 880 1573 936 puta-

522 943 647 995 bam,
670 945 721 986 et
744 953 963 1000 magnum
984 937 1247 1000 exemplum
1268 936 1575 985 continentioe

528 1005 591 1057 Α.
614 1004 651 1060 i,
674 1008 721 1051 1.
739 1007 801 1050 65

589 1067 844 1116 Contineo.
910 1064 1031 1121 Quae
1067 1080 1177 1112 vera
1208 1065 1389 1123 audivi,
1424 1071 1578 1122 taceo,

524 1139 575 1182 et
595 1132 817 1181 contineo
839 1139 1031 1192 optume
1066 1129 1159 1177 Eu.
1180 1129 1213 1190 i,
1228 1134 1275 1178 2.
1292 1134 1355 1180 23
1394 1129 1489 1176 Vix
1502 1145 1579 1176 me

522 1196 763 1252 contineo,
786 1194 901 1257 quin
922 1192 1129 1242 involem
1150 1193 1202 1240 in
1224 1192 1449 1256 capillum
1483 1194 1578 1242 Eu.

522 1281 569 1318 v,
593 1266 641 1313 2.
664 1265 730 1310 20
762 1259 883 1306 Ruri
904 1259 999 1306 fere
1022 1274 1072 1306 se
1094 1258 1373 1307 continebat
1416 1259 1506 1307 Ph.
1528 1257 1579 1313 ii,

524 1331 573 1376 8.
606 1331 667 1376 17
724 1323 1005 1373 Continebit
1044 1323 1261 1386 posthac,
1316 1324 1356 1370 si
1408 1323 1593 1387 sapiet,

523 1405 692 1438 manus
726 1389 821 1439 Ad.
857 1389 925 1451 iv,
946 1391 993 1436 2.
1015 1389 1081 1436 26
1130 1386 1365 1450 Equidem
1402 1389 1578 1451 cupio:

528 1463 578 1505 et
599 1455 681 1502 vix
700 1454 945 1502 contineor
978 1451 1073 1500 He.
1094 1451 1158 1508 iv,
1178 1456 1227 1501 3.
1250 1456 1283 1502 9

564 1519 853 1581 ‚Contingm
919 1516 1059 1564 Hanc
1080 1517 1193 1563 mihi
1215 1515 1440 1579 expetivi,
1467 1530 1581 1563 con-

526 1585 636 1648 tigit
669 1581 733 1632 A.
770 1582 839 1638 iv,
861 1586 910 1630 2.
933 1585 994 1631 13
1048 1580 1141 1628 Cui
1179 1588 1273 1628 tam
1318 1578 1474 1627 subito
1512 1587 1584 1626 tot

527 1644 814 1712 contigerint
847 1646 1095 1694 commoda
1144 1645 1239 1693 Eu.
1279 1663 1327 1702 v,
1358 1648 1405 1694 9.
1429 1648 1459 1692 3
1516 1643 1586 1692 Ut

526 1715 649 1768 haec,
671 1727 777 1774 quae
799 1710 1101 1772 contigerint,
1125 1709 1276 1757 sciat?
1310 1709 1401 1756 Ph.
1424 1725 1471 1767 v,
1490 1713 1538 1758 6.
1552 1715 1582 1756 5

528 1776 666 1824 Velle
691 1784 739 1824 te
760 1775 829 1830 id,
853 1775 980 1838 quod
1005 1790 1100 1821 non
1124 1781 1282 1837 potest
1312 1774 1585 1836 contingere

526 1839 652 1889 Hea.
674 1841 728 1897 ii,
752 1843 799 1888 3.
822 1843 884 1888 83
932 1837 1049 1886 Haec
1074 1845 1145 1885 tot
1168 1846 1357 1902 propter
1374 1853 1451 1885 me
1472 1853 1587 1901 gau·

531 1907 610 1955 dia
631 1905 702 1952 illi
724 1903 975 1965 contigisse
997 1903 1128 1950 laetor
1166 1903 1261 1950 He.
1282 1920 1327 1959 v,
1352 1907 1401 1950 3.
1423 1907 1485 1950 35

594 1969 856 2018 ContinuO.
920 1967 1122 2030 Egomet
1143 1968 1369 2014 continuo
1402 1981 1586 2014 mecum

532 2034 599 2084 A.
619 2035 655 2092 i,
680 2038 728 2083 1.
750 2039 812 2081 55
860 2032 1000 2078 Mors
1022 2031 1249 2078 continuo
1270 2031 1422 2094 ipsam
1445 2045 1586 2078 occu-

532 2107 617 2164 pat
654 2095 719 2144 A.
741 2097 773 2153 i,
797 2103 845 2146 5.
868 2101 932 2145 62
968 2095 1209 2143 Continuo
1242 2097 1303 2142 ad
1334 2103 1381 2143 te
1417 2111 1589 2158 prope·

532 2179 637 2212 rans
662 2177 875 2226 percurro
898 2160 1131 2212 adfurum
1166 2161 1227 2209 A.
1244 2161 1298 2217 ii,
1314 2165 1363 2209 2.
1386 2164 1449 2208 18
1484 2159 1589 2221 Ego

532 2245 609 2276 me
630 2227 860 2276 continuo
897 2225 957 2272 ad
995 2224 1243 2272 Chremem
1290 2223 1355 2271 A.
1375 2225 1431 2280 ii,
1454 2229 1501 2272 2.
1525 2228 1590 2271 24

534 2292 776 2342 Continuo
812 2289 914 2336 dari
951 2288 1213 2336 tibi.verba
1234 2302 1398 2336 censes
1431 2285 1497 2334 A.
1518 2287 1591 2341 iii,

533 2361 583 2406 2.
605 2359 669 2404 24
704 2353 945 2401 Continuo
980 2351 1135 2414 palam
1175 2360 1247 2400 est
1284 2352 1373 2400 Eu.
1396 2352 1433 2408 i,
1455 2355 1505 2400 2.
1526 2355 1591 2400 24

535 2419 780 2480 Continuo
802 2417 1009 2464 adcurrit
1043 2417 1102 2463 ad
1142 2432 1217 2464 me
1250 2415 1343 2463 Eu.
1375 2416 1431 2471 ii,
1454 2419 1503 2464 3.
1526 2419 1589 2464 43

534 2483 633 2533 Ubi
654 2481 914 2531 nominabit
952 2480 1232 2537 Phaedriam,
1278 2491 1329 2528 tu
1368 2479 1592 2543 Pamphi·

535 2550 630 2611 lam
651 2546 879 2596 continuo
914 2544 1005 2593 Eu.
1028 2545 1097 2605 iii,
1121 2549 1168 2594 1.
1188 2550 1248 2594 51
1302 2545 1425 2601 Quae
1465 2544 1590 2601 volo,

536 2612 673 2663 simul
717 2610 959 2674 imperabo
982 2627 993 2656 :
1041 2616 1151 2673 post
1192 2610 1420 2657 contiuuo
1476 2625 1591 2657 exeo

537 2677 631 2725 Eu.
654 2676 727 2732 iii,
748 2680 796 2725 2.
813 2680 877 2724 40
924 2674 1164 2723 Continuo
1205 2675 1307 2721 haec
1346 2674 1593 2729 adornant,

537 2749 592 2789 ut
635 2741 763 2790 lavet
815 2739 907 2788 Eu.
949 2739 1016 2793 iii,
1052 2746 1098 2789 5.
1122 2742 1184 2787 34
1234 2738 1325 2786 Ille
1368 2739 1593 2785 continuo

537 2805 704 2854 irasci:
746 2820 903 2867 neque
925 2819 1096 2865 negare
1118 2803 1290 2850 audere
1324 2802 1418 2851 Eu.
1454 2802 1521 2858 iv,
1549 2808 1594 2853 1.

542 2876 575 2921 4
608 2871 725 2919 Haec
750 2869 829 2916 ubi
854 2870 1034 2931 aperuit
1060 2868 1248 2923 ostium,
1271 2867 1495 2931 continuo
1520 2867 1597 2915 hic

540 2951 588 2983 se
612 2933 821 2996 conjecit
842 2934 963 2979 intro
997 2932 1119 2981 Hea.
1158 2933 1209 2989 ii,
1234 2936 1281 2979 3.
1305 2936 1369 2980 36
1420 2932 1600 2979 Mulier

540 2999 681 3047 telam
718 2997 893 3045 deserit
929 2998 1157 3045 continuo
1214 2996 1337 3044 Hea.
1372 2996 1428 3058 ii,
1460 3000 1507 3045 3.
1531 3000 1597 3045 65

541 3063 783 3111 Continuo
840 3062 919 3110 hic
966 3062 1107 3108 adero
1148 3060 1285 3109 0Hea.
1328 3061 1400 3115 iii,
1444 3063 1491 3110 1.
1536 3064 1602 3109 96

542 3127 783 3177 Continuo
840 3126 1059 3191 injecisse
1090 3126 1232 3173 verba
1275 3125 1363 3173 tibi
1396 3124 1600 3172 Dromo-

542 3208 650 3241 nem
685 3192 803 3238 Hea.
827 3208 875 3246 v,
900 3196 945 3239 1.
975 3194 1037 3236 19
1069 3190 1235 3244 Miror,
1258 3188 1487 3235 continuo
1504 3202 1604 3234 non

532 3256 733 3319 jussisse
766 3253 918 3315 abripi
956 3267 1031 3298 me
1065 3250 1189 3301 Hea.
1225 3268 1273 3308 v,
1298 3256 1344 3299 2.
1366 3256 1431 3300 48
1472 3251 1603 3307 Quin

542 3334 728 3381 pugnus
756 3317 983 3363 continuo
1008 3316 1055 3361 in
1079 3316 1203 3362 mala
1218 3316 1394 3362 baereat
1426 3314 1526 3363 Ad.
1549 3314 1604 3373 ii,

544 3388 592 3431 1.
620 3385 678 3429 1⁷
712 3379 901 3426 Patrem
924 3380 1150 3427 continuo
1182 3380 1409 3427 convenit
1438 3379 1606 3427 Philu-

542 3459 695 3493 menae
729 3442 823 3490 He.
846 3443 882 3500 i,
902 3448 949 3491 2.
974 3446 1071 3492 116
1104 3442 1309 3491 Omnem
1330 3459 1425 3491 rem
1450 3460 1608 3493 narra-

542 3510 631 3566 bit,
668 3508 785 3561 scio,
823 3509 1050 3555 continuo
1090 3507 1189 3554 sola
1220 3508 1309 3555 soli
1344 3508 1435 3557 He.
1457 3508 1531 3565 iii,
1554 3514 1605 3557 2.

545 3580 605 3623 15
644 3572 885 3623 Continuo
908 3571 1089 3620 voltum
1110 3587 1271 3619 earum
1293 3574 1416 3619 sensi
1434 3574 1606 3621 immu-

543 3640 632 3686 tari
674 3638 770 3685 He.
808 3636 881 3693 iii,
905 3640 952 3685 3.
978 3641 1009 3685 9
1066 3636 1310 3685 Continuo
1346 3644 1610 3701 exponetur

542 3702 637 3750 He.
658 3704 733 3757 iii.
755 3704 806 3749 3.
829 3706 893 3750 40
950 3700 1121 3749 Aderit
1142 3702 1387 3757 continuo,
1410 3702 1501 3749 hoc
1528 3702 1608 3749 ubi

544 3784 601 3815 ex
622 3774 671 3815 te
696 3766 899 3815 audierit
931 3765 1023 3813 He.
1046 3782 1094 3821 v,
1114 3770 1161 3815 3.
1182 3771 1240 3815 15
1276 3765 1371 3815 Hic
1391 3766 1611 3814 Phaedria

544 3834 773 3879 continuo
791 3831 1043 3895 quamdam
1068 3838 1235 3879 nactus
1258 3837 1331 3879 est
1351 3830 1611 3893 puellulam

543 3896 639 3947 Ph.
662 3898 697 3954 i,
720 3900 768 3945 2.
792 3900 853 3945 31
890 3895 967 3943 Ibi
1004 3895 1231 3945 continuo
1268 3894 1485 3959 Antipho
1520 3895 1612 3944 Ph.

545 3958 582 4016 i)
604 3964 652 4011 2ο
680 3965 738 4011 5¹

612 4024 887 4073 Contortor.
954 4026 1203 4073 Bonorum
1220 4030 1439 4082 extortor,
1455 4024 1614 4089 legum

546 4096 786 4136 contortor
832 4090 927 4137 Ph.
948 4090 1004 4146 ii,
1030 4094 1082 4137 3.
1105 4094 1168 4138 27

606 4151 809 4206 [Contra.
875 4152 925 4201 Si
950 4154 1086 4207 scias.
1120 4154 1251 4217 quod
1286 4152 1464 4201 donum
1497 4150 1612 4201 huic

548 4214 674 4276 dono
700 4224 863 4267 contra
886 4226 1127 4282 comparet
1174 4218 1265 4267 Eu.
1306 4217 1358 4282 ii,
1380 4220 1511 4270 3.-63
1563 4217 1615 4266 Si

1503 382 1746 448 runnx

1649 547 1860 598 laudabit
1897 549 2016 596 haec.
2038 548 2168 596 illius
2211 547 2406 596 sormam
2429 555 2532 597 ιλιι
2565 547 2722 613 liujus-¹

1649 621 1811 662 contra
1844 613 1940 661 Eu.
1960 613 2030 669 iii,
2054 618 2102 662 1.
2125 617 2190 662 54
2223 611 2394 660 Voluit
2413 613 2568 662 facere
2589 629 2704 662 con-

1649 685 1719 725 tra
1757 679 2031 740 huic-segre
2079 678 2174 726 Eu.
2209 677 2359 730 iv,.1.
2390 682 2450 726 10
2499 677 2724 726 Uxorem·

1647 757 1892 854 alanqusim
1904 740 2076 855 lligbtffi
2110 741 2394 852 inte-{gutta
2425 743 2526 853 {irinc
2549 744 2730 854 omlniaa

1731 822 1803 863 .1,
1864 841 1878 856 .
2077 821 2218 854 eui
2269 821 2425 854 mcon
2471 821 2598 854 ame
2653 823 2721 854 a-·

1654 872 1779 929 beat,
1799 871 1926 919 facio
1942 869 2108 920 sedulo
2131 869 2226 918 Ad.
2247 870 2281 931 i,
2298 873 2344 918 1.
2357 875 2419 918 25
2457 871 2581 933 Age.
2598 887 2707 934 age,

1652 951 1779 984 nunc
1801 935 2094 998 experiamur
2113 940 2276 982 contra
2304 936 2431 992 haec„
2460 935 2576 998 quid
2613 951 2724 998 ego.

1689 1000 1854 1048 ossiem
1898 1000 2070 1047 blande
2113 999 2268 1047 dicere
2323 999 2423 1048 Ad.
2464 1016 2513 1057 v,
2551 1003 2598 1048 4.
2638 1004 2732 1048 23-

1705 1065 1850 1112 iscine
1874 1072 1943 1120 tu,
1967 1064 2152 1121 amabo,
2179 1079 2278 1114 non
2311 1070 2476 1112 contra
2507 1063 2704 1114 insidia-

1653 1131 1799 1178 bere?
1833 1129 1931 1178 He.
1954 1129 1988 1185 i,
2006 1133 2052 1177 1.
2072 1132 2134 1177 13
2170 1127 2312 1175 Nunc
2331 1127 2421 1176 tibi
2437 1144 2514 1176 me
2531 1138 2712 1176 certum

1655 1202 1733 1242 est
1769 1201 1934 1242 contra
1971 1193 2168 1254 gratiam
2201 1193 2370 1240 referre
2401 1191 2496 1241 He.
2523 1192 2586 1248 ir,
2615 1197 2732 1242 2.7·

1656 1261 1726 1306 At
1747 1267 1800 1306 tu
1822 1259 1932 1306 mihi
1957 1265 2120 1304 contra
2148 1272 2274 1307 nunc
2311 1257 2470 1304 videre
2502 1258 2714 1305 fortuna·

1658 1331 1748 1379 tus,
1773 1322 1991 1370 Phaedria
2025 1322 2116 1369 Ph.
2137 1321 2171 1378 i,
2194 1327 2242 1371 3.
2264 1325 2324 1370 21
2372 1319 2420 1367 N
2424 1337 2516 1370 unc
2549 1329 2716 1368 contra

1658 1388 1816 1436 omnia
1849 1388 1978 1446 haec3
2011 1386 2212 1449 repperi,
2273 1385 2444 1442 uidet,
2465 1401 2623 1448 neque
2644 1385 2732 1433 la-,

1657 1458 1836 1500 crumet
1867 1451 1959 1498 Ph.
1978 1451 2050 1508 iii,
2073 1455 2123 1500 2.
2147 1455 2211 1500 36
2293 1451 2378 1497 udi
2399 1465 2524 1498 nunc
2547 1459 2718 1498 contra.

1651 1516 1755 1580 jam
1794 1516 1884 1566 Ph.
1911 1516 1976 1572 iv,
1997 1520 2046 1565 4.
2069 1519 2134 1564 19
2651 1553 2661 1558 -

1727 1580 2074 1636 Controversia.
2139 1577 2264 1626 Nam
2283 1579 2386 1627 sine
2403 1578 2720 1628 controversia-

1661 1661 1690 1693 a
1711 1644 1822 1692 Diis
1845 1645 1971 1696 solus
1993 1645 2210 1708 diligere,
2234 1643 2447 1708 Antipho
2482 1643 2576 1694 Ph.
2599 1660 2646 1701 v,
2667 1649 2718 1694 6.

1699 1773 2044 1824 ‚Contumelia
2107 1771 2239 1830 Quid
2278 1779 2366 1828 est,
2406 1773 2444 1819 si
2487 1789 2582 1820 non
2617 1773 2722 1823 inec

1663 1838 1948 1888 contumelia
1969 1839 2077 1886 est?
2111 1837 2178 1884 A.
2213 1838 2246 1894 i,
2269 1843 2318 1886 5.
2339 1842 2376 1886 2
2421 1835 2549 1884 Nam.
2585 1839 2719 1886 istaec

1663 1902 1857 1967 quidem
1895 1902 2181 1950 contumelia
2223 1909 2297 1949 est
2349 1901 2473 1948 Hea.
2509 1902 2582 1958 iii,
2605 1907 2655 1952 3.
2683 1909 2714 1952 5
2747 1949 2751 1954 .

1663 1968 1742 2016 Ne
1767 1968 1861 2016 ulla
1881 1967 2047 2014 merito
2070 1965 2358 2014 contumelia
2379 1965 2480 2013 fieri
2515 1982 2544 2015 a
2581 1967 2718 2014 vobis

1665 2040 1826 2096 posset
1856 2031 1951 2080 He.
1973 2031 2044 2087 iii,
2066 2037 2114 2080 5.
2131 2035 2196 2080 20
2245 2030 2406 2086 Unum
2442 2031 2534 2078 hoc
2563 2031 2684 2078 scito
2705 2047 2723 2079 ι

1666 2095 1964 2146 contumeliae
2002 2111 2078 2143 me
2110 2111 2211 2144 non
2241 2094 2411 2143 fecisse
2447 2110 2606 2151 causa,
2633 2097 2744 2142 sed.

1667 2161 1836 2209 amoris
1869 2161 1962 2208 Eu.
1999 2177 2048 2216 v,
2072 2164 2122 2208 2.
2145 2164 2210 2208 38
2263 2159 2508 2207 Hunccine
2542 2175 2632 2221 ego
2667 2167 2722 2207 ut

1667 2227 2000 2274 contumeliam
2021 2231 2116 2272 tam
2141 2224 2372 2288 insignem
2393 2225 2458 2270 .in
2487 2239 2563 2272 me
2596 2223 2721 2272 acci-

1667 2291 1829 2353 piam?
1885 2289 1978 2336 Eu.
2019 2289 2085 2344 iv,
2107 2292 2156 2337 7.
2183 2293 2210 2336 1
2261 2286 2342 2335 Ad
2387 2289 2720 2336 contumelia-

1670 2354 1828 2402 omnia
1861 2354 2104 2417 accipiunt
2139 2353 2286 2414 magis
2331 2351 2429 2400 Ad.
2471 2354 2538 2408 iv,
2575 2358 2624 2402 3.
2661 2359 2720 2402 15

1670 2418 1800 2475 Quin
1823 2433 1946 2464 novo
1970 2419 2111 2465 modo
2133 2418 2180 2465 ei
2201 2418 2374 2466 faceres
2390 2417 2724 2465 contumeliam

1671 2482 1764 2533 ΡΙ).
1788 2500 1836 2539 v,
1859 2486 1908 2532 7.
1929 2488 1994 2533 79
2046 2481 2148 2531 Etsi
2169 2498 2260 2545 ego
2283 2482 2428 2545 digna
2448 2483 2538 2531 hac
2557 2490 2725 2531 contu-

1667 2548 1807 2595 melia
1828 2563 1932 2595 sum
1955 2563 2171 2595 maxume
2219 2548 2314 2595 Eu.
2332 2552 2472 2603 .v,.2.
2493 2552 2558 2596 26
2613 2547 2726 2595 Non

1669 2612 1856 2677 perpeti
1878 2613 2172 2663 meretricum
2195 2610 2540 2659 contumelias?
2574 2610 2668 2661 En.
2688 2612 2728 2667 i,

1670 2683 1716 2725 l.
1737 2682 1768 2725 3
1814 2676 1996 2739 Tegere
2044 2675 2354 2725 contumelias
2401 2675 2493 2723 He.
2527 2676 2564 2732 i,
2591 2680 2640 2724 2.
2661 2680 2725 2725 ol

1670 2740 1876 2789 Absenti
1910 2742 1997 2789 tibi
2031 2749 2077 2788 te
2110 2740 2350 2801 indignas,
2387 2755 2528 2802 seque
2561 2739 2732 2802 dignas

1669 2804 1980 2853 contumelias
2038 2820 2280 2867 nunquam
2332 2805 2531 2851 cessavit
2597 2805 2726 2852 dice-

1671 2887 1722 2917 re
1753 2871 1904 2933 ‘hodie
1938 2870 2028 2919 ΡΙ).
2062 2870 2117 2924 ii,
2143 2874 2194 2919 3.
2238 2874 2302 2917 29
2354 2868 2578 2931 Dumque
2626 2868 2731 2932 ejus

1670 2935 1817 2983 libido
1853 2935 2044 2983 occlusa
2075 2941 2147 2981 est
2203 2933 2501 2982 contumeliis
2555 2930 2618 2981 A.
2653 2933 2729 2991 iii,

1745 3062 2118 3113 Contumeliose.
2167 3062 2242 3109 En
2266 3077 2471 3124 unquam
2509 3062 2730 3123 cuiquam

1675 3128 2060 3177 contumeliosius
2076 3126 2460 3175 audistis-factam
2473 3126 2694 3188 injuriam
2711 3126 2730 3173 ἓ
2749 3151 2758 3165 =

1675 3192 1766 3240 Ph.
1789 3193 1844 3246 ii,
1867 3198 1916 3242 3.
1942 3197 1968 3240 1

1743 3257 2007 3305 Conturbo.
2075 3253 2376 3305 Conturbasti
2397 3253 2514 3301 mihi
2527 3253 2733 3302 rationes

1680 3336 1841 3369 omnes
1873 3320 1964 3368 Eu.
1988 3336 2035 3377 v,
2055 3326 2104 3371 2.
2124 3326 2190 3371 29

1741 3386 1982 3435 Convaso.
2050 3383 2251 3448 Aliquid
2285 3398 2628 3440 convasassem,
2661 3390 2733 3429 at-

1680 3466 1772 3514 que
1825 3449 1938 3498 hinc
1980 3465 2057 3497 me
2091 3449 2370 3513 conjicerem
2411 3449 2628 3510 protinus
2681 3447 2734 3493 in

1679 3516 1828 3579 pedes
1864 3514 1957 3562 Ph.
1980 3514 2014 3571 i,
2033 3518 2085 3563 4.
2107 3518 2170 3563 13

1748 3578 2013 3629 Convenio.
2077 3578 2170 3626 Sed
2194 3578 2328 3625 visne
2351 3578 2512 3624 adesse
2529 3592 2608 3623 me
2621 3589 2736 3630 una,

1681 3643 1796 3691 dum
1839 3643 1973 3689 istam
2018 3643 2276 3691 convenis?
2329 3640 2421 3688 He.
2463 3641 2529 3696 iv,
2561 3644 2608 3689 4.
2642 3643 2738 3688 los

1682 3707 1872 3755 Nomen
1897 3722 1994 3754 non
2013 3707 2237 3755 convenit
2269 3703 2335 3752 A.
2352 3721 2402 3761 v,
2423 3708 2474 3753 4.
2495 3710 2560 3755 39
2592 3704 2740 3751 Haud

1683 3772 1906 3819 convenit
1925 3786 2022 3819 una
2041 3770 2108 3819 ire
2125 3786 2233 3819 cum
2251 3770 2402 3818 amica
2411 3770 2740 3831 imperatorem

1663 3837 1736 3883 in
1759 3836 1834 3883 via
1865 3834 1960 3881 Eu.
1986 3836 2058 3897 iii,
2073 3840 2124 3885 2.
2137 3839 2206 3885 ,41
2243 3833 2358 3881 Non
2389 3834 2627 3890 convenit,
2655 3831 2742 3895 qui

1685 3900 1816 3948 illum
1849 3900 1910 3947 ad
1936 3898 2150 3947 laborem
2185 3897 2469 3961 impulerim,
2505 3913 2632 3946 nunc
2664 3910 2742 3943 me

1687 3966 1840 4028 ipsum
1884 3964 2046 4027 fugere
2099 3964 2226 4014 Hea.
2271 3964 2310 4024 i,
2335 3968 2380 4012 1.
2403 3967 2506 4012 ‚us
2565 3962 2624 4009 ln
2667 3974 2743 4007 me

1687 4029 1874 4094 quidvis
1915 4029 2077 4076 harum
2109 4044 2260 4077 rerum
2291 4027 2518 4075 convenit
2550 4026 2676 4074 Hea.
2697 4040 2746 4080 v,

1691 4100 1740 4143 1.
1763 4098 1793 4143 3
1840 4092 2026 4141 Patrem
2057 4094 2284 4142 continuo
2318 4092 2542 4139 convenit
2580 4089 2747 4138 Philu-

1690 4174 1841 4217 menae
1876 4157 1970 4205 He.
1990 4158 2028 4219 i,
2050 4162 2101 4209 2.
2130 4162 2222 4207 116
2277 4156 2416 4203 Hanc
2451 4155 2568 4203 mihi
2602 4168 2744 4215 expe-

1693 4222 1797 4281 tivi,
1829 4221 2054 4287 contigit:
2091 4221 2381 4272 conveniunt
2409 4234 2558 4269 mores
2592 4218 2654 4267 A.
2675 4217 2742 4276 ir,
