3192 4975
627 405 872 482 ccclxii

627 577 690 624 ad
711 585 760 624 te
779 575 926 630 venit,
950 572 1120 622 mensis
1143 561 1296 636 abitur
1313 571 1394 622 liic
1411 571 1512 636 jam
1533 573 1681 637 septi-

626 657 729 690 mus
761 638 855 687 He.
875 638 946 701 iii,
961 643 1009 686 3.
1029 641 1077 686 8.
1098 641 1162 686 34
1212 636 1424 692 Amicus,
1457 645 1506 686 et
1527 654 1681 702 popu·

628 705 736 752 laris
756 703 880 751 Geta
901 703 996 750 heri
1028 703 1088 749 ad
1125 717 1200 750 me
1232 702 1362 750 venit
1394 703 1484 750 Pb.
1519 703 1556 760 i,
1585 707 1631 752 l.
1650 705 1682 752 2

630 769 760 816 Mihi
783 781 891 814 usus
913 764 1065 825 venit,
1102 768 1192 815 hoc
1229 767 1326 815 scio
1367 767 1452 816 Pb.
1487 768 1525 822 i,
1545 772 1596 816 2.
1616 770 1682 816 23

628 832 735 880 Nec
756 847 862 880 cum
885 829 1154 894 hujusmodi
1179 846 1380 895 unquam
1404 846 1516 878 usus
1537 831 1684 885 venit,

629 905 684 946 ut
705 897 994 944 conflictares
1018 895 1139 942 malo
1173 895 1264 942 Ph.
1297 895 1366 951 iii,
1406 901 1455 945 2.
1491 900 1556 946 20
1604 894 1687 942 Ad

630 961 893 1026 sepulcrum
931 959 1176 1008 venimus:
1210 960 1258 1007 in
1297 960 1452 1024 ignem
1495 960 1687 1023 imposi-

633 1033 681 1074 ta
705 1034 778 1072 est
809 1025 870 1072 A.
891 1025 927 1080 i,
945 1030 991 1072 1.
1017 1029 1107 1073 101
1144 1025 1272 1074 Servi
1295 1035 1462 1072 venere
1485 1024 1531 1070 in
1554 1037 1687 1072 men-

634 1099 728 1138 tem
751 1089 858 1152 Syri
879 1087 1158 1136 calliditates
1189 1087 1310 1138 Hes.
1334 1105 1383 1150 v,
1408 1094 1454 1137 1.
1479 1093 1539 1140 13
1589 1089 1688 1136 Ve-

633 1169 744 1202 nere
779 1155 826 1201 in
865 1162 1066 1201 mentem
1092 1153 1202 1202 mihi
1224 1154 1352 1201 istaec
1385 1153 1474 1202 Ph.
1495 1153 1530 1210 i,
1552 1158 1601 1202 2.
1622 1157 1688 1202 27

633 1219 762 1266 Hinc
795 1219 932 1273 abeo.
976 1218 1166 1280 quando
1200 1218 1257 1281 is,
1277 1219 1574 1281 quamobrem
1596 1219 1690 1266 huc

637 1297 869 1342 veneram,
885 1297 962 1330 rus
995 1281 1113 1330 abiit
1145 1283 1240 1332 Ad.
1274 1282 1352 1340 iii,
1388 1287 1436 1333 3.
1475 1286 1534 1331 81
1585 1283 1689 1344 Ad·

635 1363 881 1396 vorsumne
922 1347 1057 1393 illum
1100 1361 1288 1396 causam
1347 1347 1568 1409 dicerem,
1614 1347 1691 1394 cni

637 1427 854 1459 veneratu
909 1413 1164 1458 advocatus
1185 1412 1204 1458 ἓ
1260 1411 1355 1458 Ad.
1401 1412 1479 1468 iv,
1509 1418 1570 1460 ’5.
1625 1415 1691 1460 43

637 1477 705 1524 At
747 1475 862 1522 mibi
905 1474 1028 1523 istuc
1072 1491 1168 1523 non
1213 1475 1262 1522 in
1307 1484 1511 1524 mentem
1552 1491 1693 1524 vene·

638 1548 710 1587 rat
768 1540 858 1587 Eu.
902 1539 971 1600 iii,
1017 1545 1061 1588 1.
1103 1544 1163 1590 ol
1244 1541 1432 1588 Miserae
1487 1556 1582 1587 non
1641 1541 1695 1587 in

640 1611 842 1652 mentem
877 1612 1064 1651 venerut
1126 1603 1216 1652 En.
1254 1605 1321 1662 iv,
1358 1609 1407 1654 3.
1444 1609 1508 1654 24
1564 1603 1695 1652 Dum

641 1668 740 1717 illic
777 1669 938 1729 sedeo,
971 1676 1024 1716 ut
1054 1667 1253 1732 quisque
1274 1677 1478 1726 venerat,
1498 1671 1696 1718 accede-

641 1733 747 1780 bam
781 1732 878 1780 He.
899 1749 948 1793 v,
970 1737 1019 1781 3.
1036 1737 1067 1781 4
1116 1733 1240 1798 Age,
1259 1735 1440 1782 veniam
1475 1733 1540 1781 A.
1561 1731 1628 1798 ἰή
1647 1738 1696 1782 2.

643 1800 708 1845 30
742 1795 790 1843 N
795 1811 856 1843 on
879 1796 1033 1844 hercle
1053 1799 1234 1846 veniam
1257 1798 1392 1845 tertio
1441 1797 1530 1846 Eu.
1549 1798 1625 1852 iii,
1648 1801 1697 1846 3.

642 1864 708 1909 24
764 1860 889 1918 Hoc,
927 1861 1053 1924 quod
1077 1862 1217 1924 coepi‚
1237 1862 1694 1926 primumenarrem:

643 1932 755 1987 post
768 1925 890 1972 istuc
913 1926 1094 1972 veniam
1139 1926 1262 1974 Hea.
1291 1927 1345 1984 ii,
1369 1933 1418 1976 3.
1439 1930 1501 1976 33
1553 1927 1701 1975 Deci·

644 1989 788 2054 piam,
810 2006 865 2037 ac
887 2005 980 2036 non
1005 1990 1206 2037 veniam·
1234 1991 1357 2038 Hea.
1380 1993 1443 2046 iv,
1465 1995 1516 2040 4.
1539 1997 1573 2040 6
1618 1991 1701 2038 In-

643 2055 770 2102 fecta
793 2070 928 2117 pace,
943 2054 1064 2101 ultro
1082 2057 1141 2102 ad
1161 2071 1261 2102 eam
1277 2057 1453 2111 venies,
1468 2055 1702 2112 indicans,

647 2127 696 2166 te
715 2134 867 2166 amare
889 2141 894 2146 ·
914 2118 1005 2166 Eu.
1029 2119 1062 2175 i,
1088 2124 1132 2168 1.
1154 2125 1184 2170 8
1239 2119 1351 2167 Non
1388 2136 1498 2168 usus
1528 2121 1704 2180 veniet,

648 2199 784 2246 spero
838 2181 960 2232 Hea.
998 2184 1072 2240 iii,
1102 2189 1149 2233 2.
1181 2189 1246 2240 42
1300 2185 1436 2247 Saepe
1458 2187 1707 2233 obsecrans

648 2263 742 2303 me,
765 2257 820 2293 ut
840 2248 1042 2304 veniam,
1065 2249 1228 2296 frustra
1244 2249 1400 2297 veniet
1431 2249 1552 2297 Hea.
1569 2249 1637 2304 iv,
1655 2255 1703 2300 4.

649 2316 679 2358 3
719 2312 824 2360 Tua
859 2311 999 2372 fama,
1035 2321 1084 2360 et
1125 2321 1280 2375 gnatae
1303 2313 1416 2370 vita,
1438 2314 1706 2360 indubium

649 2376 808 2426 veniet
839 2375 936 2422 Ad.
961 2376 1031 2431 iii,
1053 2381 1100 2424 2.
1123 2381 1187 2425 42
1221 2377 1352 2424 Uxor
1367 2379 1471 2425 sine
1492 2378 1606 2426 dote
1630 2395 1708 2425 ve-

649 2439 754 2484 niet
797 2437 897 2484 Ad.
919 2438 984 2491 iv,
1008 2445 1056 2486 7.
1079 2445 1139 2488 41
1198 2440 1325 2488 Hera
1351 2441 1401 2488 iu
1431 2442 1606 2491 crimen
1628 2457 1707 2490 ve-

649 2502 769 2558 niet,
790 2516 882 2563 ego
901 2517 1010 2547 vero
1044 2502 1094 2549 in
1136 2518 1354 2565 magnum
1391 2505 1562 2551 malum
1614 2506 1710 2551 He.

650 2565 723 2622 iii,
743 2570 790 2615 l.
813 2571 874 2613 66
907 2565 1059 2622 Quid,
1079 2564 1229 2613 sinon
1247 2566 1440 2615 veniet?
1475 2584 1708 2615 maneam·

651 2646 714 2677 ne
748 2645 896 2693 usque
921 2630 988 2677 ad
1029 2632 1307 2692 vesperum?
1355 2630 1450 2679 He.
1482 2631 1554 2694 iii,
1574 2638 1622 2683 4.
1645 2636 1711 2681 28

650 2694 736 2745 Ad
753 2694 942 2758 judices
966 2694 1203 2742 veniemus
1232 2695 1326 2743 Ph.
1347 2695 1384 2752 i,
1407 2701 1453 2745 2.
1470 2700 1536 2745 79
1566 2696 1711 2746 Senes

687 2758 737 2870 ¹1}
779 2759 1178 2881 ’ἑῗὲῗίεέωἰὸῗὲῑι
1203 2760 1456 2872 ἷὶἕὲἑεῗ
1475 2754 1713 2871 ,3ξεῖἦῖ

653 2889 745 2935 beo
779 2888 842 2935 A.
860 2890 928 2947 iv,
943 2891 992 2936 2.
1015 2892 1080 2937 30
1119 2888 1256 2949 Saepe
1276 2884 1523 2937 obsecrans
1544 2905 1637 2945 me,
1662 2898 1713 2936 ut

653 2952 840 2999 veniam
887 2951 1010 2999 Hea.
1027 2952 1093 3009 iv,
1113 2957 1161 3001 4.
1185 2957 1216 3001 3
1264 2952 1408 3001 Orare
1418 2952 1587 3016 jussit,-
1602 2953 1639 2999 si
1664 2968 1713 3001 se

656 3032 801 3073 ames,
834 3018 962 3073 hera,
990 3016 1092 3079 jam
1119 3024 1174 3064 ut
1210 3018 1270 3064 ad
1294 3033 1344 3065 se
1360 3019 1536 3065 venias.
1602 3018 1713 3067 Huc

656 3081 762 3127 face
784 3081 845 3129 ad
867 3096 942 3127 me
963 3089 1016 3127 ut
1035 3082 1210 3139 venias,
1229 3082 1268 3128 si
1289 3081 1400 3145 quid
1424 3082 1603 3146 poteris
1648 3081 1711 3131 A.

655 3145 723 3200 iv,
747 3148 798 3194 2.
819 3149 958 3195 4.·29
1005 3145 1197 3201 Potius.
1219 3161 1357 3209 quam
1380 3147 1540 3194 venias
1556 3146 1609 3195 in
1630 3163 1713 3211 pe-

658 3207 852 3257 rieulum
886 3208 985 3256 Ad.
1005 3210 1061 3272 ii,
1075 3215 1124 3261 2.
1141 3214 1205 3259 32
1239 3210 1334 3258 Ubi
1357 3212 1416 3257 ad
1442 3210 1613 3258 Dianae
1635 3227 1715 3259 ve·

659 3274 802 3329 neris,
838 3273 1007 3321 ito¹ad
1045 3276 1252 3321 dextram
1275 3292 1308 3336 :¹
1344 3276 1611 3339 priusquam
1652 3277 1713 3324 ad

661 3338 1014 3399 portam·venias
1046 3337 1142 3385 Ad.
1157 3339 1226 3399 iv,
1238 3343 1285 3387 2.
1298 3342 1362 3387 44
1396 3339 1574 3387 Venias
1589 3355 1715 3389 nunc

660 3400 877 3462 precibus
914 3400 1091 3448 lautum
1127 3408 1371 3465 peccatum
1409 3405 1576 3451 tuum?
1624 3406 1716 3454 Ph.

659 3480 711 3524 ν,
735 3468 783 3511 7.
805 3469 870 3513 80
919 3466 1013 3512 Sed
1045 3482 1134 3529 ego
1169 3481 1300 3515 cesso
1321 3468 1518 3530 rogitare
1541 3470 1600 3515 ad
1624 3485 1716 3517 coe·

661 3542 775 3577 nam
797 3536 854 3575 ut
871 3530 1030 3578 veniat
1051 3530 1069 3576 ἓ
1121 3530 1212 3583 Eu.
1235 3530 1288 3589 ii,
1309 3536 1359 3581 2.
1382 3536 1442 3581 36
1495 3532 1612 3581 Sine
1638 3550 1715 3581 ve-

663 3592 792 3639 niat!
847 3592 938 3641 Eu.
963 3594 1026 3649 iv,
1048 3598 1097 3644 6.
1123 3599 1148 3643 1
1202 3594 1401 3644 Monere
1438 3604 1625 3661 oportet
1644 3587 1719 3646 m'e

663 3658 790 3705 hunc
828 3660 1034 3706 vicinum
1072 3659 1319 3720 Phaniam,
1353 3662 1414 3708 ad
1448 3677 1626 3710 coenam
1666 3670 1721 3710 ut

663 3722 823 3775 xeniat
855 3722 976 3770 Hea.
999 3724 1033 3785 i,
1061 3730 1104 3773 1.
1129 3729 1223 3774 118
1255 3722 1303 3771 N
1307 3742 1346 3773 ae
1369 3742 1456 3789 ego
1474 3734 1538 3784 te,
1557 3726 1596 3774 si
1612 3743 1723 3775 usus

661 3785 842 3843 ‚venian
865 3803 972 3851 mag
1006 3788 1110 3837 ifice
1148 3796 1342 3838 tractare
1371 3792 1544 3853 possim
1595 3791 1719 3839 Hea.

665 3850 738 3907 iii,
777 3856 828 3899 2.
860 3858 922 3901 45
1029 3868 1232 3915 unquam
1271 3870 1414 3902 unum
1457 3856 1723 3903 intermittit

667 3914 810 3973 diem,
832 3915 947 3978 quin
981 3932 1164 3980 semper
1199 3920 1358 3966 veniat
1404 3918 1503 3967 Ad.
1526 3920 1596 3975 iii,
1623 3925 1667 3968 1.
1688 3926 1719 3970 7

664 3978 762 4027 Dic
800 3996 875 4027 me
910 3996 1056 4042 orare,
1097 3989 1148 4029 ut
1183 3984 1338 4030 veniat
1385 3982 1478 4030 He.
1511 4002 1560 4038 v,
1585 3990 1633 4032 3.
1660 3990 1713 4034 11

665 4042 798 4091 Dum
817 4053 1033 4108 expecto,
1046 4062 1184 4109 quam
1204 4062 1308 4095 mox
1326 4047 1499 4105 veniat,
1517 4049 1596 4110 qui
1632 4049 1721 4097 Ph.

667 4107 703 4163 i,
725 4112 773 4156 3.
797 4114 831 4158 9
883 4110 1022 4157 Misit
1054 4127 1191 4176 porro
1229 4128 1374 4170 orare,
1411 4119 1465 4158 ut
1499 4113 1721 4170 venirem,

667 4172 787 4219 serio
821 4172 911 4221 Eu.
933 4174 1002 4231 iii,
1024 4179 1074 4223 3.
1096 4180 1159 4237 22
1208 4175 1303 4223 Ubi
1327 4175 1528 4224 dicimus
1548 4178 1723 4225 redisse

671 4243 737 4290 te,
757 4242 807 4281 et
826 4253 986 4301 rogare
1007 4240 1077 4286 uti
1097 4240 1277 4287 veniret
1297 4242 1356 4287 ad
1379 4248 1427 4287 te
1441 4274 1444 4279 -
1459 4240 1581 4289 Hea.
1597 4242 1654 4297 ii,
1672 4246 1722 4289 3.

669 4301 734 4347 64
769 4299 896 4347 Dum
915 4310 1139 4368 cognatus
1154 4305 1248 4353 huc
1264 4304 1395 4353 illinc
1408 4306 1588 4355 veniret
1620 4304 1722 4357 Ad.

1602 417 1855 474 INDEX·

1755 573 1820 630 iv,
1844 579 1895 624 6.
1914 576 1981 623 40
2014 571 2085 622 At
2098 573 2137 620 si
2156 571 2291 632 seins,
2310 587 2451 638 quam
2475 573 2595 624 reite
2613 573 2667 624 in
2684 583 2818 638 ineu?

1757 645 1851 698 tem
1875 639 2055 686 venerit
2084 637 2208 687 Hea.
2231 637 2294 696 iv,
2317 645 2365 686 6.
2387 643 2452 688 16
2506 633 2816 709 Jamdudum,

1759 701 1877 757 sci'o.
1898 703 2136 752 venissent
2167 702 2293 752 Hea.
2314 703 2365 757 ii,
2388 707 2438 753 2.
2461 708 2492 753 2
2534 703 2631 752 Ubi
2653 723 2711 754 eo
2732 723 2816 754 ve-

1759 768 1901 824 neris,
1924 766 2067 816 clivos
2086 767 2301 828 deorsum
2324 783 2482 814 vorsus
2502 776 2585 818 est.
2634 769 2730 818 Ubi
2754 765 2819 828 ad

1759 830 1930 880 Dianae
1946 831 2141 888 veneris,
2162 831 2229 879 ito
2246 833 2306 880 ad
2324 831 2529 898 dextram
2560 832 2654 882 Ad.
2678 834 2747 890 iv,
2764 829 2818 884 22

1762 899 1841 946 36.
1864 901 1925 946 43
1958 895 2039 944 De
2058 897 2195 952 ist'oe,
2214 903 2322 944 cum
2343 912 2456 944 usus
2471 896 2659 954 venerit}
2675 899 2820 946 videa

1762 959 1931 1017 bimus,
1954 958 2069 1024 quid
2092 976 2211 1024 opus
2233 960 2293 1009 sit
2338 961 2463 1026 Hea.
2482 961 2557 1021 iii,
2577 966 2624 1011 2.
2645 967 2707 1012 46
2746 961 2821 1010 Et

1763 1025 1868 1081 tibi,
1888 1026 1950 1073 ob
1971 1040 2074 1072 eam
2105 1038 2220 1084 rem,
2248 1025 2295 1072 'si
2324 1019 2438 1089 q‘ui'd
2478 1041 2591 1073 usus
2624 1027 2823 1084 venerit,

1764 1089 1929 1137 lubens
1949 1089 2073 1137 bene
2091 1089 2235 1137 faxim
2265 1089 2361 1137 Ad.
2374 1086 2421 1145 v,
2440 1094 2490 1138 6.
2508 1094 2537 1138 7
2574 1088 2678 1153 Ego
2698 1107 2822 1154 quo-

1764 1169 1857 1217 que
1876 1155 1987 1202 hinc
2014 1154 2075 1202 ab
2095 1155 2283 1202 dextera
2306 1155 2458 1202 venire
2482 1170 2556 1203 me
2578 1152 2822 1212 assimulass

1766 1219 1826 1266 bo
1871 1217 1938 1266 A.
1959 1217 2023 1274 iv,
2046 1223 2093 1268 3.
2115 1221 2180 1268 20
2234 1217 2364 1275 Quid
2385 1219 2403 1265 ?
2485 1217 2569 1280 uid
2592 1219 2749 1268 venire
2766 1220 2823 1276 in

1764 1289 1969 1331 mentem
2000 1296 2130 1331 nunc
2163 1279 2498 1347 possit'mihi.'
2536 1283 2627 1346 Eu.
2648 1299 2698 1345 v,
2719 1283 2821 1334 801

1766 1347 2191 1410 Miror,·quumodo
2220 1356 2317 1394 tam
2336 1346 2548 1410 ineptum
2571 1343 2825 1418 quiequam

1768 1412 1855 1460 tibi
1878 1413 1926 1458 in
1950 1419 2153 1460 mentem
2176 1412 2335 1461 venire
2369 1413 2581 1474 potuerit
2622 1409 2747 1461 Hea.
2770 1429 2827 1474 v,

1769 1481 1816 1526 3.
1840 1480 1870 1525 3
1900 1475 2019 1522 Ten'
2041 1476 2333 1541 asymbolum
2354 1476 2543 1527 venire!
2586 1473 2673 1524 Ph.
2696 1477 2746 1533 ii‚·
2768 1475 2827 1526 2.

1768 1545 1831 1590 26
1892 1541 2107 1598 Quantus
2132 1547 2281 1588 metus
2302 1547 2373 1588 est
2394 1541 2525 1597 mihi,
2552 1541 2705 1588 venire
2724 1543 2827 1589 huc

1771 1605 1945 1653 salvom
1968 1620 2095 1652 nunc
2151 1613 2347 1660 aunum,
2370 1603 2526 1653 Geta!
2562 1605 2664 1653 Ph.
2683 1605 2753 1669 iii,
2778 1610 2830 1656 1.

1774 1674 1836 1719 18
1870 1669 2043 1718 Venire
2068 1684 2117 1716 sa
2134 1682 2242 1716 vom
2264 1669 2437 1732 volupe
2454 1677 2528 1718 est
2574 1670 2664 1718 Pb.
2684 1670 2750 1725 iv,
2772 1674 2829 1720 3.

1772 1740 1817 1783 6’
1856 1733 2016 1798 Atque
2031 1733 2081 1780 in
2101 1729 2275 1790 alienas
2294 1735 2474 1797 tegulas
2496 1735 2676 1782 venisse
2696 1729 2832 1800 clena

1773 1798 1929 1848 culum
1952 1813 2037 1861 per
2053 1797 2327 1861 impluvium
2361 1797 2453 1858 Eu:
2468 1797 2537 1860 iii,
2552 1805 2601 1847 6.
2618 1803 2679 1848 41
2712 1797 2833 1858 Aoi,

1774 1863 2024 1918 Parmeno,
2043 1862 2165 1910 intro
2180 1863 2201 1923 '3
2246 1879 2302 1910 ae
2339 1867 2415 1910 me‘
2445 1862 2643 1920 veniss'e,
2663 1855 2835 1910 nuntii

1775 1927 1870 1974 He.
1899 1925 1971 1984 iii,
2010 1931 2056 1976 1.
2094 1931 2157 1975 34
2194 1925 2411 1975 'Gaudeo
2450 1928 2633 1976 venisse
2652 1925 2833 1975 salvom·

1775 1991 1871 2040 He.
1895 1991 1965 2046 iii,
1986 1995 2035 2040 2.
2054 1997 2117 2040 18
2166 1991 2277 2039 Una
2298 2007 2493 2056 propere
2515 1991 2839 2056 praecucurrit,

1778 2056 1997 2103 nuntians
2020 2072 2093 2103 me
2114 2056 2296 2104 venisse
2344 2057 2436 2104 He.
2460 2057 2530 2114 iii,
2552 2061 2601 2106 3.
2624 2061 2685 2107 12
2726 2055 2835 2104 Ve-'

1777 2121 1899 2168 nisse
1918 2121 2079 2166 aiunt:
2114 2121 2275 2168 redeat
2306 2121 2398 2171 He.
2417 2121 2487 2178 iii,
2506 2127 2555 2169 6.
2572 2126 2604 2172 2
2634 2119 2839 2169 Venisse

1778 2201 1858 2232 eas
1880 2185 2047 2242 salvas,
2063 2184 2221 2232 audivi
2243 2202 2299 2233 ex
2323 2195 2484 2246 nauta,
2499 2187 2581 2249 qui
2597 2185 2698 2232 illas
2722 2201 2838 2233 vex-

1781 2256 1880 2298 erat
1932 2249 2022 2298 Ph.
2060 2249 2125 2304 iv,
2165 2254 2210 2298 1.
2242 2254 2276 2299 9
2328 2250 2385 2298 Id
2425 2259 2670 2314 propterea
2705 2265 2839 2298 nuuc

1781 2315 1909 2362 hunc
1930 2314 2193 2362 venientem
2216 2313 2383 2378 seqbor
2429 2313 2493 2362 A.
2517 2314 2572 2374 ii,
2592 2320 2641 2362 6.
2664 2317 2694 2362 3
2731 2313 2841 2383 Ob3·

1783 2378 2019 2426 servabam
2044 2393 2179 2426 mane
2212 2378 2395 2426 illorum
2416 2379 2841 2426 servulos'venien-

1783 2451 1855 2491 tes
1876 2453 1958 2491 aut
1989 2442 2213 2491 abeuntes
2267 2442 2330 2491 A.
2367 2445 2401 2504 i,
2434 2447 2478 2493 1.
2502 2447 2566 2492 5⁷
2621 2442 2671 2491 Is
2692 2443 2843 2491 hodie

1783 2514 2029 2553 venturum
2050 2508 2112 2553 ad
2136 2522 2209 2555 me
2230 2507 2467 2555 constituit
2496 2508 2685 2553 domum
2736 2506 2843 2558 Eu.

1783 2570 1818 2625 ἱ,
1835 2574 1885 2619 2.
1912 2573 2003 2619 126
2058 2570 2162 2617 Aut
2196 2585 2299 2617 eum
2335 2576 2571 2617 venturam
2601 2570 2763 2617 dixero
2786 2580 2849 2619 et

1784 2632 2087 2681 constituero.
2150 2632 2326 2697 Aliquo
2348 2642 2485 2696 pacto
2508 2634 2649 2682 verba
2668 2650 2744 2683 me
2764 2634 2847 2683 his

1786 2698 1997 2745 daturam
2015 2712 2133 2756 esse,
2154 2705 2203 2745 et
2226 2707 2460 2745 venturam
2494 2696 2621 2749 Hes.
2634 2699 2702 2756 iv,
2720 2703 2771 2748 4.
2787 2704 2843 2749 4.

1788 2764 1851 2811 13
1884 2761 1974 2817 Tu,
1999 2760 2141 2819 Geta,
2165 2764 2241 2809 abi
2263 2778 2378 2827 prae,
2396 2762 2563 2809 nuntia
2584 2764 2706 2812 hane
2726 2779 2844 2810 ven-

1788 2834 1935 2873 turam
1970 2826 2061 2874 Ph.
2083 2844 2126 2882 v,
2150 2832 2198 2876 2.
2223 2831 2285 2875 12
2320 2826 2414 2874 Ubi
2432 2836 2619 2875 ventum
2638 2828 2697 2875 ad
2715 2828 2846 2876 aedes

1785 2897 1877 2945 est,
1899 2888 2079 2938 Dromo
2119 2891 2270 2953 pultat
2306 2891 2429 2939 fores
2484 2890 2606 2940 Hea.
2629 2892 2683 2949 ii,
2703 2896 2753 2941 3.
2775 2896 2844 2943 34

1790 2952 1999 3001 Ventum
2043 2962 2114 3002 est
2137 2973 2149 3003 τ
2203 2955 2434 3004 vincimur
2487 2956 2577 3004 Ph.
2613 2956 2655 3019 i,
2686 2960 2739 3004 2.
2776 2962 2841 3007 85

1790 3017 2045 3083 Postquam
2067 3021 2128 3067 ad
2145 3018 2333 3082 judices
2353 3029 2545 3068 ventum
2566 3028 2641 3068 est
2676 3020 2767 3069 Ph.
2788 3020 2846 3077 ii,

1790 3086 1840 3132 1.
1861 3088 1923 3132 63
1982 3083 2079 3141 Qui
2114 3084 2245 3140 mihi,
2279 3084 2360 3131 uhi
2381 3088 2443 3132 ad
2468 3099 2631 3133 uxores
2650 3092 2843 3133 ventum

1789 3154 1879 3202 est,
1902 3156 2000 3195 tum
2022 3148 2141 3195 fiunt
2160 3164 2294 3196 senes
2328 3148 2419 3199 Ph.
2442 3167 2489 3206 v,
2511 3154 2561 3202 8.
2584 3154 2647 3199 21
2672 3150 2700 3165 ’

1856 3211 2033 3260 Venor.
2076 3214 2176 3261 Aut
2196 3229 2342 3277 equos
2360 3214 2501 3271 alere,
2520 3221 2605 3262 aut
2622 3228 2762 3262 canes
2782 3214 2847 3279 ad

1790 3276 2058 3325 venandum
2089 3278 2159 3327 A.
2176 3278 2211 3334 i,
2236 3284 2281 3327 1.
2304 3281 2369 3326 30
2818 3276 2829 3285 “

1856 3340 2049 3389 Venter.
2082 3342 2188 3390 Nisi
2212 3342 2437 3405 sequitur,
2456 3357 2638 3407 pugnos
2659 3342 2711 3391 in
2733 3359 2843 3407 ven·

1791 3411 1907 3453 trem
1928 3405 2087 3469 ingere
2118 3406 2209 3454 Ph.
2230 3422 2277 3463 v,
2301 3412 2351 3456 7.
2374 3412 2436 3455 96
2784 3404 2790 3409 “
2832 3414 2837 3421 '

1858 3469 2111 3518 Ventulus.
2144 3471 2278 3533 Cape
2298 3472 2389 3519 hoe
2402 3471 2851 3528 flabellum,etven·

1794 3532 1943 3581 tulum
1966 3536 2076 3583 huie
2098 3535 2165 3584 sic
2185 3534 2348 3593 facito,
2363 3538 2475 3584 dum
2496 3537 2698 3584 lavamus
2750 3536 2851 3585 Eu.

1793 3598 1864 3652 iii.
1886 3604 1934 3647 5.
1953 3604 2016 3647 47

1861 3661 2042 3711 Venus.
2106 3663 2217 3711 Sine
2236 3664 2405 3713 Cerere
2436 3672 2487 3712 et
2517 3664 2689 3714 Libero
2710 3666 2852 3735 friget

1795 3726 1957 3775 Venus
1990 3728 2081 3775 Eu.
2104 3728 2167 3786 iv,
2189 3734 2237 3779 5.
2260 3733 2293 3778 ὃ

1860 3790 2112 3843 Venustas.
2177 3792 2298 3849 Quis
2331 3810 2405 3841 me
2442 3802 2514 3842 est
2552 3796 2851 3851 fortunatior,

1796 3858 2143 3920 venustatisque
2164 3858 2285 3905 adeo
2307 3858 2525 3921 plenior?
2566 3860 2850 3923 Antiquam-

1796 3936 1887 3983 que
1906 3922 2026 3968 adeo
2049 3930 2175 3972 tuam
2198 3930 2487 3971 venustatem
2520 3924 2705 3975 obtines
2748 3922 2846 3987 He.

1796 4001 1824 4029 v
1868 3989 1915 4033 4.
1939 3988 1985 4035 8.
2010 3991 2073 4036 18

1828 4019 1844 4047 ’
1862 4048 2091 4105 venuste.
2133 4052 2290 4108 Quam
2312 4052 2533 4101 venuste!
2570 4053 2693 4117 quod
2713 4050 2855 4101 dedit

1796 4112 2082 4177 principium
2104 4115 2358 4166 adveniens
2378 4117 2392 4163 !
2426 4116 2517 4165 Eu.
2539 4118 2609 4180 iii,
2624 4122 2672 4167 2.
2692 4118 2727 4165 4

1860 4178 2117 4236 Venustus,
2162 4197 2208 4236 a,
2251 4197 2346 4229 um.
2414 4178 2479 4229 Et
2511 4183 2658 4243 voltu,
2699 4178 2855 4239 Sosis,

1798 4243 1919 4291 adeo
1940 4245 2172 4302 modesto,
2194 4246 2313 4293 adeo
2332 4255 2546 4305 venusto,
2564 4256 2617 4295 ut
2636 4245 2753 4295 nihil
2776 4252 2857 4293 su'-

1799 4323 1883 4370 pra
1912 4308 1975 4357 A.
2000 4310 2034 4368 i,
2056 4315 2099 4360 l.
2118 4314 2183 4361 03
2814 4314 2837 4325 ”’
