3192 4975
1199 435 1279 484 m
1329 434 1810 484 TEREN'NUM.

417 585 529 644 isse,
552 587 633 636 ubi
674 587 765 642 Eu.
786 603 835 644 ν,
854 591 905 636 7.
926 589 990 638 14
1046 585 1176 634 Illud
1209 586 1473 652 inceptum,

420 652 562 699 animi
617 660 688 700 est
741 652 967 714 pudentis
1024 652 1229 714 signum,
1282 658 1332 700 et
1374 665 1471 699 non

418 715 643 764 instrenui
690 715 810 764 Hea.
850 717 887 772 i,
912 721 959 765 1.
982 719 1048 764 68
1111 715 1323 778 Clitipho
1368 731 1473 763 cum

415 794 500 842 spe
523 780 747 841 pendebit
764 780 911 828 animi
942 779 1065 827 Hes.
1101 778 1167 834 iv,
1204 783 1253 828 4.
1293 785 1323 828 5
1380 779 1477 826 Vix

415 858 513 890 sum
547 858 739 906 compos
762 845 937 893 animi:
973 844 1040 891 ita
1060 844 1201 890 ardeo
1236 843 1475 892 iracundia

414 905 510 954 Ad.
532 907 600 962 iii,
623 913 673 958 2.
695 912 759 957 12
807 907 1079 956 Discrucior
1099 906 1243 954 animi
1276 906 1373 956 Ad.
1406 908 1473 964 iv,

414 974 461 1020 4.
486 976 504 1019 1
546 971 675 1027 Quid
699 972 767 1018 illi
789 973 981 1021 tandem
1002 971 1190 1020 creditis
1212 972 1309 1018 fore
1332 971 1475 1019 animi

415 1034 614 1083 misero?
646 1034 744 1083 Ad.
764 1035 833 1092 iv,
853 1042 901 1086 5.
924 1040 987 1085 32
1026 1035 1153 1083 Fecit
1172 1035 1313 1083 animi
1332 1041 1385 1082 ut
1400 1037 1473 1082 in-

412 1106 567 1146 certus
587 1100 709 1147 foret
742 1099 837 1148 He.
857 1100 894 1156 i,
916 1104 965 1149 2.
986 1103 1053 1148 46
1085 1099 1349 1146 Advorsum
1370 1099 1473 1146 ani·

413 1162 478 1209 mi
502 1163 575 1210 tui
597 1163 857 1211 lubidinem
888 1174 1011 1212 esset
1030 1179 1135 1212 cum
1168 1163 1251 1211 illo
1286 1163 1471 1226 nupta?

412 1225 513 1276 He.
533 1226 604 1285 iv,
627 1232 673 1276 1.
698 1232 759 1277 19
793 1227 943 1284 Erras,
966 1228 1034 1274 tui
1056 1227 1199 1274 animi
1214 1227 1252 1274 si
1276 1243 1351 1276 me
1372 1242 1473 1276 esse

411 1290 626 1353 ignarum
670 1298 805 1352 putas
837 1291 931 1340 He.
970 1292 1038 1347 iv.
1057 1296 1107 1343 4.
1135 1296 1200 1340 60
1253 1291 1473 1354 Antipho

410 1369 489 1402 me
526 1354 761 1402 excruciat
796 1355 938 1405 animi
968 1355 1060 1404 Ph.
1098 1355 1133 1413 i,
1152 1359 1202 1404 4.
1234 1361 1297 1405 10
1351 1356 1474 1412 Quae

411 1433 519 1466 meo
552 1434 738 1482 cunque
770 1420 925 1468 animo
960 1418 1157 1468 lubitum
1190 1427 1281 1476 est,
1321 1420 1475 1468 facere

413 1480 477 1530 A.
499 1482 599 1538 i‚5.
622 1487 687 1532 28
720 1481 874 1539 Quam
908 1485 1063 1532 animo
1101 1482 1287 1547 egregie
1321 1499 1475 1532 caram

412 1561 497 1610 pro
520 1562 660 1594 uxore
689 1547 927 1596 habuerim
959 1547 1023 1596 A.
1060 1548 1099 1604 i,
1119 1554 1169 1596 5.
1193 1552 1257 1597 88
1311 1546 1475 1612 Atque

413 1611 569 1658 animo
590 1627 764 1659 morem
786 1628 969 1675 gessero
1002 1611 1065 1660 A.
1086 1612 1150 1669 iv,
1172 1615 1215 1661 1.
1230 1616 1291 1662 17
1321 1611 1362 1659 T
1362 1627 1473 1660 ene-

414 1690 507 1722 one
527 1683 591 1730 te.
614 1674 885 1738 Antiphila,
907 1677 1065 1725 aniruo
1086 1683 1309 1738 exoptata
1330 1677 1474 1724 meo?

413 1738 537 1788 Heu.
558 1738 611 1796 ii,
633 1744 682 1789 4.
705 1743 771 1788 28
801 1739 905 1788 Aut
924 1748 971 1788 te
992 1756 1147 1790 amare
1168 1741 1362 1802 cogitat,
1392 1747 1475 1788 aut

412 1803 569 1860 animo
590 1804 789 1866 ,obsequi
820 1803 918 1853 Ad.
936 1805 973 1859 i,
998 1809 1047 1855 1.
1074 1807 1103 1850 :³
1140 1803 1316 1852 Animo
1352 1804 1473 1853 male

412 1874 485 1914 est
517 1867 615 1916 Ad.
645 1866 713 1924 iv,
742 1874 791 1916 5.
826 1873 885 1918 21
949 1869 1067 1916 Fieri
1092 1883 1279 1931 posse:
1320 1876 1374 1916 ut
1412 1884 1475 1916 ne

412 1930 528 1994 quid
548 1930 705 1979 animo
726 1932 789 1979 sit
807 1948 981 1980 norum
1016 1934 1105 1982 Ph.
1126 1934 1176 1989 ii,
1204 1937 1248 1983 1.
1274 1938 1335 1983 15
1370 1933 1475 1981 Ho-

412 2010 513 2042 rum
541 1996 659 2043 nihil
691 1995 941 2060 quicquam
974 1997 1161 2046 accidet
1190 1997 1349 2046 animo
1381 2013 1468 2045 no-

412 2075 523 2106 vum
555 2060 646 2109 Pb.
672 2061 723 2116 ii,
750 2065 795 2108 1.
816 2066 880 2110 20
926 2061 1101 2121 Poeta,
1132 2077 1239 2110 cum
1274 2061 1471 2122 primum

412 2123 617 2171 animum
640 2125 700 2172 ad
722 2124 1018 2173 scribendum
1039 2126 1226 2188 appulit
1254 2124 1320 2172 A.
1342 2123 1474 2173 Ptol.

415 2192 443 2236 1
480 2188 673 2244 Quaeso.
695 2189 901 2237 animum
930 2190 1163 2238 advortite
1194 2188 1257 2238 A.
1290 2189 1419 2237 Prol.
1444 2193 1477 2238 8

415 2251 485 2300 Ut
504 2253 709 2300 animum
737 2254 797 2304 ad
836 2254 1027 2316 aliquod
1059 2253 1267 2300 studium
1303 2252 1473 2315 adjun-

414 2323 530 2380 gant
559 2315 623 2364 A.
640 2317 676 2371 i,
696 2323 743 2367 1.
766 2321 831 2366 29
865 2319 1099 2366 Percussit
1117 2318 1245 2366 illico
1268 2318 1471 2365 animum

414 2377 481 2428 A.
512 2380 547 2437 i,
571 2386 618 2432 l.
650 2385 717 2432 98
769 2381 885 2439 sivi,
924 2384 1133 2431 animum
1178 2389 1231 2430 ut
1266 2382 1477 2446 expleret

414 2459 549 2493 suum
582 2444 647 2497 A.
668 2446 703 2504 i,
725 2450 774 2496 2.
798 2451 858 2497 17
893 2447 1116 2499 Animum
1146 2456 1370 2511 aegrotum
1410 2447 1470 2495 ad

413 2511 689 2559 deteriorem
728 2519 905 2575 partem
928 2512 1147 2579 ‚applicat
1176 2512 1241 2562 A.
1280 2511 1312 2569 i,
1335 2517 1385 2562 2.
1407 2515 1472 2561 22

416 2573 572 2632 Cum,
593 2590 700 2638 quae
734 2591 887 2624 meum
922 2578 1127 2624 animum
1158 2577 1340 2625 divorse
1383 2584 1473 2623 tra-

414 2638 538 2686 hunt
567 2638 635 2687 A.
657 2639 692 2697 i,
712 2644 843 2690 5.25
896 2641 1018 2697 Quae
1051 2640 1168 2689 mihi
1203 2656 1337 2688 suum
1372 2639 1476 2687 ani·

417 2718 561 2759 mum,
594 2711 735 2767 atque
769 2703 912 2752 vitam
946 2706 1149 2754 credidit
1179 2703 1244 2754 A.
1280 2706 1314 2760 i.
1338 2710 1389 2753 5.
1411 2708 1475 2753 87

414 2764 689 2816 Reddidisti
710 2768 915 2825 animum
952 2769 1011 2816 Α.
1047 2770 1102 2825 ii,
1125 2774 1174 2818 1.
1196 2774 1259 2820 88
1314 2767 1477 2829 Atque

414 2831 629 2893 expleam
651 2833 859 2879 animum
882 2833 1052 2893 gaudio
1086 2832 1149 2879 A.
1172 2832 1331 2887 ἱί,2.2
1376 2830 1477 2877 Pri-

416 2910 614 2959 usquam
636 2903 788 2951 tuum,
827 2903 881 2941 ut
914 2910 1016 2943 sese
1050 2896 1237 2950 habeat,
1271 2894 1481 2941 animum

416 2960 480 3007 ad
503 2960 697 3021 nuptias
720 2958 1003 3020 perspexerit
1033 2959 1093 3008 A.
1130 2958 1182 3012 ii,
1206 2963 1253 3007 8.
1271 2961 1301 3006 4
1360 2956 1481 3005 Ani·

412 3038 549 3070 mum
587 3023 647 3070 ad
684 3037 871 3070 uxorem
914 3023 1099 3084 appulit
1152 3021 1219 3070 A.
1256 3021 1307 3078 ii,
1343 3027 1391 3071 6.
1418 3025 1478 3070 15

414 3086 699 3149 Priusquam
717 3087 943 3135 reducant
958 3087 1163 3135 animum
1178 3094 1403 3149 aegrotum
1418 3086 1480 3133 ad

418 3150 783 3199 misericordiam
814 3150 879 3201 A.
902 3151 974 3205 iii,
997 3156 1043 3202 3.
1065 3156 1127 3201 27
1175 3151 1227 3198 Si
1256 3151 1325 3197 ita
1359 3150 1479 3197 istuc

418 3216 627 3263 animum
650 3216 835 3264 induxti
870 3232 971 3265 esse
1008 3216 1123 3265 utile
1154 3214 1218 3263 A.
1242 3216 1323 3270 ,iii,
1345 3219 1392 3262 8.
1412 3218 1478 3263 40

419 3278 519 3335 Qui
562 3287 693 3327 tuum
734 3280 940 3327 animum
982 3296 1039 3327 ex
1080 3280 1235 3327 animo
1270 3277 1479 3341 spectavi

419 3358 529 3390 meo
561 3343 625 3394 A.
644 3345 709 3400 iv,
737 3349 782 3393 1.
804 3349 868 3393 22
902 3346 995 3393 Per
1016 3351 1062 3391 te
1084 3343 1215 3392 Deos
1230 3359 1331 3399 oro.
1349 3352 1401 3390 ut
1416 3358 1479 3389 ne

419 3405 517 3454 illis
537 3408 739 3455 animum
760 3408 959 3456 inducas
980 3410 1167 3455 credere
1200 3407 1266 3456 A.
1289 3425 1337 3464 v,
1356 3414 1399 3457 l.
1416 3413 1476 3458 15

422 3470 570 3527 Olim,
592 3488 699 3519 cum
720 3471 786 3519 ita
808 3473 1015 3520 animum
1036 3472 1221 3519 induxti
1244 3480 1375 3520 tuum
1412 3470 1475 3522 A.

418 3551 468 3592 v,
506 3539 555 3584 8.
578 3542 641 3586 12
690 3535 769 3583 Ad
804 3536 1029 3599 virginem
1064 3536 1271 3583 animum
1305 3535 1483 3597 adjecit

422 3598 519 3647 Eu.
553 3600 587 3655 i,
615 3604 672 3659 2.
706 3604 770 3649 63
826 3599 1028 3648 Advorti
1070 3601 1225 3648 hercle
1275 3599 1479 3647 animum

422 3661 514 3713 Eu.
536 3664 603 3720 iii,
629 3669 673 3713 1.
694 3668 725 3716 7
760 3662 859 3720 Qui
882 3665 993 3713 huic
1020 3665 1227 3712 animum
1258 3666 1482 3712 assentari

420 3727 669 3785 induxeris
695 3726 785 3778 Eu.
824 3729 892 3784 iii.
927 3734 975 3779 2.
1009 3734 1071 3779 87
1123 3728 1324 3777 Causam
1361 3729 1482 3776 hane

414 3790 596 3855 justam
616 3808 719 3841 esse
739 3792 945 3841 animum
967 3794 1179 3841 inducite
1211 3792 1328 3841 Hea.
1354 3792 1480 3842 Prol.

419 3860 482 3905 41
520 3857 644 3905 Eum
664 3872 769 3905 esse
786 3866 1013 3921 quaestum
1031 3858 1081 3905 in
1098 3858 1301 3905 animum
1318 3857 1481 3904 induxi

422 3922 674 3969 maximum
709 3921 831 3969 Hea.
848 3922 971 3972 Prol-
994 3926 1059 3971 49
1092 3922 1160 3970 Ut
1174 3922 1380 3977 animum
1397 3923 1482 3969 de·

420 3986 524 4033 cuit
544 3994 769 4049 aegrotum
793 3992 987 4033 tractare
1019 3986 1141 4036 Hea.
1173 3986 1211 4041 i.
1236 3989 1283 4035 1.
1302 3990 1367 4034 48
1399 3985 1481 4032 Ti-

424 4057 521 4097 met
540 4052 688 4113 patris
706 4050 821 4097 iram
841 4056 891 4100 et
911 4048 1113 4097 animum
1136 4051 1315 4106 amIcae,
1338 4065 1389 4097 se
1410 4064 1480 4097 er-

420 4128 483 4177 ga
506 4121 559 4171 ut
579 4113 667 4164 siet
688 4130 785 4162 ωε
816 4113 943 4163 Heu.
981 4114 1013 4169 i,
1034 4116 1084 4162 2.
1106 4119 1165 4163 15
1199 4112 1479 4178 opiniones,

420 4192 528 4240 quae
550 4178 663 4226 mihi
685 4179 891 4227 animum
909 4185 1172 4241 exaugeant
1202 4178 1323 4227 Hea.
1360 4177 1409 4235 ii,
1431 4180 1480 4225 2.

422 4245 465 4293 8,
488 4242 557 4291 Ut
575 4242 705 4291 illius
726 4243 931 4301 animum
950 4242 1185 4304 ‚cupidum
1218 4241 1378 4306 inopia
1406 4240 1479 4289 in·

422 4307 644 4357 canderet
674 4306 798 4357 Hea-
819 4307 871 4370 ii,
888 4310 935 4359 8.
960 4311 1055 4359 126
1108 4305 1203 4355 Ubi
1238 4306 1479 4355 immutata

2433 423 2610 488 xxi-x

1546 585 1748 654 (sonna)
1766 591 1856 641 est.
1874 583 1946 634 illi
1967 597 2106 632 suum
2123 583 2328 635 animum
2339 585 2610 640 aliocoufe-

1546 657 1657 700 runt
1687 649 1810 698 Hea-
1831 649 1883 706 ii,
1903 654 1954 699 4.
1979 655 2042 700 10
2083 649 2134 697 Si
2167 651 2308 699 semel
2343 659 2476 700 tuum
2505 655 2610 703 ani-

1547 731 1676 762 mum
1697 715 1776 762 ille
1800 715 2076 764 intellexerit
2107 713 2229 764 Hea.
2247 715 2319 770 iii,
2344 720 2389 764 1.
2407 721 2472 766 69
2501 717 2612 768 Nisi

1548 779 1668 827 mihi
1705 779 1840 826 addit
1877 779 2104 834 animum,
2144 793 2238 842 quo
2276 779 2434 828 lubeat
2465 783 2610 846 magis

1551 841 1674 892 Hea.
1698 843 1769 901 iii,
1789 847 1838 892 2.
1860 847 1920 892 81
1969 842 2100 891 Novi
2121 857 2210 906 ego
2231 844 2484 892 amantium
2506 847 2609 896 ani·

1550 922 1676 954 mum
1711 907 1832 955 Hea.
1872 907 1942 962 iii,
1967 911 2016 956 3.
2038 912 2072 956 9
2124 907 2348 955 Animum
2389 923 2485 956 nou
2527 912 2611 959 ad·

1551 973 1674 1019 vorti
1689 972 1884 1033 primum
1919 971 2042 1018 Hea.
2059 971 2124 1027 iv,
2145 976 2188 1019 1.
2204 975 2269 1020 48
2303 971 2372 1020 Ut
2387 971 2490 1036 ejus
2507 974 2610 1022 ani-

1548 1035 1800 1146 mpmhqni
1817 1051 1943 1146 rame
1961 1035 2210 1149 Ιιιιιιιήῗὲῐ
2221 1035 2611 1149 Ιῦιὲἱτίιιὲἰθιιὶτ,

1549 1113 1794 1147 renuam
1875 1115 2020 1156 cmv.
2076 1134 2091 1148 .
2377 1115 2610 1150 arom·

1548 1178 1656 1212 nem
1678 1164 1740 1212 de
1761 1179 1836 1212 me
1857 1163 2047 1227 ejecerit
2061 1163 2268 1212 animum
2291 1116 2466 1228 pneris?
2490 1165 2614 1216 Hes.

1547 1243 1599 1287 v,
1621 1232 1671 1277 2.
1695 1231 1727 1277 2
1760 1227 1985 1285 Obsecro,
2017 1243 2078 1276 ne
2097 1229 2220 1276 istuc
2238 1228 2293 1275 in
2311 1229 2518 1278 animum
2537 1231 2610 1278 iu·

1548 1290 1695 1340 ducas
1719 1300 1867 1347 tuum,
1891 1292 2092 1340 alienum
2113 1307 2216 1340 esse
2251 1299 2298 1340 te
2330 1293 2454 1343 Hea.
2487 1311 2535 1351 v,
2557 1298 2610 1346 4.

1548 1360 1577 1403 5
1615 1355 1768 1419 Hejal
1790 1364 1844 1404 ut
1862 1356 2052 1420 elegans
2073 1357 2168 1404 estl
2211 1358 2374 1406 credas
2405 1357 2612 1408 animum

1544 1417 1614 1467 ibi
1637 1435 1738 1469 esse
1769 1420 1892 1469 Hea.
1913 1437 1960 1476 ν,
1976 1427 2025 1470 5.
2052 1425 2114 1470 19
2147 1420 2282 1469 Vah!
2305 1422 2540 1470 bominem
2557 1422 2612 1472 iu

1547 1483 1754 1531 animum
1775 1484 2037 1540 instituere,
2059 1491 2141 1532 aut
2168 1500 2348 1549 parare.
2385 1486 2514 1550 quod
2549 1487 2614 1536 sit

1547 1548 1733 1596 carius?
1767 1547 1866 1597 Ad.
1887 1549 1923 1605 i,
1948 1553 1994 1597 1.
2017 1552 2076 1598 18
2110 1550 2230 1598 Mea
2243 1549 2310 1598 sic
2325 1557 2398 1598 est
2409 1551 2544 1606 ratio,
2563 1559 2614 1600 et

1547 1611 1616 1659 sic
1647 1611 1854 1660 animum
1880 1612 2056 1661 induco
2094 1629 2248 1662 meum
2281 1613 2378 1665 Ad.
2415 1615 2452 1674 i,
2477 1620 2522 1665 l.
2543 1619 2610 1666 48

1547 1673 1694 1740 Age;
1721 1678 1832 1724 novi
1867 1685 1998 1724 tuum
2019 1676 2224 1725 animum
2257 1676 2356 1728 Ad.
2393 1677 2444 1736 ii,
2475 1683 2524 1728 2.
2547 1683 2609 1729 15

1546 1738 1806 1804 Nunquam
1829 1748 1875 1790 te
1895 1741 2048 1798 aliter,
2071 1749 2214 1805 atque
2233 1758 2302 1798 es.
2325 1743 2374 1790 in
2395 1743 2606 1792 animum

1546 1803 1714 1852 induxi
1735 1821 1888 1854 meum
1921 1805 2018 1854 Ad.
2051 1806 2114 1862 iv,
2139 1809 2186 1856 8.
2208 1811 2242 1856 6
2283 1806 2364 1854 Illi
2401 1808 2608 1857 animum

1539 1866 1644 1929 jam
1677 1870 1917 1927 relevabis,
1954 1886 2060 1933 qum
2093 1870 2256 1919 dolore
2281 1872 2479 1920 tabescit
2509 1869 2610 1922 Ad.

1545 1933 1616 1989 iv,
1638 1937 1684 1984 8.
1712 1939 1765 1982 ll
1801 1934 1930 1982 Scire
1951 1943 2024 1982 est
2044 1935 2240 1982 liberum
2263 1935 2518 1998 ingenium,
2537 1943 2608 1982 at-

1546 2011 1642 2060 que
1664 1998 1872 2046 animum
1903 1997 2003 2046 Ad.
2029 2015 2074 2054 v,
2098 2004 2146 2049 8.
2167 2005 2230 2048 48
2265 1999 2478 2061 Populus
2510 2006 2609 2047 stu-

1546 2061 1630 2108 dio
1647 2063 1863 2124 stupidus
1895 2063 1946 2109 in
1978 2063 2252 2110 funambulo
2287 2063 2495 2110 animum
2528 2079 2610 2111 oc·

1548 2133 1744 2186 cuparat
1773 2125 1868 2173 He.
1889 2125 2018 2173 Prol.
2039 2133 2068 2174 5
2103 2126 2227 2172 Eum
2241 2141 2344 2174 esse
2395 2135 2610 2184 nestum,

1547 2186 1599 2235 in
1623 2189 1828 2236 animum
1859 2188 2058 2248 induxi3
2097 2189 2346 2238 maximum
2429 2190 2610 2241 e.-Alt.

1549 2253 1680 2302 Prol.
1703 2257 1768 2302 42
1803 2252 1871 2301 Ut
1890 2253 1973 2301 ille
1994 2253 2100 2301 viva
2123 2260 2285 2317 posset
2303 2253 2508 2302 animum
2535 2255 2611 2302 in*

1548 2317 1720 2364 ducere
1744 2333 1929 2366 uxorem
1950 2319 2120 2366 habere
2151 2318 2246 2366 He.
2267 2317 2304 2373 i,
2326 2323 2373 2368 2.
2395 2323 2458 2367 24
2492 2317 2612 2366 Om-

1546 2381 1626 2428 nia
1663 2397 1781 2438 esse,
1821 2391 1874 2430 ut
1901 2382 2040 2443 dicis,
2067 2383 2274 2430 animum
2303 2382 2480 2431 induco
2512 2383 2610 2435 He.

1545 2445 1602 2504 ii,
1625 2449 1672 2495 2.
1694 2451 1758 2497 22
1803 2446 1876 2495 Ita
1899 2447 2428 2508 animumjnduxerunt,
2451 2463 2610 2497 socrus

1546 2526 1710 2559 omnes
1731 2527 1833 2560 esse
1851 2513 2038 2576 iniquas
2053 2513 2164 2563 -He.
2184 2514 2238 2569 ii,
2260 2516 2308 2563 8.
2329 2518 2360 2563 4
2413 2512 2535 2571 Quae
2557 2521 2610 2561 tu

1548 2576 1788 2638 pergravia
1807 2592 1909 2625 esse
1928 2578 1982 2624 in
2011 2577 2218 2625 animum
2251 2578 2439 2625 induxti
2453 2611 2460 2615 -
2475 2585 2608 2625 tuum

1548 2638 1643 2686 He.
1681 2640 1748 2696 iii,
1775 2646 1819 2689 1.
1851 2644 1914 2689 12
1963 2640 2210 2689 Habebam
2247 2641 2359 2688 alibi
2400 2641 2610 2690 animum

1548 2703 1698 2750 amori
1712 2705 1922 2752 deditum
1956 2704 2050 2753 He.
2072 2704 2144 2759 iii,
2164 2709 2210 2757 1.
2227 2709 2290 2755 14
2321 2705 2610 2768 Ῑωρεάἱωιιι

1548 2766 1618 2819 in,
1641 2783 1700 2813 ea
1733 2768 1950 2829 expedivi
1981 2768 2188 2815 animum
2225 2784 2382 2815 meum
2415 2770 2510 2817 He.
2543 2770 2613 2825 iii,

1552 2834 1602 2879 1.
1625 2834 1706 2879 17.
1721 2829 1834 2876 Non
1852 2838 1952 2877 tute
1969 2831 2312 2877 incommodam
2328 2847 2426 2879 rem
2441 2833 2493 2878 in
2509 2832 2613 2879 ani-

1553 2909 1681 2941 mum
1701 2894 1896 2943 inducas
1918 2893 2052 2957 pati?
2087 2893 2180 2942 He.
2213 2894 2278 2956 iv,
2299 2900 2349 2944 2.
2373 2899 2436 2944 27
2482 2894 2614 2945 Istuc

1552 2965 1626 3004 est
1646 2972 1824 3021 sapere,
1848 2958 1949 3022 qui,
1971 2959 2255 3021 ubicumque
2277 2960 2398 3021 opus
2414 2959 2490 3016 sit,
2509 2960 2612 3007 ani-

1552 3034 1682 3068 mum
1776 3022 1862 3069 sais
1894 3023 2080 3071 flectere
2114 3022 2207 3072 He.
2243 3024 2306 3078 ir,
2331 3026 2379 3073 8.
2404 3028 2436 3073 2
2489 3023 2612 3073 Cum

1552 3084 1658 3147 ejus
1678 3102 1707 3133 a
1726 3086 1880 3133 ienum
1901 3102 2002 3135 esse
2023 3101 2052 3133 a
2073 3102 2147 3133 me
2179 3086 2388 3134 animum
2413 3088 2610 3137 sentiam

1551 3148 1645 3199 He.
1669 3149 1731 3204 iv,
1754 3153 1802 3200 4.
1825 3154 1890 3199 86
1940 3150 2152 3198 Tandem
2187 3152 2279 3200 huc
2319 3152 2526 3198 animum
2561 3159 2616 3199 ut

1550 3214 1782 3276 adjungas
1821 3222 1950 3261 tuum
1985 3214 2076 3264 He.
2114 3214 2180 3269 iv,
2201 3220 2251 3263 4.
2271 3219 2332 3264 61
2386 3213 2613 3263 Animum

1548 3294 1726 3327 rursum
1761 3280 1822 3326 ad
1841 3280 2126 3327 meretricem
2146 3278 2332 3327 induxti
2353 3287 2486 3327 tuum
2517 3280 2615 3330 He.

1550 3342 1615 3399 iv,
1635 3350 1684 3393 4.
1707 3347 1770 3392 67
1825 3342 2087 3395 Abhorrere.
2107 3345 2312 3393 animum
2335 3344 2446 3393 huic
2473 3343 2612 3393 video

1551 3422 1581 3453 a
1601 3407 1779 3470 nuptiis
1811 3407 1906 3457 He.
1942 3408 2005 3463 iv,
2027 3411 2076 3457 4.
2097 3412 2160 3458 92
2217 3408 2367 3472 Exple
2403 3408 2611 3457 animum

1550 3472 1612 3519 iis
1645 3471 1738 3521 He.
1762 3489 1809 3528 v.
1834 3477 1880 3521 1.
1901 3476 1984 3522 28.
2019 3488 2063 3527 v,
2085 3476 2136 3521 2.
2156 3475 2233 3520 19.
2258 3478 2319 3521 21
2353 3472 2612 3536 Nunquam

1553 3536 1760 3583 animum
1798 3535 1965 3599 quaesti
2001 3536 2150 3599 gratia
2179 3536 2238 3583 ad
2279 3535 2423 3583 malas
2461 3538 2612 3584 addu-

1553 3616 1658 3648 cam
1683 3607 1835 3663 partes
1866 3599 1960 3648 He.
1979 3615 2030 3654 v,
2051 3604 2098 3648 8.
2116 3605 2180 3650 88
2223 3599 2276 3647 N
2281 3616 2371 3647 unc
2393 3602 2510 3663 quid
2531 3616 2614 3648 ve·

1554 3664 1653 3721 lim,
1714 3665 1920 3712 animum
1960 3664 2190 3713 attendite
2244 3663 2334 3711 Ph.
2379 3663 2505 3711 Prol.
2549 3668 2611 3713 25

1555 3728 1681 3776 Cura
1714 3730 1816 3777 haee
1854 3736 2047 3791 angeret
2079 3728 2286 3774 animum
2320 3728 2413 3776 Ph.
2453 3726 2488 3782 i,
2509 3732 2558 3779 8.
2579 3732 2612 3775 8

1556 3792 1633 3839 Ita
1653 3808 1755 3840 sum
1775 3793 1992 3847 irritatus,
2017 3791 2222 3838 animum
2242 3798 2299 3838 ut
2310 3806 2540 3854 nequeam
2553 3792 2616 3838 ad

1554 3856 1858 3919 cogitandum
1876 3856 2116 3903 instituere
2133 3855 2222 3903 Ph.
2243 3855 2294 3909 ii,
2314 3859 2362 3903 1.
2381 3860 2442 3903 10
2469 3854 2613 3903 Haud

1555 3921 1673 3976 scio,
1695 3930 1750 3969 ut
1768 3923 1908 3969 homo
1930 3927 2100 3976 est,.an
2121 3926 2271 3967 mutet
2293 3918 2496 3965 animum
2507 3920 2613 3969 Ph.

1554 4001 1602 4041 v,
1625 3989 1672 4034 2.
1694 3989 1727 4033 9
1776 3986 1852 4033 Ita
1871 3984 2078 4032 animum
2099 3984 2223 4045 coepi
2253 3984 2494 4030 attendere
2525 3982 2615 4035 Ph.

1554 4064 1604 4106 v,
1623 4054 1674 4099 6.
1697 4054 1764 4099 28
1794 4049 1968 4097 Anime
1983 4049 2067 4104 mi,
2090 4047 2188 4095 noli
2211 4054 2258 4094 te
2286 4062 2517 4095 macerare
2549 4046 2614 4097 A.

1552 4113 1618 4169 iv,
1642 4118 1688 4162 2.
1711 4118 1742 4163 2
1774 4113 1854 4162 Ne
1872 4112 2028 4161 crucia
2037 4120 2112 4166 .te.
2135 4112 2347 4168 obsecro,
2377 4111 2528 4161 anime
2549 4113 2616 4160 mi

1553 4177 1646 4225 Eu·
1667 4178 1705 4232 i.
1726 4183 1776 4228 2.
1803 4183 1862 4228 15
1895 4176 2052 4237 Salve,
2071 4175 2228 4223 aniine
2249 4176 2316 4223 mi
2345 4174 2470 4226 Hea.
2489 4176 2539 4232 ii,
2561 4180 2613 4226 4.

1551 4245 1618 4289 26
1663 4241 1842 4289 Adeste
1884 4256 2020 4305 aequo
2061 4240 2218 4287 animo
2268 4239 2334 4289 A.
2372 4241 2500 4289 Prol.
2535 4245 2618 4289 24.

1552 4305 1680 4355 Hea.
1703 4304 1830 4359 Ptol.
1851 4309 1934 4356 85.
1969 4304 2156 4361 Phorm.
2179 4304 2307 4364 I’rol.
2330 4307 2389 4356 81
2425 4305 2525 4363 Qui
2541 4318 2618 4351 me
