3192 4975
1212 436 1292 489 m
1341 417 1819 489 runssnrmm‘.

410 580 698 649 lepidissime
729 582 828 633 Ad.
848 599 898 647 r,
917 588 972 637 7.
995 587 1078 634 1⁸·
1111 582 1162 633 Ο

411 648 782 714 lepidissimum!
823 648 910 698 Eu.
931 650 1002 712 iii,
1020 652 1070 699 3.
1092 654 1156 700 25

425 764 432 769 ,
477 715 652 779 Lepus.
714 714 780 762 Le
819 730 872 761 us
894 721 996 762 tute
1016 729 1086 769 es,
1107 721 1160 762 et
1179 713 1466 778 pulpamen-

416 784 518 827 tum
537 777 740 843 querit?
816 795 866 827 u.
888 778 963 835 iii,
987 783 1035 827 1.
1058 782 1124 827 36

476 842 664 891 Leobia.
729 842 946 891 Lesbiam
967 841 1142 890 adduci
1171 840 1313 906 jubeo
1344 839 1409 889 A.
1430 839 1467 898 i,

412 911 464 956 4.
489 912 515 957 1
569 907 650 955 Ita
683 906 763 971 pol
801 907 995 970 quidem
1015 921 1088 954 ree
1109 917 1202 969 est,
1237 911 1293 953 nt
1329 904 1471 969 dixti,

411 968 588 1018 Lesbia
618 969 686 1019 A.
708 971 778 1026 iii,
801 975 852 1019 1.
881 975 906 1019 1

481 1034 640 1093 Levia,
660 1050 708 1084 e.
771 1033 950 1083 Omnes
968 1033 1090 1081 mihi
1121 1032 1302 1082 labores
1321 1032 1470 1107 fuere,

407 1096 1472 1226 ffiiesspssaffgrssffissssssrifaeffffffi

413 1228 566 1277 tentia
597 1226 691 1275 He.
713 1226 787 1286 iii,
811 1231 856 1276 1.
878 1230 943 1278 32
987 1226 1119 1283 Quas
1139 1226 1338 1274 antehac
1358 1225 1474 1274 fecit

413 1292 616 1349 fabulas,
638 1290 771 1339 tenui
788 1306 893 1339 esne
913 1292 1142 1346 oratione,
1177 1298 1227 1338 et
1245 1289 1474 1353 scriptun

415 1357 513 1406 levi
544 1355 634 1403 Pb.
657 1353 784 1403 Ptol.
805 1360 834 1403 5
884 1353 1012 1403 Olim
1033 1354 1225 1429 quidem
1249 1360 1298 1402 te
1318 1368 1474 1401 cauaae

416 1419 724 1483 impellebant
753 1418 882 1467 leven
918 1418 1016 1467 He.
1047 1417 1120 1474 iii,
1141 1422 1190 1467 4.
1214 1422 1276 1467 12
1331 1416 1475 1466 Pueri

414 1485 538 1533 inter
573 1498 675 1531 seue
710 1497 852 1559 quarn
887 1498 972 1547 pro
1009 1481 1190 1557 levibus
1211 1480 1366 1529 noxiis
1387 1481 1476 1530 iraa

415 1546 1162 1675 {aiffl‘ffitwassxssepiffi
1183 1552 1310 1657 :2¹55
1311 1561 1454 1659 '2123
1456 1553 1477 1671 ξ

416 1676 468 1725 id
491 1676 596 1723 leve
613 1683 690 1723 eat
719 1674 815 1723 He.
831 1691 881 1733 v,
896 1680 948 1725 2.
967 1681 1026 1724 15
1062 1673 1211 1723 Levia
1227 1682 1339 1722 sunt
1358 1675 1480 1737 hec,

417 1755 526 1803 quae
545 1748 598 1787 tu
704 1739 863 1801 gravia
881 1754 984 1789 eaae
999 1738 1050 1785 in
1065 1738 1270 1787 animum
1291 1737 1478 1786 induxti

418 1812 550 1852 tuum
637 1818 684 1853 e.
702 1802 772 1860 iii,
796 1806 846 1855 1.
871 1808 933 1853 12
965 1802 1122 1851 Nolo:
1149 1818 1239 1851 nec
1256 1800 1476 1850 leviorem

415 1868 578 1930 vobis,
619 1865 818 1916 viderier
857 1866 1088 1916 immerito
1130 1866 1227 1915 He.
1259 1882 1306 1928 v,
1337 1871 1388 1915 1.
1411 1871 1478 1917 32

417 1931 548 1980 Cum
585 1932 695 1987 boc,
733 1931 862 1995 quod
904 1931 1051 1979 levius
1072 1938 1162 1988 eat,
1201 1938 1297 1979 tam
1317 1930 1477 1979 animo

418 1994 649 2044 iracundo
671 1995 780 2043 tulit
811 1995 908 2044 He.
929 1994 996 2051 iv,
1021 2000 1068 2044 1.
1089 1999 1153 2045 53

425 2094 435 2100 -
483 2060 634 2109 Lero.
696 2058 913 2121 Sperabit
954 2064 1156 2107 sumtum
1201 2057 1293 2106 cibi
1335 2072 1478 2107 senex

419 2122 628 2171 levatum
647 2137 750 2171 esse
771 2124 934 2171 barum
955 2123 1087 2170 abitu
1120 2122 1245 2170 Hea.
1265 2123 1336 2183 iv,
1347 2126 1398 2171 4.
1412 2125 1478 2173 24

484 2187 605 2235 Lex.
666 2186 766 2234 Lex
801 2194 891 2244 est,
911 2193 967 2235 ut
985 2187 1129 2243 orbae,
1161 2187 1243 2249 qui
1265 2196 1375 2233 aunt
1395 2202 1478 2249 ge-

421 2383 490 2427 76
539 2378 725 2427 Invitus
745 2378 871 2427 feci:
904 2331 1005 2427 lexJ
1017 2375 1194 2441 coegit.
1260 2375 1479 2427 Etiamne

423 2442 476 2492 id
517 2443 590 2492 lex
628 2441 717 2492 coe
752 2442 824 2492 ‘t?
858 2442 951 2495 Ph.
981 2442 1033 2500 ii,
1058 2447 1104 2492 1.
1125 2448 1176 2493 6.
1202 2447 1234 2492 8
1287 2441 1400 2500 Sed,
1427 2442 1477 2490 id

423 2509 556 2572 quod
580 2508 655 2556 lex
668 2507 724 2571 ju
789 2515 826 2564 t,
855 2509 1016 2556 dotem
1034 2507 1207 2556 daretis
1239 2507 1331 2557 Pb.
1353 2507 1406 2564 ii,
1429 2512 1479 2556 1.

423 2577 490 2622 06
541 2571 601 2620 Id
623 2571 753 2636 quod
776 2572 851 2620 lex
882 2571 1041 2635 jubet,
1062 2574 1222 2620 dotem
1244 2571 1356 2620 dare
1387 2570 1480 2621 Pb.

422 2637 478 2692 ii,
499 2640 549 2685 3.
569 2641 636 2686 02
685 2636 958 2684 Mercedem
993 2637 1106 2684 dare
1139 2637 1214 2683 lex
1253 2635 1384 2684 ‘ubet
1414 2635 1479 2692 ei,

423 2708 567 2762 atque
589 2699 841 2747 amittere?
875 2698 969 2746 Pb.
991 2700 1042 2755 ii,
1059 2704 1109 2748 3.
1129 2703 1193 2749 07
1276 2706 1297 2746 t
1318 2705 1487 2760 preter

424 2763 600 2812 civium
625 2777 798 2811 morem
819 2770 962 2826 atque
996 2761 1147 2825 legem
1169 2763 1292 2810 banc
1315 2762 1486 2810 hebere

425 2828 648 2876 studeat?
683 2826 745 2874 A.
768 2843 818 2884 r,
841 2830 895 2875 3.
913 2831 947 2876 9
979 2826 1152 2889 Neque
1176 2826 1327 2889 legem
1351 2832 1487 2888 putat

427 2899 586 2940 tenere
609 2907 660 2938 ae
682 2889 828 2938 ullum
859 2889 957 2937 Ad.
979 2889 1016 2950 i,
1036 2895 1087 2939 2.
1109 2896 1138 2938 5
1189 2889 1260 2936 Ea
1286 2889 1392 2951 lege
1413 2896 1485 2936 at-

427 2970 522 3018 que
545 2953 721 3011 omine,
745 2960 816 3010 ut,
840 2954 880 3001 ei
910 2953 976 3001 A.
995 2954 1034 3011 i,
1055 2959 1104 3003 2.
1124 2958 1191 3003 29
1223 2950 1343 3020 Ejus
1364 2967 1486 3000 mor-

429 3027 476 3066 te
498 3033 556 3067 ea
577 3019 638 3065 ad
662 3033 736 3065 me
772 3018 876 3080 lege
907 3017 1145 3065 redierunt
1177 3017 1302 3064 bona
1334 3015 1396 3065 A.
1419 3016 1489 3078 iv,

427 3088 479 3132 5.
498 3088 532 3133 4
578 3082 686 3131 Hac
708 3082 814 3146 lege
837 3082 922 3130 tibi
941 3097 1096 3130 meam
1118 3081 1322 3144 astringo
1345 3081 1487 3129 fidem

428 3146 520 3194 Eu.
543 3147 578 3202 i,
599 3151 648 3197 2.
670 3152 736 3197 22
791 3145 862 3193 Ea
893 3145 998 3209 lege
1017 3147 1109 3194 boc
1141 3147 1262 3193 adeo
1282 3145 1452 3194 faciam
1471 3161 1488 3206 ;

389 3241 393 3251 ·
425 3211 469 3260 ai
487 3211 602 3258 facit
637 3211 759 3259 Hea.
780 3227 831 3267 v,
852 3217 902 3260 5.
925 3216 986 3260 10
1021 3211 1093 3258 Ea
1113 3210 1172 3258 ad
1197 3211 1285 3257 hor
1304 3208 1490 3258 redibat

430 3276 536 3338 lege
569 3276 817 3324 baereditaa
848 3275 946 3324 He.
973 3275 1006 3330 i,
1029 3280 1078 3324 2.
1099 3278 1164 3324 97
1209 3274 1262 3322 Si
1297 3289 1487 3322 uxorem

429 3337 563 3396 velit,
587 3339 691 3402 lege
725 3339 776 3387 id
814 3338 956 3388 licere
993 3339 1148 3386 facere
1179 3337 1272 3387 Ph.
1295 3338 1330 3396 i,
1350 3343 1398 3388 2.
1420 3343 1488 3388 60

429 3403 496 3451 Vi
517 3411 734 3451 coactum
769 3411 816 3450 te
839 3418 941 3452 ease
959 3402 1176 3457 invitum,
1215 3403 1259 3450 le
1323 3437 1337 3459 ,
1355 3401 1488 3466 judi-

429 3467 508 3514 cio
531 3485 545 3514 z
588 3468 752 3516 tenes?
786 3467 878 3517 Ph.
901 3467 936 3528 i,
955 3471 1004 3515 4.
1025 3471 1088 3516 37
1123 3467 1240 3514 Mea
1267 3482 1365 3529 „ege
1384 3475 1488 3514 utar

434 3532 528 3579 Ph.
551 3531 620 3594 iii,
645 3537 694 3582 2.
716 3536 780 3582 48
814 3531 944 3595 Lege
966 3531 1095 3594 agito
1116 3546 1228 3592 ergo
1264 3531 1352 3578 Ph.
1375 3547 1420 3585 v,
1439 3535 1489 3581 7.

433 3600 497 3644 91
533 3595 659 3645 Huic
681 3596 808 3660 leges
831 3604 1009 3660 coguut
1042 3597 1218 3642 nubere
1237 3595 1360 3642 hanc
1393 3595 1489 3652 Ad.

435 3657 508 3714 iv,
531 3665 579 3707 5.
597 3664 660 3708 18
691 3662 882 3708 Servom
897 3661 1132 3720 hominem
1151 3674 1342 3707 causam
1361 3675 1489 3707 orare

435 3721 566 3784 leges
586 3737 681 3769 non
704 3724 861 3772 sinunt
893 3723 984 3773 Ph.
1005 3723 1058 3780 ii,
1084 3729 1129 3772 1.
1151 3727 1216 3773 62
1250 3724 1490 3771 Bonorum

434 3793 656 3847 extortor,
677 3787 830 3849 legum
855 3788 1122 3837 contortor!
1168 3788 1258 3836 Ph.
1279 3788 1330 3846 ii,
1355 3793 1404 3836 3.
1425 3792 1490 3838 27

435 3849 552 3897 Tam
573 3849 794 3900 facillime
816 3854 959 3915 patris
975 3869 1138 3916 pacem
1156 3853 1205 3899 iu
1227 3852 1354 3916 leges
1375 3868 1492 3900 con·

437 3914 569 3963 ficiet
587 3929 697 3962 suas
731 3914 855 3965 Hea.
878 3933 924 3973 v,
947 3921 994 3966 2.
1017 3922 1080 3966 45
1129 3917 1337 3965 Coactus
1373 3917 1490 3980 legi-

437 3979 548 4035 bus,
567 3995 670 4027 eam
689 3995 876 4027 uxorem
899 3981 1042 4028 ducet
1062 3979 1128 4030 A.
1148 3981 1214 4038 iv,
1227 3986 1276 4031 4.
1292 3986 1353 4031 41
1391 3981 1491 4028 Mi-

439 4043 490 4090 hi
523 4058 620 4091 non
643 4044 844 4102 videtur,
865 4045 994 4108 quod
1017 4043 1076 4091 sit
1095 4044 1269 4093 factum
1293 4044 1490 4109 legibus,

438 4107 640 4159 rescindi
665 4125 802 4172 posse
835 4109 927 4158 Ph.
950 4109 1022 4171 iv,
1041 4113 1091 4158 4.
1115 4112 1174 4157 15
1209 4109 1288 4157 An
1311 4109 1492 4171 legibus

438 4171 656 4283 (ligurum
681 4189 842 4238 poenas
861 4174 1011 4238 dices,
1047 4173 1088 4222 si
1111 4171 1238 4221 illam
1259 4172 1490 4237 ejecerit?

523 4269 537 4285 .
554 4237 618 4294 iv,
641 4243 691 4288 3.
713 4243 770 4289 21

507 4298 740 4354 libenter.
803 4301 878 4354 Tu
911 4302 1066 4354 hercle
1101 4317 1209 4356 cum
1229 4301 1327 4364 iun,
1358 4302 1494 4354 Phe·

1204 584 1463 651 eapltulm

2352 413 2597 491 clxxxi

1537 583 1656 640 dria,
1697 590 1749 632 et
1784 584 1983 633 libenter
2016 580 2167 632 vivis:
2200 583 2517 633 etedmbene
2536 582 2595 632 15·

1539 649 1707 697 beuter
1727 647 1914 697 victitat
1946 647 2039 697 Eu.
2070 664 2118 710 ν,
2135 653 2185 697 9.
2205 649 2271 699 44
2319 648 2598 713 Recipimua

1541 714 1621 777 (in
1642 713 1872 825 figem).
1907 712 2001 762 Cb.
2025 712 2101 761 Ao
2123 712 2321 760 libenter
2352 712 2447 761 Eu.
2470 731 2519 771 v,
2540 718 2596 763 9.

1540 780 1607 826 56
1724 777 1910 825 udarier
1931 784 1980 824 te
2014 776 2149 824 audit
2178 774 2379 825 libenter
2408 776 2507 825 Ad.
2528 776 2597 835 iv,

1543 844 1591 891 l.
1632 844 1697 891 19
1750 840 1874 889 Istos
1908 840 2096 889 invidos
2134 840 2203 889 Di
2247 841 2477 905 perdant!
2514 840 2599 903 qui

1541 905 1645 953 boec
1668 904 1867 955 libenter
1887 906 2107 953 nuntiant
2136 903 2235 953 He.
2254 903 2324 961 iii,
2345 910 2391 954 5.
2419 909 2481 958 19
2528 903 2601 952 At

1543 984 1671 1018 nunc
1693 968 1867 1028 dicam,
1901 970 2031 1034 quod
2052 968 2269 1017 lubenter
2306 968 2600 1019 audias‘Ph.

1543 1032 1599 1081 ἰίὶ
1638 1038 1689 1083 2.
1710 1037 1741 1081 3

1600 1066 1751 1145 ’Liber
1802 1094 2095 1161 (Bacchus).
2156 1094 2271 1145 Sine
2324 1094 2495 1147 Cerere
2551 1104 2602 1147 et

1543 1158 1716 1210 Libero
1736 1159 1877 1225 friget
1899 1159 2060 1210 Venus
2092 1159 2188 1208 Eu.
2207 1162 2279 1222 iv,
2296 1166 2346 1211 5.
2371 1166 2405 1212 6

1610 1225 1767 1283 uber,
1790 1241 1836 1283 a,
1858 1240 1954 1275 um.
2020 1224 2183 1289 Usque
2216 1227 2279 1273 ad
2301 1240 2465 1274 necem
2486 1240 2601 1289 ope-

1547 1289 1663 1339 riere
1688 1288 1815 1338 loris.
1867 1288 1945 1341 s·-
1968 1288 2138 1337 Loris?
2172 1288 2319 1337 liber!
2355 1288 2452 1338 Ad.
2476 1289 2530 1351 ii,
2554 1294 2603 1341 1.

1544 1357 1612 1403 28
1664 1353 1859 1403 Accede
1880 1354 1973 1401 huo
2004 1354 2065 1401 ad
2090 1369 2196 1401 me:
2232 1354 2349 1402 liber
2369 1360 2471 1401 eato
2504 1352 2605 1403 Ad.

1546 1434 1596 1479 v,
1616 1422 1665 1467 9.
1690 1422 1751 1467 13
1808 1415 2098 1481 Neutiquarn
2119 1417 2323 1466 officium
2345 1416 2481 1465 liberi
2502 1433 2606 1466 esse

1547 1481 1751 1530 hominio
1788 1489 1905 1544 puto
1938 1482 2003 1531 A.
2038 1482 2091 1542 ii,
2114 1486 2159 1530 1.
2180 1485 2244 1531 30
2298 1482 2461 1537 Dolet,
2504 1482 2604 1530 dic-

1550 1552 1653 1593 tum
1691 1546 1980 1609 imprudenti
2019 1545 2327 1605 adolescenti,
2370 1554 2421 1594 et
2455 1544 2605 1594 libero

1548 1608 1644 1660 Eu.
1666 1610 1737 1672 iii,
1755 1615 1804 1660 1.
1824 1614 1889 1659 40
1922 1610 2044 1666 Qua
2066 1610 2261 1657 liberum
2277 1611 2395 1659 scire
2416 1625 2605 1673 equum

1549 1682 1625 1721 eat
1658 1674 2006 1722 adolescentem
2038 1673 2129 1721 Eu.
2153 1672 2203 1720 ii'
2243 1679 2290 1724 2.
2311 1678 2375 1723 24
2429 1672 2607 1723 Judieo

1549 1737 1722 1803 Syrum
1742 1736 1842 1785 fieri
1861 1752 1963 1786 esse
1994 1753 2179 1801 :equom
2228 1738 2405 1786 ‘berum
2437 1738 2534 1787 Ad.
2556 1754 2608 1799 v,

1549 1807 1601 1851 9.
1621 1806 1652 1852 3
1686 1802 1859 1866 Neque
1882 1802 2181 1851 vendundam
2202 1818 2392 1859 censeo,
2414 1817 2521 1865 quo
2547 1801 2605 1849 li-

1550 1866 1663 1914 bera
1701 1874 1775 1914 est
1806 1867 1902 1913 Ad.
1934 1866 1985 1923 ii,
2020 1871 2069 1916 1.
2093 1869 2159 1915 40
2215 1866 2457 1930 Principio
2500 1880 2605 1913 eam

1548 1945 1655 1980 esse
1668 1931 1777 1979 dico
1797 1930 1989 1979 liberam
2022 1930 2114 1978 Eu.
2134 1930 2201 1991 iv,
2222 1934 2273 1981 7.
2296 1935 2358 1979 35
2403 1930 2609 1993 Pbrygi-

1549 2009 1627 2042 am
1645 2002 1699 2041 ut
1732 2010 1920 2042 uxorem
1936 2010 2084 2043 meam
2101 2009 2197 2042 una
2215 2009 2399 2043 mecum
2422 1994 2609 2043 videam

1549 2058 1744 2106 liberam
1764 2058 1863 2108 Aa.
1880 2075 1926 2115 v,
1942 2062 1993 2107 9.
2019 2064 2082 2107 16
2114 2059 2166 2106 Si
2182 2065 2235 2105 tu
2256 2058 2385 2105 illam
2402 2058 2610 2119 attigeris

1552 2138 1705 2179 aecus,
1760 2137 1867 2169 uam
1890 2122 2088 2185 dignum
2106 2128 2195 2178 eat,
2219 2121 2411 2169 liberam
2443 2121 2534 2170 Ph.
2556 2121 2609 2179 ii,

1553 2190 1604 2235 3.
1624 2190 1688 2235 91
1766 2202 1843 2233 um
1863 2185 1917 2233 in
1940 2186 2169 2249 pariundo
2190 2185 2371 2248 aliquot
2391 2184 2613 2233 affuerint

1551 2249 1713 2325 liberte
1746 2248 1813 2300 A.
1834 2249 1903 2307 iv,
1917 2254 1967 2299 4.
1982 2254 2047 2299 32
2078 2248 2205 2297 Scire
2226 2256 2300 2297 eat
2320 2250 2514 2297 liberum
2538 2249 2611 2295 in-

1555 2312 2415 2434 ⁸‘”1}1¹2¹2.‡1}2I¹⁶05m1⁰33ffi2‘⁴1?130121?;
2438 2316 2529 2434 ἓξ..
2560 2382 2612 2425 et

1553 2440 1761 2506 fugitans
1782 2442 1934 2490 litium
1966 2441 2056 2491 Pb.
2078 2441 2141 2499 iv,
2164 2445 2211 2493 3.
2236 2446 2299 2492 18
2330 2440 2504 2506 Neque
2526 2442 2613 2490 bo-

1554 2505 2617 2628 }a?‡3?i}⁵?;“¹13222232”:53⁵523ffi{¹5}

1557 2635 1766 2682 officium
1786 2635 1991 2682 liberalia
2012 2634 2102 2681 Pb.
2118 2634 2175 2697 ii,
2193 2639 2243 2684 1.
2266 2639 2331 2684 52
2363 2635 2511 2683 Estne
2525 2634 2612 2692 ita,

1556 2706 1615 2745 ut
1644 2696 1760 2755 dixi,
1798 2697 2036 2746 liberalia?
2080 2699 2175 2747 Pb.
2209 2715 2257 2755 v,
2278 2704 2327 2749 7.
2350 2703 2411 2748 12
2465 2698 2613 2755 Quod

1557 2761 1661 2809 aine
1686 2769 1843 2809 sumtu
1862 2761 2132 2824 iugenuam,
2170 2761 2410 2810 liberalem
2446 2769 2613 2810 nactus

1558 2841 1611 2873 e·
1643 2825 1735 2873 Ph.
1755 2825 1793 2882 i,
1814 2830 1865 2874 3.
1888 2829 1951 2874 16
2004 2826 2131 2882 Quia
2162 2833 2261 2873 erat
2280 2827 2428 2872 forma
2448 2833 2617 2889 prater

1559 2897 1738 2937 ceteras
1774 2889 1991 2948 honesta,
2025 2898 2079 2937 et
2112 2889 2295 2937 liberali
2326 2888 2391 2936 A.
2419 2889 2455 2952 i,
2478 2893 2524 2939 1.
2545 2893 2613 2940 96

1559 2951 1687 3002 Hem
1707 2952 1990 3000 Eunuchum
2013 2953 2121 3001 tibi!
2156 2967 2298 3016 quam
2330 2953 2511 3001 liberali
2543 2954 2615 3001 fa-

1559 3016 1635 3067 cie
1656 3016 1667 3062 !
1704 3016 1796 3064 Eu.
1818 3017 1884 3072 iii,
1909 3021 1958 3066 2.
1978 3021 2043 3066 20
2088 3017 2179 3064 Ille
2199 3026 2297 3066 erat
2326 3019 2523 3065 honesta
2543 3018 2614 3065 fa-

1560 3081 1654 3138 cie,
1677 3087 1728 3128 et
1748 3080 1926 3128 liberali
1956 3081 2048 3130 Eu.
2064 3082 2129 3137 iv,
2144 3085 2193 3130 4.
2213 3086 2271 3130 15
2308 3081 2412 3144 Ego
2434 3081 2617 3130 liberali

1561 3144 1691 3192 illam
1728 3159 1884 3193 assero
1918 3160 2063 3195 causa
2095 3161 2236 3192 manu
2270 3144 2368 3196 Ad.
2405 3145 2457 3201 ii,
2481 3150 2527 3194 l.
2547 3150 2614 3194 40

1561 3208 1812 3271 Ingenium
1836 3210 1946 3257 novi
1969 3218 2101 3259 tuum
2141 3209 2329 3258 liberale
2362 3209 2457 3260 Ad.
2478 3208 2543 3266 iv,
2564 3215 2616 3258 5.

1560 3278 1627 3322 50
1676 3274 1823 3336 Spero
1846 3274 2207 3332 consuetudine,
2236 3281 2288 3321 et
2306 3272 2530 3338 conjugio
2552 3274 2612 3321 li·

1561 3337 1707 3386 berali
1728 3337 1997 3386 devinctum
2032 3336 2099 3388 A.
2122 3338 2192 3396 iii,
2214 3343 2263 3388 3.
2283 3343 2349 3388 29
2388 3337 2526 3396 Haec,
2545 3339 2615 3386 ita

1560 3409 1617 3514 :litt
1652 3402 1832 3450 liberali
1872 3418 1975 3452 ense
2006 3401 2199 3466 ingenio
2235 3402 2391 3460 decet,
2428 3403 2615 3468 pudens

1614 3483 1659 3514 e.
1680 3466 1718 3523 i,
1742 3471 1789 3516 2.
1812 3471 1877 3517 89

1627 3530 1919 3580 Liberalitas.
1982 3530 2171 3580 Pudore
2192 3538 2242 3579 et
2262 3529 2537 3579 liberalitate
2558 3530 2617 3577 li-

1563 3595 1698 3642 beros
1734 3596 1929 3645 retinere
1964 3595 2110 3644 satiu-
2146 3611 2248 3644 esse
2276 3595 2435 3651 credo,
2472 3609 2615 3658 quam

1566 3667 1695 3706 metu
1728 3660 1825 3708 Ad·
1846 3660 1882 3721 ἰ,
1904 3665 1953 3709 lo
1971 3664 2037 3709 ⁸²

1628 3722 1918 3772 Liberaliter.
1980 3723 2238 3786 Propterea
2278 3723 2407 3787 quod
2445 3721 2618 3770 servie-

1563 3788 1649 3838 baa
1672 3788 1921 3836 liberaliter
1950 3787 2015 3835 A.
2036 3787 2069 3844 i,
2093 3792 2137 3836 1.
2163 3792 2220 3836 11

1629 3851 1812 3900 Libere.
1866 3851 2097 3900 Homines
2133 3850 2524 3905 adolescentulos,
2560 3865 2613 3898 e·

1564 3916 1735 3965 ductos
1757 3916 1919 3979 libere,
1948 3916 1999 3964 in
2036 3916 2245 3963 fraudem
2274 3914 2447 3962 illicis?
2481 3913 2545 3962 A.
2568 3931 2617 3971 v,

1563 3985 1614 4030 4.
1636 3985 1669 4030 8
1716 3980 1785 4028 Ut
1806 3982 2027 4058 agitarem
2049 3980 2193 4027 libere
2214 3979 2335 4025 inter
2352 3994 2437 4026 vos
2458 3979 2619 4026 convi-

1563 4044 1691 4092 vium
1724 4045 1820 4093 He.
1844 4059 1881 4107 1,
1901 4049 1949 4095 2.
1976 4048 2035 4094 18
2084 4041 2295 4091 Liberius
2317 4042 2506 4092 vivendi
2525 4041 2617 4090 suit

1564 4115 1773 4172 potestas
1806 4109 1869 4159 A.
1893 4109 1927 4165 i,
1951 4114 1999 4158 1.
2018 4114 2081 4159 25

1630 4173 1805 4224 Liberi.
1870 4173 2017 4231 Uxor,
2070 4173 2203 4222 liberi
2244 4170 2425 4220 inventi
2465 4170 2615 4220 invito

1563 4245 1697 4300 patre
1729 4236 1795 4287 A.
1815 4255 1863 4295 v,
1885 4243 1937 4288 3.
1959 4242 2024 4288 20
2057 4236 2235 4288 Eccum
2255 4238 2391 4286 adeat
2409 4252 2617 4285 commu-

1563 4301 1639 4352 nis
1678 4301 1942 4370 corruptela
1979 4308 2186 4353 nostrum
2220 4302 2416 4352 liberum
2448 4299 2546 4350 Ad.
2566 4317 2615 4357 v,
