3192 4975
1189 417 1265 476 ιιῑι
1316 427 1795 480 ruitum-rusa.

420 579 549 644 quod
572 577 748 642 cogitas
781 575 995 635 Rediit.
1020 583 1071 628 1.
1090 583 1157 628 00
1188 579 1319 636 Quid
1340 595 1469 630 nunc

422 645 573 692 facere
612 643 789 706 cogites
814 643 832 690 ?
886 643 1011 693 Hes.
1054 641 1124 705 iii,
1147 647 1197 693 3.
1219 648 1285 694 46
1338 643 1469 692 Nom

419 703 595 784 cogitat
614 707 727 770 quid
750 707 880 756 dicat
902 709 920 755 ?
961 707 1023 756 A.
1045 725 1093 766 v,
1110 713 1160 757 3.
1180 713 1213 758 0
1260 709 1381 765 Qun·
1418 710 1469 758 in

418 785 575 818 nmmo
596 772 773 834 cogitat
793 773 909 820 irata
941 771 1041 821 Ad.
1079 772 1113 828 i,
1139 777 1185 821 1.
1206 779 1237 822 5
1287 772 1391 821 Aut
1424 779 1471 822 te

418 851 571 884 amare
591 836 770 899 cogitat
813 836 912 885 Ad.
951 837 986 891 i,
1014 841 1059 885 1.
1083 841 1113 886 7
1170 837 1249 886 Sic
1294 838 1471 900 cogitn-

418 899 559 960 bam3
592 899 689 957 hic,
726 916 883 965 parm
918 901 1271 948 consuetudinis
1311 917 1471 960 causa,

418 963 559 1027 hujus
582 972 775 1013 mortem
798 973 893 1012 tam
917 965 1009 1012 sert
1026 964 1312 1014 familiariter
1341 963 1404 1014 A.
1434 966 1470 1023 i,

418 1031 466 1076 1.
486 1032 551 1078 83
586 1028 746 1079 Credo
768 1027 817 1076 id
853 1028 1071 1093 cogitasti
1090 1047 1105 1077 ι
1136 1029 1323 1093 quidvis
1360 1030 1470 1079 setis

416 1100 507 1148 est,
549 1093 663 1140 dum
708 1092 839 1141 vivet
879 1093 1021 1140 modo
1072 1093 1194 1142 Hes.
1233 1094 1296 1150 iv,
1330 1099 1375 1144 1.
1402 1099 1468 1144 28

417 1155 697 1205 Ridiculum
718 1175 729 1205 z
754 1173 848 1205 non
871 1159 997 1206 enim
1020 1158 1247 1221 cogitaras
1280 1158 1373 1208 Eu.
1394 1159 1470 1217 iii,

420 1223 471 1268 1.
494 1226 560 1270 02
594 1221 739 1269 Proin
761 1228 829 1278 tu,
851 1223 961 1270 dum
986 1231 1056 1269 est
1083 1230 1284 1287 tempus,
1322 1223 1467 1272 etism

420 1293 565 1348 etque
584 1286 725 1333 etism
748 1287 901 1350 cogito
934 1286 1026 1336 Eu.
1051 1286 1087 1344 i,
1113 1291 1157 1336 1.
1187 1290 1245 1336 11
1297 1288 1470 1352 Cogita

421 1351 565 1396 modo
599 1349 691 1399 Eu.
717 1366 761 1406 v,
785 1356 831 1399 9.
854 1355 915 1400 43
951 1351 1080 1408 Quid
1119 1351 1349 1400 voluisti?
1386 1369 1468 1402 co-

419 1412 521 1476 gits
551 1413 673 1462 Hes.
709 1414 773 1476 iv,
797 1419 838 1463 1.
861 1419 923 1464 25
971 1416 1123 1463 Immo
1148 1417 1237 1466 hoc
1260 1417 1468 1480 cogitato

418 1477 517 1528 Eu.
538 1478 602 1533 iv,
624 1481 675 1527 6.
698 1483 759 1528 21
796 1477 919 1526 Nam
952 1480 991 1527 si
1026 1481 1225 1543 cogites,
1262 1482 1469 1530 remittas

416 1539 513 1606 jam
536 1558 611 1590 me
633 1558 824 1591 onerare
844 1542 1029 1607 injuriis
1060 1543 1123 1594 A.
1167 1561 1212 1600 r,
1238 1548 1282 1592 1.
1305 1549 1337 1594 8
1380 1545 1470 1595 Me

419 1607 651 1654 somnies:
686 1623 761 1655 me
795 1617 1045 1672 expectes:
1084 1609 1144 1656 de
1178 1624 1255 1656 me
1292 1611 1469 1672 cogites

420 1670 511 1718 Eu.
531 1670 567 1729 i,
587 1675 636 1721 2.
663 1676 753 1721 114
789 1673 896 1722 Hoc
919 1682 971 1721 tu
988 1673 1132 1721 facito
1152 1691 1163 1720 z
1187 1689 1293 1720 cum
1312 1675 1468 1723 animo

419 1735 599 1798 cogites
632 1735 725 1784 Ad.
747 1737 819 1792 iii,
835 1742 885 1786 4.
910 1743 977 1788 55
1010 1737 1185 1794 Quaeso
1207 1737 1351 1785 facito
1368 1739 1469 1788 haec

420 1807 575 1848 tecum
597 1801 777 1865 cogites
807 1802 903 1849 Ad.
926 1820 973 1857 v,
996 1806 1043 1850 3.
1066 1806 1131 1851 22
1185 1801 1393 1858 Dehinc,
1409 1819 1469 1852 ne

417 1863 659 1914 frustretur
698 1865 803 1929 ipsc
842 1881 909 1923 se,
946 1875 1028 1914 aut
1064 1866 1132 1915 sic
1162 1866 1338 1930 cogitet
1378 1867 1468 1916 Eu.

420 1927 549 1976 Prol.
572 1933 635 1978 14
666 1929 809 1978 Nunc
832 1931 870 1976 si
887 1931 992 1994 quis
1013 1937 1099 1986 est,
1118 1931 1198 1994 qui
1216 1932 1305 1980 hoc
1324 1930 1468 1991 dicat,

422 2001 505 2042 sut
526 1995 595 2043 sic
616 1995 793 2057 cogitet
823 1995 913 2042 Ph.
936 1996 1063 2044 Prol.
1088 1999 1145 2044 13
1182 1997 1382 2060 Peregre
1396 2013 1468 2045 re-

422 2058 558 2106 diens
579 2074 761 2123 semper
780 2060 959 2122 cogitet
992 2061 1079 2108 Ph.
1104 2060 1156 2113 ii,
1179 2065 1225 2109 1.
1246 2064 1305 2109 13
1332 2061 1468 2124 Coepi

421 2122 563 2170 aliam
586 2139 680 2171 rem
698 2140 753 2172 ex
777 2125 870 2171 alia
890 2125 1093 2186 cogitare
1126 2123 1218 2171 Eu.
1255 2123 1319 2181 iv,
1353 2130 1401 2174 2.
1436 2129 1467 2174 3

424 2185 607 2250 Occepi
646 2205 831 2237 mecum
869 2189 1074 2252 cogitare
1130 2187 1220 2236 Eu.
1264 2189 1327 2246 iv,
1357 2195 1406 2238 2.
1439 2194 1470 2238 8

424 2251 769 2316 Quantumjlle
794 2255 948 2315 potuit
985 2253 1189 2316 cogitare
1225 2255 1471 2302 commode

422 2315 549 2368 Hes.
571 2316 697 2365 Ptol.
724 2324 785 2368 14
818 2318 914 2365 Ubi
938 2318 1073 2366 video
1098 2319 1229 2377 haec,
1252 2318 1375 2382 coepi
1389 2334 1469 2367 co-

424 2380 570 2443 gitare
622 2380 743 2433 Heu.
788 2381 824 2439 i,
853 2387 895 2430 1.
914 2388 981 2432 76
1033 2382 1153 2430 Haec
1187 2382 1225 2429 si
1257 2384 1385 2430 voles
1419 2383 1469 2431 in

425 2445 581 2494 animo
617 2462 723 2496 vere
762 2447 969 2512 cogitare
1014 2445 1112 2497 Ad.
1148 2463 1197 2505 v,
1216 2451 1263 2497 3.
1287 2453 1351 2498 32
1392 2447 1471 2497 Ne

424 2518 548 2559 esset
568 2513 772 2576 spatium
794 2512 1037 2575 cogitandi
1060 2514 1119 2559 ad
1148 2512 1475 2561 disturbandas

426 2576 615 2651 nuptias
659 2575 727 2625 A.
748 2576 783 2635 i,
805 2581 853 2625 2.
878 2582 936 2627 11
990 2577 1067 2624 Ita
1106 2594 1209 2625 sum
1252 2578 1473 2634 irritatus,

424 2654 632 2687 nmmum
658 2649 709 2688 ut
729 2657 958 2705 nequeam
981 2644 1041 2690 nd
1064 2643 1365 2705 cogitandum
1398 2642 1474 2689 in-

425 2703 617 2753 stituere
652 2705 743 2754 Ph.
768 2706 819 2762 ii,
846 2712 891 2755 1.
918 2711 977 2755 10
1032 2704 1143 2752 Νοιι
1170 2706 1325 2769 potuit
1344 2706 1473 2769 cogi-

426 2774 526 2816 tata
550 2770 766 2834 proloqui
799 2771 891 2819 Ph.
916 2769 970 2831 ii,
995 2775 1039 2818 1.
1066 2774 1128 2819 53

492 2833 724 2898 Cognata.
789 2834 887 2890 Qui
902 2841 1104 2895 cognata
1124 2832 1211 2880 tibi
1231 2832 1294 2879 sit
1326 2832 1414 2880 Ph.
1433 2832 1473 2894 i,

426 2902 477 2947 2.
500 2903 565 2947 80
608 2898 787 2945 Verum
824 2898 864 2944 si
896 2904 1097 2959 cognata
1138 2904 1211 2943 est
1262 2912 1477 2945 maxume

424 2961 518 3009 Ph.
540 2961 596 3017 ii,
620 2965 666 3009 1.
686 2965 749 3009 65
784 2960 885 3017 Qui
904 2961 1019 3007 mihi
1040 2968 1243 3022 cognata
1261 2975 1319 3007 en
1340 2968 1480 3017 esset,

424 3025 653 3074 dicerem.
685 3025 847 3073 itidem
882 3031 933 3071 tu
968 3025 1089 3074 face.
1125 3024 1261 3079 cedo,
1294 3024 1377 3087 qui
1409 3032 1481 3071 est

426 3090 665 3153 cognata?
710 3088 801 3137 Ph.
837 3089 893 3150 ii,
914 3094 965 3139 3.
987 3094 1069 3139 60.
1088 3094 1144 3137 51
1207 3088 1379 3135 Itidem
1426 3096 1481 3135 ιιι

426 3161 632 3217 cognata
650 3153 689 3201 si
712 3154 773 3201 sit
805 3154 896 3204 Ph.
918 3154 970 3210 ii,
994 3159 1041 3203 3.
1063 3158 1129 3202 62
1164 3152 1291 3209 Quid
1311 3152 1392 3199 illa
1410 3152 1480 3199 ιιΙ-

428 3226 544 3275 tera,
567 3233 673 3281 quae
696 3218 869 3265 dicitur
888 3218 1121 3283 cognata?
1153 3216 1246 3264 Ph.
1272 3234 1319 3274 v,
1342 3221 1387 3266 1.
1413 3222 1478 3267 28

426 3281 589 3345 Negat
621 3283 853 3330 Phanium
874 3299 974 3331 esse
996 3282 1084 3331 sibi
1106 3288 1352 3345 cognatam
1376 3280 1477 3329 Dc-

434 3347 625 3409 mipho?
658 3347 797 3395 Hanc
818 3346 1057 3411 Demipho
1079 3354 1221 3409 negat
1240 3362 1342 3394 esse
1363 3362 1475 3409 cog-

432 3412 623 3460 natam?
659 3412 749 3461 Ph.
770 3413 821 3467 ii,
845 3416 893 3459 3.
916 3418 963 3459 5.
986 3416 1019 3460 6
1053 3412 1313 3473 cognatam
1346 3426 1476 3458 com-

428 3475 533 3539 peri
554 3492 656 3525 esse
678 3476 815 3525 nobis
849 3476 939 3523 Ph.
963 3492 1008 3533 v,
1032 3479 1079 3524 3.
1099 3480 1161 3524 18
1194 3476 1477 3536 Cave,nein

431 3548 676 3605 cognatum
696 3557 865 3605 pecces
897 3539 987 3587 Ph.
1008 3556 1057 3601 v,
1072 3543 1119 3589 3.
1142 3542 1207 3587 20
1237 3538 1357 3586 Tum
1376 3548 1479 3587 tuas

434 3605 604 3655 amicas
627 3614 691 3663 te,
714 3614 763 3655 et
782 3612 1005 3670 cognatas
1024 3604 1236 3652 deserere
1252 3602 1363 3650 nolo
1384 3602 1479 3653 He.

434 3667 499 3726 iv,
520 3674 568 3720 2.
592 3675 656 3720 lt}

500 3735 757 3799 Cognatas.
786 3734 907 3781 Tum
930 3732 969 3781 is
989 3731 1102 3780 mihi
1124 3738 1351 3795 cognatus
1369 3730 1481 3789 fuit,

431 3799 513 3863 qui
534 3815 643 3847 cum
659 3800 838 3861 recepit
870 3797 931 3847 A.
955 3814 1001 3854 v,
1023 3801 1071 3847 4.
1094 3802 1157 3846 23
1207 3796 1333 3844 Mihi
1366 3812 1480 3859 cog-

432 3872 570 3913 natus
589 3871 689 3911 eret
718 3863 813 3911 Ad.
835 3862 905 3919 iii,
923 3866 972 3911 4.
992 3866 1057 3910 48
1100 3860 1228 3909 Dum
1251 3876 1309 3909 co
1342 3868 1481 3907 natus

433 3930 525 3977 huc
544 3928 679 3977 illinc
700 3927 880 3975 veniret
922 3926 1015 3974 Ad.
1051 3924 1114 3983 iv,
1138 3934 1184 3976 5.
1208 3929 1273 3973 39
1372 3925 1479 3987 egio

432 3992 507 4041 his
528 4000 601 4040 est
623 3999 849 4056 cognatus
868 4006 1119 4053 proxumus
1150 3990 1245 4037 Ad.
1277 4005 1323 4052 v,
1344 3994 1392 4037 8.
1414 3993 1478 4038 24

432 4057 619 4107 Interea
636 4058 687 4105 in
708 4056 864 4105 Imbro
883 4054 1075 4102 moritur
1092 4060 1321 4117 cognatus
1337 4068 1477 4101 senex

434 4126 614 4172 horunc
646 4121 739 4170 He.
762 4119 798 4177 i,
818 4124 866 4169 2.
888 4123 953 4169 96
987 4118 1155 4183 Neque
1177 4118 1247 4165 illi
1276 4118 1479 4166 benevo-

436 4190 555 4243 lens,
577 4202 731 4263 neque
752 4192 908 4239 notus,
932 4198 1084 4246 neque
1106 4190 1332 4245 cognatus
1365 4182 1479 4229 nde·

434 4261 505 4301 rat
540 4253 631 4300 Ph.
652 4268 688 4308 1,
710 4256 757 4300 2.
778 4254 845 4298 49
889 4247 1060 4311 Neque
1096 4246 1211 4295 mihi
1252 4252 1479 4309 cognatus

436 4316 526 4367 suit
545 4314 791 4383 quisquam
812 4314 961 4363 isthoc
986 4311 1173 4361 nomine
1217 4310 1307 4359 Ph.
1340 4310 1395 4367 ii,
1431 4314 1479 4361 3.

2496 419 2600 488 liii

1540 585 1610 632 44
1638 581 1714 630 Τιι
1737 581 1851 632 ιιιί1ιί
1869 590 2116 648 cognatus,
2139 590 2190 632 tu
2209 597 2394 646 parens,
2411 591 2462 632 tu
2479 587 2596 634 nmi-

1541 661 1626 695 cus
1661 645 1755 698 Ph.
1777 646 1850 704 iii,
1871 653 1922 698 2.
1943 651 2000 697 11
2042 647 2152 705 Abi,
2191 657 2332 710 utque
2365 649 2596 714 Hegioni,

1541 717 1748 774 cognato
1771 709 1929 775 hujus,
1958 728 2056 761 rem
2085 727 2268 760 omnem
2304 722 2484 762 narrato
2519 731 2598 763 or·

1542 775 1658 824 dine
1710 774 1811 824 Ad.
1851 775 1926 839 iii,
1946 780 1998 827 2.
2021 780 2084 825 53
2137 776 2247 824 Sola
2275 792 2406 825 snm:
2439 780 2596 828 habeo

1542 839 1624 888 hic
1665 839 1920 898 neminem,
1965 856 2120 905 neque
2167 840 2386 898 amicum,
2440 859 2594 908 neque

1542 912 1794 967 cognatum
1829 904 1923 955 Eu.
1945 904 2124 962 i‚2.68
2162 904 2314 954 Petris
2325 914 2594 969 cognatum,

1542 976 1685 1080 fflu?
1721 968 1968 1083 Equaiems,
2006 968 2407 1083 ξέοὶιὲἀειιιξειιι,
2427 971 2596 1083 notuis-

1765 1049 1814 1084 u.
1857 1049 1911 1090 ιι,
1969 1067 1984 1082 .
2164 1048 2225 1096 go
2345 1050 2402 1082 co
2437 1051 2495 1083 na
2549 1052 2596 1084 m

1542 1097 1718 1155 dicam,
1751 1104 1802 1145 et
1837 1097 1927 1146 tibi
1948 1097 2144 1148 scribom
2167 1098 2322 1146 dicam
2369 1098 2412 1146 P
2449 1133 2462 1148 .
2485 1100 2522 1155 i.
2543 1104 2596 1150 2.

1542 1165 1608 1210 77
1643 1159 1891 1218 Narrabat,
1917 1178 1966 1210 se.
1991 1163 2118 1210 hunc
2149 1177 2210 1210 ne
2245 1161 2388 1226 ligere
2421 1179 2596 1227 cogns-

1541 1231 1642 1272 tum
1665 1241 1800 1274 suum
1833 1224 1922 1273 Ph.
1943 1227 1998 1288 ii,
2020 1231 2070 1275 3.
2097 1231 2158 1276 19
2263 1227 2312 1274 ui
2344 1237 2598 1290 cognatum

1544 1305 1617 1338 me
1637 1289 1726 1337 sibi
1745 1305 1846 1338 esse
1868 1290 2046 1339 diceret
2077 1291 2166 1340 Ph.
2199 1290 2249 1348 ii,
2267 1295 2315 1341 3.
2331 1295 2394 1340 34
2427 1291 2600 1355 Inopin

1542 1360 1593 1401 et
1613 1362 1912 1416 cognatorum
1949 1355 2242 1418 negligentia
2280 1365 2447 1404 coacta
2477 1356 2538 1404 A.
2559 1357 2596 1415 i,

1543 1423 1589 1467 1.
1610 1422 1674 1466 44
1708 1417 1919 1476 Amicos,
1939 1435 2103 1482 genus,
2125 1427 2373 1484 cognatos,
2405 1421 2600 1470 divitius

1541 1481 1668 1529 Hes.
1693 1482 1725 1538 i,
1751 1487 1796 1532 2.
1821 1488 1886 1533 20

1606 1546 1850 1610 cognitio.
1913 1546 2035 1596 Inde
2080 1555 2152 1596 est
2205 1547 2416 1609 cognitio
2471 1547 2598 1596 facts

1540 1608 1634 1658 He.
1661 1627 1705 1665 v.
1728 1615 1777 1660 3.
1801 1616 1863 1660 33
1898 1611 1986 1659 Ibo
2005 1612 2146 1670 intro,
2167 1613 2228 1660 de
2249 1612 2522 1676 cognitione
2547 1619 2600 1662 ut

1539 1682 1718 1723 certum
1741 1675 1885 1724 sciam
1917 1675 2011 1724 Eu.
2034 1693 2083 1733 v,
2104 1681 2148 1726 3.
2175 1679 2236 1725 12

1605 1740 1873 1802 Cognosce.
1941 1738 2054 1788 Non
2105 1755 2340 1803 cognosco
2384 1746 2588 1788 vestrum

1541 1811 1636 1851 tam
1677 1805 1927 1867 superbum
1974 1803 2066 1853 Eu.
2092 1821 2138 1861 v,
2175 1809 2223 1854 9.
2247 1809 2312 1854 36
2359 1803 2489 1852 Dum
2519 1821 2596 1864 ea,

1540 1885 1647 1932 quae
1671 1868 1894 1931 loquitur,
1917 1869 2064 1932 magis
2091 1885 2324 1933 cognosco
2344 1868 2362 1915 ἒ
2414 1869 2504 1916 Ρ1ι.
2547 1886 2594 1926 v,

1541 1938 1588 1983 1.
1615 1937 1675 1982 10
1710 1932 1923 1980 Amabo!
1957 1934 2072 1998 quid
2109 1934 2209 1981 sit?
2253 1934 2595 1997 cognoscitne?

1540 1997 1631 2047 Ch.
1653 1995 1729 2045 Ac
1751 1998 2014 2045 memoriter
2045 1998 2136 2048 Eu.
2159 2015 2210 2056 v,
2226 2001 2277 2048 3.
2301 2003 2334 2047 6
2363 1997 2434 2046 Tc
2452 1997 2598 2046 inter-

1540 2060 1711 2109 ealoci
1727 2062 1927 2123 cognovi
1962 2061 2056 2110 Eu.
2078 2063 2116 2119 i,
2137 2066 2188 2111 2.
2210 2066 2274 2110 47
2329 2061 2423 2108 Sed
2469 2069 2597 2124 post-

1542 2141 1683 2188 quam
1705 2126 1883 2188 aspexi,
1903 2124 2013 2173 ilico
2047 2126 2252 2188 cognovi
2300 2125 2423 2173 Hes.
2459 2125 2526 2186 iv,
2549 2131 2596 2177 1.

1542 2194 1608 2239 44
1645 2190 1901 2253 Postquam
1922 2189 2100 2246 introii,
2121 2188 2226 2252 ejus
2249 2189 2462 2236 morbum
2485 2205 2596 2254 cog·

1542 2253 1655 2301 novi
1677 2253 1817 2302 miser
1847 2253 1942 2302 He.
1962 2253 2033 2311 iii,
2055 2258 2106 2303 3.
2131 2258 2192 2303 13
2238 2253 2450 2300 Tandem
2483 2269 2599 2317 cog-

1544 2318 1672 2366 nosti
1688 2319 1772 2382 qui
1793 2319 1908 2366 siem
1940 2318 2004 2368 A.
2043 2317 2118 2374 iii,
2139 2322 2190 2368 4.
2213 2322 2243 2367 7
2297 2317 2408 2380 Ipse
2443 2333 2512 2374 se,
2549 2326 2600 2367 et

1542 2381 1690 2439 illam,
1713 2390 1762 2430 et
1783 2383 1924 2444 hanc,
1958 2399 2064 2447 quin
2086 2381 2216 2430 domi
2238 2389 2354 2437 erat,
2375 2382 2600 2446 cognovit

1545 2447 1656 2495 satis
1712 2446 1804 2497 He.
1839 2445 1873 2505 i.
1895 2451 1944 2497 2.
1961 2452 2025 2498 87
2081 2447 2203 2495 Eum
2239 2448 2340 2497 hoec
2375 2448 2599 2511 cognovit

1543 2513 1794 2577 Myrrhina
1824 2514 1874 2561 in
1896 2513 2046 2577 digito
2067 2514 2210 2561 modo
2233 2528 2308 2559 me
2347 2513 2596 2561 habentem

1542 2577 1640 2627 He.
1677 2594 1728 2640 v,
1771 2581 1820 2625 3.
1863 2582 1928 2626 32
1998 2576 2136 2625 Alias
2175 2577 2416 2640 cognostis
2457 2576 2596 2640 ejus:

1576 2657 1706 2689 uaeso
1743 2642 1866 2689 hanc
1900 2646 2026 2689 nunc
2061 2641 2241 2689 noscite
2274 2639 2368 2689 He.
2402 2640 2533 2690 Prol.
2562 2646 2594 2691 8

1544 2659 1618 2753 ἓο
1653 2713 1792 2768 pacto
1825 2712 1878 2752 et
1913 2706 2042 2767 gnati
2076 2705 2239 2761 vitam,
2270 2711 2321 2752 et
2347 2705 2596 2753 consilium

1544 2785 1701 2815 mcum
1722 2784 1978 2831 cognosces
2009 2768 2072 2816 A.
2092 2769 2130 2831 i,
2152 2772 2199 2816 1.
2219 2773 2283 2817 23
2331 2768 2456 2815 Rem
2483 2785 2598 2843 cog-

1546 2847 1714 2880 nosces
1744 2831 1838 2882 He.
1861 2832 1930 2887 iii,
1953 2835 2001 2880 1.
2025 2836 2083 2880 11
2130 2831 2313 2907 {adeste
2335 2846 2471 2894 aequo
2493 2848 2597 2880 am-

1546 2902 1738 3007 &3203
1769 2894 2320 3007 fissssissz'ffiss‘ssflss·
2333 2894 2600 3022 03‘2'1'20322

1550 3032 1603 3071 ut
1625 3038 1720 3071 non
1741 3038 1998 3088 cognosces
2018 3023 2221 3071 eundem
2253 3024 2394 3071 esse?
2425 3022 2518 3073 Eu.
2539 3024 2600 3087 ii,

1551 3092 1600 3138 1.
1620 3093 1687 3139 20
1733 3086 1792 3134 In
1821 3103 1880 3135 en
1900 3102 1949 3135 re
1969 3087 2220 3135 utilitatem
2241 3104 2332 3150 ego
2352 3087 2524 3135 faciam
2543 3094 2599 3135 ut

1548 3167 1805 3216 cognoscas
1829 3166 1978 3199 meam
2012 3150 2101 3198 Eu.
2119 3150 2172 3207 ii,
2197 3155 2246 3199 3.
2270 3156 2329 3201 17
2380 3149 2458 3199 Ne
2492 3152 2600 3215 quis

1548 3232 1624 3265 me
1646 3221 1949 3279 cognosceret
1979 3215 2071 3263 Eu.
2094 3232 2142 3272 v,
2163 3220 2212 3265 2.
2236 3219 2268 3264 8
2309 3214 2455 3263 Haud
2477 3215 2597 3264 istuc

1548 3282 1696 3337 dicas,
1735 3281 1774 3328 si
1810 3280 2024 3344 cognoris
2059 3280 2134 3327 vel
2165 3295 2259 3337 me,
2293 3280 2369 3327 vel
2393 3296 2596 3329 amorem

1548 3362 1702 3394 meum
1737 3346 1799 3392 A.
1822 3345 1886 3402 iv,
1908 3345 1957 3393 1.
1978 3349 2043 3393 28
2087 3344 2222 3401 Haec,
2243 3345 2357 3393 dum
2378 3344 2599 3409 incipias,

1547 3409 2454 3524 332²3'ssss1};⁶133q”5}⁸”22‘⁸13„ffi
2482 3425 2598 3538 ἓὲξ

1548 3539 1693 3595 noris,
1715 3554 1878 3587 omnes
1899 3538 2024 3586 noris
2054 3538 2144 3585 Ph.
2161 3538 2216 3595 ii,
2241 3541 2289 3586 1.
2305 3541 2368 3585 35
2405 3538 2597 3587 Mature

1548 3610 1605 3651 ut
1623 3618 1732 3651 curn
1751 3603 1980 3666 cognorit,
2002 3611 2230 3665 perpetuo
2253 3601 2407 3649 oderit
2437 3599 2528 3649 Eu.
2548 3618 2599 3666 v,

1548 3671 1597 3715 4.
1625 3672 1683 3717 11
1725 3667 1822 3716 Ubi
1845 3669 1936 3714 hoc
1957 3666 2244 3730 cognoverit,
2268 3680 2362 3713 non
2384 3680 2524 3728 posse
2543 3680 2597 3715 se

1550 3746 1732 3779 mecum
1754 3747 1855 3780 esse
1888 3731 1984 3780 He.
2006 3730 2044 3788 i,
2066 3735 2115 3779 2.
2137 3735 2201 3779 80
2233 3728 2356 3779 Rem
2379 3728 2460 3776 ubi
2481 3744 2596 3793 cog-

1548 3795 1763 3843 noverint
1794 3794 1888 3844 Hc.
1909 3812 1956 3849 v,
1977 3799 2023 3844 2.
2046 3798 2109 3842 25
2159 3794 2372 3857 AEquum
2405 3800 2480 3840 est
2511 3810 2596 3841 vos

1548 3875 1849 3923 cognoscere,
1879 3866 2020 3921 atque
2054 3858 2293 3920 ignoscere
2339 3856 2432 3905 Eu.
2465 3856 2596 3908 Prol.

1549 3928 1616 3973 42
1647 3923 1759 3979 Dic,
1793 3931 1838 3971 te
1873 3936 2060 3985 parvom
2093 3921 2317 3985 virginem
2351 3919 2594 3970 amisisse:

1548 4003 1676 4036 nunc
1697 4002 1953 4052 cognosse:
1977 3986 2106 4049 signa
2127 3986 2326 4033 ostende
2359 3984 2451 4034 Eu.
2469 3984 2532 4047 iv,
2547 3990 2602 4036 6.

1548 4056 1617 4101 29
1647 4052 1888 4115 Cognosse
1907 4050 2100 4107 anulum
2133 4049 2266 4097 illum
2299 4049 2595 4113 Myrrhinam

1548 4124 1703 4180 gnato
1723 4132 1820 4164 suae
1842 4115 1986 4163 fuisse
2017 4114 2110 4162 He..
2132 4130 2177 4171 r,
2201 4117 2249 4162 3.
2273 4117 2334 4163 13
2388 4113 2513 4163 Nam
2544 4124 2596 4165 et

1546 4180 1884 4243 cognoscendi,
1909 4187 1956 4227 et
1977 4178 2256 4241 ignoscendi
2277 4178 2462 4227 dabitur
2482 4195 2592 4243 pec-

1549 4244 1644 4292 cati
1666 4245 1798 4294 locus
1831 4245 1952 4293 Hea.
1972 4242 2026 4304 ii,
2048 4248 2095 4292 1.
2115 4248 2148 4292 0
2185 4241 2243 4293 In
2265 4248 2594 4308 cognoscendo

1550 4317 1651 4359 tute
1685 4310 1787 4375 ipse
1821 4309 1992 4367 aderis,
2023 4307 2216 4358 Chaeres
2259 4308 2351 4361 Eu.
2389 4325 2436 4367 v,
2457 4314 2508 4359 2.
2525 4314 2590 4360 54
