3192 4975
1230 417 1308 466 m
1356 415 1832 468 TERENTIUM·

460 565 553 618 Eu·-
572 564 610 623 i,
631 569 683 616 2.
700 568 763 614 88
797 561 893 612 Ubi
914 561 1008 620 vis,
1028 562 1160 610 dona
1176 561 1347 612 adsunt
1368 565 1453 612 tibi
1474 581 1505 614 a

460 631 679 682 Phaedria
710 629 799 676 Eu.
821 629 891 684 iii,
912 633 961 678 2.
980 631 1038 676 11
1089 627 1375 690 Perpulchra
1404 645 1505 678 cre-

460 697 527 744 do
548 698 691 754 donn,
714 693 839 740 haud
863 692 1030 740 nostris
1052 691 1223 739 similia
1256 692 1347 744 Eu.
1369 695 1439 751 iii,
1455 699 1507 743 2.

462 765 523 808 15
582 758 671 806 Abi
706 757 834 812 hinc,
912 773 973 804 uo
1008 757 1196 819 dignus,
1230 773 1337 805 cum
1368 759 1507 807 donis

458 823 553 872 tuis
575 831 667 870 tam
689 821 859 885 lepidis
939 838 983 869 u.
1003 821 1069 875 iv,
1092 825 1141 870 8.
1162 825 1197 868 9

523 887 767 936 Dor-cium.
832 885 987 950 Cape,
1009 885 1072 932 da
1092 885 1183 933 hoc
1204 883 1381 934 Dorcio
1416 887 1505 936 Ph.

456 951 493 1008 i,
516 955 566 1001 2.
589 955 685 1000 102

521 1014 709 1063 Dorias.
775 1013 892 1070 Abi,
913 1011 1102 1069 Dorias,
1140 1013 1235 1062 cito
1273 1015 1399 1063 hunc
1421 1015 1507 1064 de-

456 1080 579 1128 duce
622 1080 683 1126 ad
726 1078 922 1126 militem
974 1077 1068 1126 Eu.
1088 1076 1159 1134 iii,
1182 1081 1231 1128 8.
1256 1082 1321 1128 82
1375 1080 1505 1137 Quid

453 1143 729 1193 faciundum
769 1157 948 1199 censes,
986 1141 1190 1190 Dorias?
1240 1143 1333 1191 Eu.
1366 1143 1431 1200 iv,
1455 1149 1507 1194 4.

523 1269 691 1322 Dorio.
758 1267 923 1327 Dorio,
944 1270 1074 1330 audi,
1094 1270 1287 1318 obsecro
1320 1271 1409 1319 Ph.
1434 1272 1507 1330 iii,

454 1340 551 1386 2.1
606 1336 747 1383 Haud
785 1335 977 1396 longum
1015 1341 1086 1381 εει
1118 1335 1189 1390 id,
1223 1337 1351 1396 quod
1387 1345 1505 1394 orat,

454 1399 607 1448 Dorio
642 1400 731 1448 Ph.
747 1398 814 1453 iii,
832 1401 878 1447 2.
895 1403 958 1447 80
991 1397 1157 1454 Dorio,
1169 1399 1298 1447 itane
1312 1403 1505 1466 tandem

452 1465 608 1512 facere
630 1463 847 1526 oportet?
883 1463 973 1511 Ph.
997 1463 1069 1519 iii,
1092 1467 1143 1511 2.
1161 1467 1223 1510 41

516 1528 733 1576 Dormio.
796 1526 919 1574 Inde
958 1526 1102 1574 filiam
1146 1527 1357 1590 suscepit
1405 1528 1505 1592 jam

452 1607 613 1650 unam,
637 1593 749 1640 dum
766 1598 819 1638 tu
834 1591 1009 1638 dormis
1041 1592 1133 1641 Pb.
1155 1608 1202 1651 v,
1218 1596 1266 1639 8.
1285 1596 1348 1640 18
1382 1593 1507 1642 Dor·

453 1657 607 1704 miunt
627 1676 639 1704 :
663 1657 746 1720 pol
767 1672 857 1719 ego
886 1655 1002 1703 istos
1032 1657 1338 1703 commovebo
1384 1657 1507 1706 Hea.

452 1720 518 1778 iv,
540 1726 591 1770 4.
610 1727 643 1772 8
691 1721 933 1769 Interdum
958 1726 1151 1782 propter
1170 1718 1373 1766 dormiet
1414 1721 1509 1771 Eu.

452 1783 506 1841 ii,
529 1791 577 1834 8.
598 1790 665 1837 76
715 1785 851 1847 Opus
872 1785 1061 1843 faciam,
1082 1791 1135 1830 ut
1165 1783 1395 1848 defetiger
1427 1803 1505 1834 us·

488 1867 565 1906 ue,
588 1851 799 1914 ingratiis
824 1855 877 1896 ut
898 1847 1125 1896 dormiam
1176 1847 1269 1896 Eu.
1291 1849 1346 1905 ii,
1371 1855 1418 1899 1.
1445 1855 1507 1902 14

500 1915 613 1971 dsis,
652 1923 835 1977 tangas,
875 1913 1026 1967 ludas,
1070 1920 1261 1974 propter
1305 1914 1508 1964 dormias

451 1977 545 2026 Eu.
565 1979 619 2035 ii,
639 1983 689 2028 8.
714 1984 775 2028 81
830 1978 1087 2026 Ademtum
1133 1975 1221 2023 tihi
1252 1975 1354 2038 jam
1398 1979 1505 2028 faxo

454 2058 639 2091 ornnem
661 2049 853 2098 metum,
876 2043 923 2088 in
946 2056 1103 2088 aurem
1119 2041 1342 2088 utramvis
1354 2044 1507 2093 otiose

453 2115 507 2154 ut
532 2109 734 2156 dormias
768 2107 893 2156 Hea.
912 2106 971 2160 ii,
992 2109 1160 2154 8..101
1202 2104 1367 2160 Quid?
1406 2124 1506 2156 cre..

453 2172 617 2229 debas,
656 2171 907 2218 dormienti
950 2172 1051 2216 haec
1086 2168 1173 2215 tibi
1210 2169 1507 2222 confecturos

452 2235 621 2284 Deos?
654 2236 751 2283 Ad.
774 2236 841 2292 iv,
864 2241 913 2284 5.
930 2239 997 2284 59

518 2300 695 2350 Dorus.
758 2298 819 2347 Id
852 2300 996 2347 modo
1018 2301 1115 2357 dic,
1143 2301 1295 2348 abisse
1317 2299 1499 2348 Dorum

450 2363 545 2412 Eu.
564 2364 630 2421 iv,
652 2370 701 2414 4.
725 2369 786 2413 57
822 2363 919 2412 Ubi
943 2373 992 2411 tu
1022 2381 1091 2422 es,
1122 2365 1289 2413 Dore?
1324 2366 1501 2413 accede

451 2429 543 2478 huc
578 2429 669 2479 Eu.
686 2429 758 2485 iii,
776 2432 823 2477 2.
844 2433 905 2477 19
938 2429 1073 2478 Heus
1089 2438 1157 2486 tu,
1180 2429 1352 2494 inquit,
1369 2428 1503 2477 Dore

452 2494 543 2543 Eu.
562 2494 631 2552 iii,
650 2502 702 2545 5.
722 2499 787 2544 46
820 2494 959 2543 Βοιιε
980 2496 1065 2553 vir,
1086 2495 1234 2552 Dore,
1256 2493 1383 2543 salve
1406 2494 1499 2545 Eu.

450 2574 499 2615 v,
522 2564 570 2608 2.
598 2564 657 2610 11

516 2623 638 2672 Dos.
706 2623 827 2680 Dos,
860 2623 1126 2684 Pamphile,
1149 2629 1220 2671 est
1240 2624 1405 2670 decem
1428 2629 1499 2669 ta-

448 2686 579 2735 lenta
609 2687 673 2735 A.
696 2705 743 2743 v,
766 2693 817 2737 4.
838 2692 901 2737 47
952 2686 1031 2734 Ne
1069 2687 1185 2749 quid
1218 2701 1421 2743 vereare,
1460 2686 1501 2733 si

450 2752 635 2800 minus:
658 2752 779 2800 nihil
798 2767 884 2799 nos
906 2751 993 2798 dos
1013 2757 1173 2799 movet
1222 2751 1343 2799 Hea-
1383 2765 1429 2808 v,
1455 2754 1502 2798 1.

446 2820 514 2865 66
546 2816 771 2864 Indotata
792 2824 864 2864 εει
884 2834 896 2863 :
920 2822 1022 2861 tum
1041 2821 1280 2876 praeterea,
1303 2828 1409 2876 quae
1428 2828 1502 2860 se-

449 2882 607 2929 cunda
634 2880 684 2927 ei
707 2882 793 2926 dos
814 2886 930 2935 erat,
968 2879 1109 2941 periit
1159 2878 1259 2940 Ad,
1276 2878 1347 2939 iii,
1368 2880 1416 2927 2.
1436 2881 1500 2925 47

448 2944 534 2991 sin
551 2952 641 2999 est,
661 2952 717 2990 ut
738 2942 853 2991 velis
885 2958 1069 2989 manere
1103 2941 1233 2989 illam
1271 2942 1397 3004 apud
1435 2947 1503 3001 ιε,

450 3008 539 3055 dos
572 3007 651 3055 hic
677 3014 882 3061 maneat,
915 3005 1155 3069 Demipho
1188 3004 1279 3055 Ph.
1300 3022 1347 3060 v,
1369 3008 1417 3054 7.
1440 3008 1511 3053 88.

452 3072 603 3121 Porro
624 3072 726 3119 haec
746 3070 932 3129 talenta,
953 3070 1077 3118 dotis
1106 3076 1372 3132 apposcunt
1406 3070 1503 3117 duo

448 3136 577 3185 Hea.
596 3137 660 3192 iv,
681 3141 731 3184 7.
758 3140 821 3183 10
852 3135 983 3192 Quid
1003 3134 1129 3181 dotis
1152 3134 1305 3181 dicam
1330 3141 1377 3181 te
1397 3134 1505 3181 dix-

448 3200 542 3249 isse
565 3201 700 3248 filio?
732 3198 856 3248 Hea.
875 3218 923 3257 v,
947 3205 993 3248 1.
1006 3203 1071 3248 64
1107 3197 1205 3247 Cur
1220 3213 1316 3245 nou
1333 3198 1505 3246 arcessi

444 3264 589 3327 jubes
608 3266 770 3320 filiam,
793 3272 845 3313 et
865 3264 998 3328 quod
1017 3262 1145 3311 dotis
1175 3263 1296 3325 dixi,
1314 3264 1502 3310 firmas?

452 3330 577 3381 Hea.
596 3347 642 3387 v,
666 3338 715 3379 5.
728 3334 758 3378 4
795 3329 1036 3386 Quantum
1050 3328 1090 3375 is
1104 3328 1321 3389 voluerit,
1340 3329 1503 3375 datum

450 3409 553 3442 esse
574 3395 699 3442 dotis
735 3393 827 3443 Ph.
848 3394 917 3449 iv,
939 3400 988 3443 5.
1012 3398 1071 3443 11
1106 3392 1229 3449 Quae
1252 3393 1376 3440 dotis
1396 3400 1503 3439 tan-

450 3460 659 3507 tumdem
701 3460 846 3507 dabat
896 3458 987 3505 Ph.
1004 3473 1058 3517 v,
1080 3462 1127 3506 7.
1148 3461 1216 3507 36
1270 3457 1358 3505 Με
1400 3471 1505 3504 mea

450 3523 610 3571 omnia
630 3524 756 3571 bona
777 3523 880 3569 doti
916 3521 1088 3569 dixisse
1122 3520 1193 3569 illi
1236 3520 1362 3569 Hea.
1385 3536 1433 3577 v,
1458 3525 1505 3569 l.

449 3592 515 3637 69
546 3587 630 3635 Sin
653 3587 749 3636 alio
764 3595 838 3636 est
858 3586 1015 3635 animo
1034 3603 1049 3647 ;
1071 3591 1331 3633 renumeret
1346 3586 1505 3631 dotem

450 3652 544 3700 huc
562 3670 578 3712 ;
600 3652 707 3699 eat!
743 3652 838 3703 He.
862 3652 931 3707 iii,
954 3656 1001 3699 5.
1023 3655 1088 3699 52
1140 3648 1257 3696 Non
1289 3647 1381 3696 fuit
1420 3663 1502 3697 ne-

450 3731 579 3765 cesse
602 3717 769 3765 habere
789 3734 801 3763 ι
836 3717 937 3773 sed,
974 3716 1028 3763 id
1066 3714 1195 3779 quod
1236 3714 1312 3761 lex
1344 3711 1505 3775 jubet,

450 3782 611 3829 dotem
632 3782 805 3829 daretis
836 3780 928 3829 Ph.
951 3780 1005 3834 ii,
1031 3784 1076 3827 1.
1094 3784 1157 3829 67
1192 3776 1252 3827 Id
1277 3778 1406 3840 quod
1429 3777 1503 3825 lex

443 3844 601 3907 jubet,
622 3847 781 3893 dotem
802 3845 913 3891 dare
946 3844 1037 3891 Ph.
1052 3843 1111 3899 ii,
1134 3848 1182 3893 8.
1203 3846 1269 3891 68
1302 3841 1505 3918 Inventa

448 3911 869 4037 affixess‘ffi
878 3898 1381 4021 ἳῖῗξιῑξῗὲζῑέἐὲ
1414 3906 1507 4045 {2¹11}

447 4038 517 4096 iv,
538 4044 589 4089 8.
622 4044 684 4089 71
742 4037 965 4086 Phormio
1006 4037 1168 4084 dotem
1206 4036 1246 4082 si
1284 4034 1506 4096 accipiet,

449 4118 567 4151 uxor
586 4105 808 4152 ducenda
829 4108 903 4150 est
922 4102 1112 4148 domum
1162 4099 1253 4148 Ph.
1275 4098 1344 4154 iv,
1366 4104 1417 4148 4.
1442 4103 1503 4148 18

450 4166 657 4217 Unicum
678 4174 865 4232 gnatam
887 4181 993 4214 crim
1030 4165 1142 4213 dote
1180 4178 1362 4211 summa
1401 4162 1503 4212 filio

451 4247 641 4285 uxorem
666 4242 719 4281 ut
738 4234 871 4281 daret
902 4230 967 4279 A.
990 4230 1025 4287 i,
1048 4234 1096 4281 1.
1117 4232 1181 4279 74
1229 4227 1362 4275 Uxor
1399 4228 1504 4277 sine

453 4296 567 4347 dote
604 4298 763 4348 veniet
814 4296 914 4345 Ad.
943 4295 1013 4354 iv,
1034 4299 1083 4346 7.
1104 4297 1165 4345 41
1223 4292 1503 4355 Composito

2473 405 2647 476 xciii

1577 567 1756 614 factum
1777 572 1868 622 est,
1889 565 2129 629 quomodo
2146 565 2269 616 hanc
2287 581 2448 616 amaus
2464 568 2642 620 habere

1577 636 1740 695 posset
1761 630 1864 678 sine
1888 631 2003 678 dote
2035 631 2129 678 Ph.
2149 647 2202 687 v,
2224 635 2272 680 1.
2295 635 2360 680 80

1643 693 1868 742 Dotatus.
1935 694 2038 742 Vos
2057 710 2131 743 me
2156 695 2380 743 indotatis
2393 697 2538 744 modo
2555 712 2644 759 pa·

1579 759 1802 807 trocinari
1822 758 2016 806 fortasse
2035 759 2352 808 arbitramini:
2384 761 2530 810 etiarn
2551 762 2644 810 do·

1578 823 1692 870 tatis
1711 823 1842 870 soleo
1876 823 1970 872 Ph.
1994 840 2042 880 v,
2064 828 2114 874 7.
2133 828 2198 872 47

1649 885 1907 936 Drachma.
1964 886 2093 936 Huic
2116 887 2437 935 drachmarum
2459 889 2644 950 argenti

1582 951 1689 1000 haec
1710 952 1840 998 mille
1863 951 2060 998 dederat
2091 960 2302 999 mutuum
2352 951 2476 1000 Hea.
2496 951 2570 1008 iii,
2591 959 2644 1004 2.

1579 1019 1646 1064 40
1699 1015 1812 1071 Vix,
1834 1015 2008 1079 inquit,
2030 1016 2268 1064 drachmis
2291 1022 2366 1064 est
2385 1017 2644 1068 obsonatus

1580 1080 1748 1127 decem
1782 1082 1848 1128 A.
1867 1081 1926 1133 ii.
1943 1085 1993 1129 6.
2009 1083 2074 1128 20

1642 1143 1840 1194 Dromo.
1907 1142 2052 1200 Hem,
2075 1142 2275 1199 Dromo,
2302 1141 2505 1192 Dromo.
2540 1143 2638 1195 Da.

1578 1207 1708 1264 Quid
1739 1209 1844 1256 est?
1899 1207 1965 1255 Si.
2007 1207 2203 1257 Dromo.
2247 1206 2342 1256 Da.
2378 1207 2526 1256 Audi.
2569 1209 2645 1262 Si.

1578 1273 1792 1321 Verbum
1829 1272 1868 1320 si
1901 1271 2160 1322 addideris.
2199 1271 2383 1320 Dromo
2432 1272 2498 1320 A.
2520 1288 2570 1329 v,
2591 1277 2646 1322 2.

1578 1341 1643 1387 19
1697 1337 1875 1386 Eccum
1907 1335 2196 1386 Dromonem
2229 1352 2336 1384 cum
2373 1336 2513 1402 Syro,
2546 1353 2646 1388 una

1579 1401 1754 1448 adsunt
1776 1401 1862 1448 tibi
1895 1400 2020 1449 Hea.
2037 1401 2092 1463 ii,
2115 1405 2165 1450 2.
2192 1406 2254 1450 12
2288 1401 2462 1462 passim
2485 1401 2602 1449 alibi

1641 1464 1842 1513 Dubito.
1906 1465 2173 1528 Numquid,
2191 1464 2407 1520 Gnatho,
2429 1466 2644 1523 dubitas,

1578 1530 1696 1593 quin
1721 1546 1812 1593 ego
1832 1545 1958 1578 nunc
1981 1536 2212 1592 perpetuo
2233 1529 2489 1592 perierim?
2545 1529 2644 1578 Eu.

1579 1610 1628 1650 v,
1651 1599 1701 1645 9.
1725 1599 1786 1643 13
1821 1595 1900 1641 An
1923 1593 2134 1649 dubitas,
2157 1593 2373 1656 Clitipho
2392 1593 2409 1642 ?
2445 1592 2570 1642 Hes.
2592 1611 2644 1654 v,

1579 1663 1634 1707 5.
1654 1662 1716 1706 18
1768 1658 1886 1707 Haec
1908 1659 2020 1705 dum
2043 1658 2250 1713 dubitas,
2289 1673 2474 1706 menses
2512 1658 2642 1707 abie-

1580 1729 1688 1770 runt
1706 1723 1870 1771 decem
1902 1722 2003 1772 Ad.
2025 1721 2090 1778 iv,
2109 1728 2158 1770 5.
2179 1727 2242 1772 57
2278 1722 2375 1771 Hic
2398 1737 2525 1770 nunc
2539 1738 2640 1770 non

1578 1787 1788 1842 dubitat,
1808 1785 1922 1850 quin
1947 1793 1994 1834 te
2017 1787 2268 1834 ducturum
2305 1801 2452 1850 neges
2499 1784 2564 1836 A.
2583 1787 2642 1844 ii,

1576 1855 1628 1899 4.
1653 1855 1684 1900 2
1737 1849 1834 1898 Ubi
1870 1859 1922 1898 tu
1945 1851 2154 1906 dubites,
2175 1851 2292 1914 quid
2314 1865 2470 1902 sumas
2492 1851 2646 1914 potis·

1588 1915 1760 1962 simum
1795 1915 1888 1964 Ph.
1913 1914 1966 1971 ii,
1989 1919 2038 1964 2.
2057 1919 2124 1964 29

1644 1978 1850 2035 Dubius,
1895 1994 1941 2034 a,
1980 1995 2079 2027 um.
2145 1975 2260 2025 Non
2303 1977 2504 2026 dubium
2551 1987 2642 2036 cst,

1579 2045 1696 2105 quin
1719 2057 1906 2090 uxorem
1929 2043 2050 2090 nolit
2073 2043 2196 2090 filius
2229 2041 2291 2089 A.
2309 2043 2344 2098 i,
2366 2048 2414 2092 2.
2432 2047 2461 2091 1
2513 2041 2644 2090 Nam

1580 2107 1728 2154 hocce
1757 2108 1884 2154 haud
1920 2107 2116 2153 dubium
2156 2112 2246 2162 est,
2278 2106 2394 2168 quin
2426 2106 2490 2154 A.
2511 2107 2571 2161 ii,
2591 2111 2644 2158 8.

1581 2173 1642 2218 17
1677 2170 1822 2218 Haud
1835 2170 2030 2216 dubium
2049 2169 2102 2217 id
2119 2170 2312 2231 quidem
2330 2177 2402 2216 εει
2432 2169 2497 2217 A.
2519 2169 2577 2224 ii,
2591 2174 2642 2218 8.

1580 2239 1646 2283 25
1701 2233 1846 2282 Haud
1889 2234 2085 2281 dubium
2129 2240 2205 2281 est
2246 2233 2380 2289 mihi,
2423 2233 2462 2281 si
2501 2233 2642 2291 nolit,

1572 2298 1691 2359 quin
1723 2297 1790 2346 A.
1811 2297 1882 2358 iii,
1901 2303 1952 2346 2.
1975 2303 2042 2346 50
2075 2297 2151 2345 O!
2175 2297 2436 2344 dubiumne
2458 2297 2508 2344 id
2531 2299 2644 2346 est?

1574 2361 1667 2410 Eu.
1691 2363 1726 2417 i,
1748 2368 1798 2412 2.
1816 2366 1882 2411 49
1915 2361 2030 2409 Non
2053 2361 2253 2410 dubium
2277 2369 2366 2418 est,
2388 2362 2506 2424 quin
2543 2361 2640 2414 Eu.

1573 2442 1621 2482 v,
1645 2432 1695 2476 6.
1718 2431 1782 2476 27
1817 2425 1920 2473 Hui
1941 2425 1951 2472 !
1978 2427 2174 2474 dubium
2198 2426 2250 2472 id
2275 2426 2383 2473 est?
2419 2425 2545 2476 Hea.
2570 2426 2642 2486 iii,

1572 2496 1624 2541 8.
1645 2495 1711 2541 46
1750 2490 1832 2538 An
1854 2491 2052 2539 dubium
2073 2492 2126 2539 id
2150 2491 2236 2539 tibi
2257 2491 2371 2539 est?
2423 2491 2550 2541 Hea.
2589 2508 2642 2550 v,

1574 2560 1623 2604 1.
1648 2560 1714 2604 88
1745 2556 1890 2603 Haud
1913 2556 2129 2612 dubium,
2151 2555 2269 2618 quin
2283 2555 2438 2603 emitti
2451 2571 2641 2619 aequom

1572 2620 1664 2667 εἰει
1695 2618 1794 2667 Ad.
1816 2636 1862 2676 v,
1883 2623 1932 2669 9.
1956 2624 2020 2669 19
2069 2619 2271 2668 Periisse
2300 2635 2376 2667 me
2397 2636 2494 2667 una
2514 2622 2644 2669 haud

1574 2683 1771 2731 dubium
1793 2691 1864 2731 est
1915 2683 2012 2731 He.
2035 2682 2108 2739 iii,
2133 2688 2182 2733 1.
2205 2686 2270 2732 46
2325 2683 2545 2732 Etiamne
2588 2685 2639 2733 id

1573 2747 1775 2794 dubium
1795 2748 1900 2795 est?
1938 2747 2028 2795 Ph.
2051 2764 2098 2804 v,
2120 2753 2170 2796 2.
2191 2752 2224 2795 9
2257 2745 2417 2795 Etiam
2437 2749 2499 2795 de
2516 2756 2642 2797 sorte

1574 2824 1702 2857 nunc
1726 2811 1868 2859 venio
1891 2810 1943 2857 in
1964 2810 2163 2857 dubium
2185 2811 2356 2857 miser?
2391 2811 2490 2859 Ad.
2515 2812 2572 2870 ii,
2591 2817 2642 2863 2.

1575 2879 1638 2923 85
1690 2873 1796 2921 Tua
1815 2874 1960 2931 fama,
1983 2880 2034 2921 et
2055 2882 2210 2936 guatoe
2232 2874 2352 2930 vita,
2373 2874 2423 2921 in
2446 2874 2643 2925 dubium

1574 2936 1740 2986 veniet
1770 2938 1868 2987 Ad.
1889 2938 1964 2994 iii,
1989 2941 2040 2986 2.
2057 2942 2123 2987 42
2172 2936 2307 2985 Dum
2329 2938 2380 2985 in
2400 2938 2550 2986 dubio
2569 2948 2645 2988 est

1577 3002 1763 3049 animus
1797 3001 1864 3051 A.
1885 3002 1922 3057 i,
1943 3008 1990 3051 5.
2013 3005 2073 3051 81
2128 3000 2250 3051 Mea
2269 3002 2463 3065 quidem
2485 3004 2642 3055 hercle

1577 3074 1703 3115 certe
1723 3067 1774 3113 in
1794 3066 1942 3113 dubio
1966 3066 2064 3113 vita
2087 3074 2160 3113 est
2192 3066 2258 3115 A.
2284 3066 2338 3123 ii,
2359 3072 2410 3117 2.
2435 3072 2498 3116 10
2529 3068 2644 3117 Sine

1577 3130 1744 3187 dubio,
1767 3130 1938 3194 opinor
1971 3130 2064 3177 Eu.
2085 3147 2136 3190 v,
2153 3134 2204 3179 9.
2229 3135 2292 3179 14
2329 3129 2479 3178 Coena
2497 3132 2643 3181 dubia

1576 3195 1832 3258 apponitur
1852 3196 1870 3241 ?
1907 3194 1995 3241 Ph.
2017 3194 2077 3251 ii,
2097 3198 2148 3245 2.
2169 3198 2235 3243 28
2269 3194 2399 3251 Quia
2417 3195 2642 3254 sciebam,

1576 3260 1769 3369 dubiam
1790 3259 2024 3307 fortunam
2044 3274 2145 3307 εεεε
2160 3259 2400 3308 scenicam
2433 3259 2642 3311 He.Alt.

1578 3325 1672 3372 Pro
1694 3358 1709 3373 .
1736 3328 1767 3372 8

1642 3387 1804 3437 Duco.
1842 3387 2046 3438 Judico.
2113 3386 2245 3443 Quas
2296 3387 2498 3453 (minas)
2554 3405 2641 3453 pro
2719 3444 2728 3451 ,

1576 3453 1812 3501 alimentis
1833 3468 1938 3499 esse
1958 3467 2087 3499 nunc
2109 3453 2235 3501 duco
2257 3453 2392 3501 datas
2422 3452 2550 3502 Hea-
2567 3456 2638 3512 iv,

1577 3522 1627 3565 7.
1647 3522 1680 3566 8
1730 3517 1828 3574 Qui
1861 3524 2007 3573 amat,
2046 3516 2122 3564 cui
2153 3516 2266 3563 odio
2306 3517 2434 3580 ipsus
2457 3526 2550 3580 est,
2567 3520 2642 3567 bis

1576 3582 1730 3630 facere
1753 3581 1894 3628 stulte
1915 3582 2040 3629 duco
2072 3580 2170 3629 He.
2191 3580 2263 3637 iii,
2285 3584 2334 3630 2.
2355 3585 2388 3629 8
2439 3580 2514 3628 Tu
2552 3582 2643 3630 tibi

1576 3646 1629 3693 id
1655 3645 1786 3693 laudi
1807 3646 1960 3702 ducis,
2015 3645 2111 3692 uod
2133 3653 2234 3691 tum
2263 3644 2423 3692 fecisti
2441 3644 2640 3708 iuopia?

1577 3708 1678 3757 Ad.
1720 3710 1753 3766 i,
1783 3714 1831 3759 2.
1865 3715 1929 3759 25
2033 3725 2108 3755 am
2153 3709 2340 3757 laudem
2386 3708 2464 3756 hic
2508 3710 2642 3759 ducit

1578 3774 1844 3830 maximam,
1867 3789 1975 3820 cum
1996 3772 2086 3819 illis
2108 3772 2268 3835 placet
2298 3771 2400 3823 Ad.
2421 3772 2552 3822 Prol.
2577 3779 2640 3823 18

1578 3838 1694 3885 Non
1717 3854 1824 3885 eum
1849 3838 2086 3885 hominem
2118 3838 2358 3893 ducerem,
2379 3852 2468 3885 nec
2491 3838 2642 3886 virum

1579 3904 1692 3950 satis
1712 3903 1897 3950 firmum
1935 3909 2090 3965 gnatas
2138 3899 2232 3947 He.
2260 3900 2329 3963 iv,
2353 3906 2398 3951 1.
2420 3905 2487 3950 40
2539 3902 2640 3951 Vos

1578 3966 1710 4014 eritis
1726 3966 1933 4030 judices,
1970 3964 2150 4013 laudin'
2184 3980 2246 4011 an
2280 3964 2396 4013 vitio
2434 3965 2550 4015 duci
2585 3967 2639 4015 id

1574 4031 1758 4080 factum
1781 4037 1998 4093 oporteat
2029 4028 2128 4076 Ad.
2151 4028 2280 4077 Prol.
2302 4033 2331 4077 5

1645 4095 1805 4144 Duco.
1868 4093 2030 4141 Hodie
2053 4108 2240 4140 uxorem
2263 4092 2436 4141 ducis?
2485 4092 2551 4143 A.
2585 4094 2640 4159 ii,

1581 4165 1630 4209 1.
1650 4165 1712 4210 21
1757 4160 1861 4223 Age
1882 4159 2044 4213 modo,
2065 4172 2192 4205 nunc
2217 4156 2305 4204 tibi
2327 4164 2494 4220 patent
2513 4159 2636 4208 fores

1578 4226 1672 4280 hae,
1695 4225 1808 4287 quia
1830 4225 1966 4272 istam
1985 4222 2122 4270 ducis
2141 4220 2235 4271 Eu.
2251 4221 2305 4279 ii,
2328 4226 2378 4271 2.
2405 4228 2466 4273 51
2489 4223 2598 4271 Eho
2621 4224 2636 4271 !

1582 4289 1798 4354 sceleste,
1818 4304 1913 4353 quo
1936 4288 2064 4336 illam
2087 4286 2255 4337 ducis?
2289 4285 2410 4337 Hea.
2431 4288 2488 4347 ii,
2505 4294 2552 4339 3.
2569 4292 2632 4339 71
