3192 4975
1248 437 1324 485 m
1373 436 1763 487 TERENTIU
1776 436 1823 484 M
1836 466 1852 484 .

385 622 398 631 ,
446 603 496 644 v,
513 592 566 637 6.
587 591 619 636 2
674 586 985 644 Quamobrem
1026 582 1080 635 id
1121 584 1288 647 facins,
1329 587 1490 637 nescio

430 652 553 703 Hes.
584 668 629 713 v,
652 658 700 702 1.
723 656 784 701 71
833 650 908 698 Mi
932 650 1015 712 vir,
1036 658 1082 698 te
1105 652 1316 708 obsecro,
1339 667 1396 699 ue
1419 651 1488 699 fe-

429 717 528 765 cius
561 715 681 766 Hes.
705 732 749 773 v,
771 720 818 764 5.
841 720 870 764 5
906 714 1037 771 Quid
1058 714 1240 765 facias?
1285 715 1384 763 Ad.
1415 715 1490 773 iii,

435 786 486 831 ⁸.
507 784 588 829 77.
620 780 683 836 iv,
705 783 752 828 7.
777 783 838 829 15
872 778 952 827 De
971 781 1240 830 reducenda
1259 780 1309 827 id
1325 780 1490 840 facias,

429 846 558 908 quod
577 844 629 891 iu
651 859 748 892 rem
768 843 830 891 sit
852 851 980 891 tuam
1012 843 1110 896 He.
1130 844 1202 902 iii,
1226 849 1274 893 3.
1296 849 1358 894 31
1393 844 1492 893 Sed

430 908 548 957 scin’
569 909 685 972 quid
702 908 809 956 volo
829 910 1004 972 potius,
1021 911 1177 966 sodes,
1191 909 1371 957 facins?
1395 909 1492 957 He.

431 977 548 1029 v,1.
569 978 634 1023 26
685 972 838 1021 Aliter
875 974 917 1020 si
951 974 1096 1021 facias
1143 973 1238 1024 He.
1282 990 1328 1030 v,
1360 979 1404 1023 l.
1426 977 1492 1023 38

432 1038 598 1094 Qualis
620 1036 707 1085 sim
731 1037 928 1095 amicus,
951 1038 1208 1100 periculum
1229 1038 1376 1087 facias
1397 1038 1492 1089 He.

425 1118 476 1158 v,
501 1106 548 1151 1.
571 1106 637 1151 40
689 1101 813 1165 Ego,
835 1118 942 1165 quoe
965 1102 1014 1149 in
1035 1118 1131 1151 rem
1154 1111 1280 1151 tuam
1302 1102 1413 1166 sint,
1435 1118 1492 1151 ee

428 1165 568 1214 velim
589 1164 736 1214 facins
773 1166 864 1213 Ph.
886 1166 940 1226 ii,
961 1170 1008 1215 4.
1031 1172 1063 1216 9
1096 1167 1322 1224 Obsecro,
1344 1183 1405 1215 ne
1421 1167 1492 1215 fs·

426 1230 524 1279 cies
559 1230 650 1277 Ph.
671 1248 718 1285 v,
741 1235 788 1279 7.
805 1236 868 1280 52
893 1230 1087 1287 Viden',
1105 1232 1271 1288 otium,
1293 1240 1344 1280 et
1357 1231 1493 1280 cibus

429 1295 548 1359 quid
589 1294 734 1343 faciat
776 1295 990 1343 alienus?
1038 1294 1128 1343 Eu.
1150 1296 1206 1351 ii,
1229 1300 1276 1345 2.
1300 1300 1362 1345 34
1412 1294 1490 1345 Ne

429 1374 572 1422 quum
610 1357 689 1406 ille
726 1360 866 1407 hodie
895 1360 1088 1407 insanus
1121 1362 1298 1409 turbam
1331 1362 1490 1418 faciat,

431 1431 515 1471 aut
537 1423 627 1470 vim
649 1423 818 1471 Thaidi
847 1423 940 1471 Eu.
960 1424 1025 1481 iv,
1051 1430 1096 1474 l.
1117 1428 1148 1473 2
1183 1425 1278 1481 Qui
1299 1426 1408 1483 scis,
1430 1441 1489 1473 nn

428 1503 535 1550 quae
563 1485 765 1548 'ubesm,
787 1487 888 1537 sine
907 1488 958 1536 vi
995 1489 1173 1537 facist?
1222 1490 1314 1537 Eu.
1353 1491 1419 1544 iv,
1441 1496 1490 1539 7.

428 1556 493 1601 20
603 1559 780 1600 certum
814 1563 890 1601 est
923 1553 1084 1610 etiem,
1118 1554 1232 1617 quid
1267 1570 1317 1603 se
1349 1555 1494 1603 faciat

430 1616 554 1664 Hes.
573 1616 608 1671 i.
621 1621 672 1665 2.
690 1620 750 1665 14
785 1616 948 1665 Faciat
959 1619 1088 1681 quod
1108 1619 1239 1666 lubet
1271 1618 1396 1669 Hes.
1418 1619 1492 1675 iii,

432 1686 478 1730 1.
491 1687 552 1729 55
587 1680 638 1728 Si
654 1681 770 1744 quid
784 1680 924 1745 hujus
939 1682 1090 1731 simile
1098 1682 1218 1731 forte
1235 1683 1492 1746 aliquando

431 1744 660 1801 evenerit,
683 1753 738 1793 ut
757 1753 869 1793 sunt
888 1748 1110 1802 humans,
1146 1755 1254 1803 tuus
1276 1756 1329 1795 ut
1348 1748 1495 1796 faciat

435 1810 558 1856 filius
588 1810 711 1857 Hes.
733 1810 803 1872 iii,
819 1816 874 1861 2.
895 1811 959 1861 41
993 1812 1045 1859 8ῖ
1078 1819 1166 1874 est,
1202 1812 1406 1861 facturus
1440 1820 1494 1859 ut

433 1874 494 1921 sit
516 1874 720 1923 officium
743 1891 899 1936 suum,
921 1876 1064 1923 faciat
1099 1875 1196 1923 Ad.
1219 1876 1290 1933 iii,
1311 1882 1360 1925 5.
1379 1882 1408 1926 5
1443 1876 1494 1924 Si

431 1945 484 1986 tu
501 1938 564 1987 sis
587 1940 744 1995 homo,
767 1940 843 1987 hic
860 1941 1005 1989 faciat
1052 1940 1148 1988 Ad.
1177 1957 1226 1998 v,
1249 1945 1298 1990 8.
1324 1945 1384 1990 12
1431 1940 1491 1989 Ιιι

431 2002 548 2051 istnc
594 2004 734 2051 finem
775 2004 922 2052 facist
973 2004 1071 2053 Ad.
1109 2022 1156 2063 v,
1173 2009 1224 2055 9.
1243 2009 1308 2054 40
1364 2004 1493 2053 Uxor

431 2068 548 2131 quid
582 2068 746 2122 facist.
779 2067 828 2116 in
862 2085 1004 2119 manu
1035 2084 1130 2117 non
1165 2076 1238 2117 est
1263 2084 1368 2117 mea
1398 2068 1494 2121 He.

432 2130 498 2189 iv,
521 2137 569 2181 4.
590 2136 654 2181 44
710 2132 954 2189 obsecrat,
994 2133 1086 2181 sibi
1122 2144 1175 2181 ut
1209 2132 1315 2196 ejus
1352 2133 1496 2181 faciat

433 2196 618 2258 copiam
653 2197 742 2245 Ph.
765 2197 802 2254 i,
825 2202 874 2247 2.
895 2202 958 2247 63
1002 2197 1088 2254 Ut,
1109 2198 1158 2245 id
1180 2198 1310 2262 quod
1330 2205 1403 2245 est
1424 2197 1494 2245 fn-

432 2259 675 2316 ciundum,
697 2261 840 2309 faciat
874 2261 966 2313 Ph.
989 2278 1036 2325 v,
1059 2266 1108 2311 3.
1132 2267 1162 2311 2
1217 2261 1372 2310 Missa
1391 2263 1494 2311 haee

432 2325 656 2372 faciamus
689 2324 780 2372 Eu.
817 2344 866 2384 v,
887 2331 935 2375 2.
957 2330 1021 2377 25
1069 2326 1137 2373 Di
1174 2327 1256 2374 tibi
1283 2327 1400 2375 bene
1423 2327 1493 2374 fs-

432 2388 584 2437 ciant!
621 2388 714 2439 Ad.
739 2407 784 2446 v,
807 2395 854 2440 7.
875 2396 940 2441 20
995 2390 1060 2439 Di
1099 2391 1189 2437 tibi
1219 2390 1341 2439 male
1379 2391 1494 2438 faci-

433 2452 542 2502 aut!
577 2452 670 2504 Ph.
691 2453 746 2512 ii,
769 2459 816 2506 3.
839 2459 900 2507 47
936 2454 1068 2512 Quid
1090 2455 1308 2512 facerem,
1331 2454 1370 2503 si
1388 2455 1496 2518 quis

432 2534 559 2566 nunc
583 2535 656 2566 me
680 2521 844 2582 roget?
869 2520 1044 2583 aliquid
1067 2520 1283 2577 facerem,
1321 2527 1375 2566 ut
1403 2521 1493 2570 hoc

432 2599 494 2630 ne
519 2582 718 2632 facerem
751 2583 811 2631 A.
835 2584 870 2640 i,
891 2590 940 2632 5.
961 2589 1044 2633 23.
1063 2588 1128 2633 24
1175 2583 1329 2647 Egon'
1370 2585 1494 2632 istuc

431 2646 667 2696 facerem?
703 2648 762 2695 A.
785 2648 857 2706 iii,
878 2652 928 2697 4.
947 2655 977 2696 5
1013 2648 1116 2710 Ego
1133 2648 1382 2695 homuncio
1399 2650 1488 2696 hoc

433 2727 530 2759 non
551 2712 785 2760 facerem?
822 2711 913 2761 Eu.
935 2712 1006 2769 iii,
1027 2718 1075 2759 5.
1098 2716 1161 2761 43
1211 2711 1342 2768 Quid
1363 2712 1490 2760 face-

433 2777 565 2824 rem?
602 2775 694 2824 Eu.
713 2793 760 2832 V,
786 2781 830 2825 1.
857 2782 914 2826 15
971 2775 1069 2832 Qui
1095 2775 1209 2823 mihi
1247 2776 1494 2824 consilium

435 2840 588 2900 dedit,
611 2849 664 2889 ut
684 2840 885 2888 facerem
907 2841 1000 2888 Eu.
1025 2857 1072 2900 v,
1089 2844 1140 2888 9.
1162 2843 1222 2888 15
1258 2837 1364 2887 Nec
1387 2855 1492 2888 cum

435 2905 557 2952 male
591 2904 811 2961 facerem,
844 2905 1079 2952 crederem
1115 2903 1226 2950 mihi
1255 2902 1496 2966 impunius

429 2968 575 3016 licere
619 2968 744 3016 Hes.
777 2967 845 3023 ῖὶῖ,
863 2972 916 3018 2.
937 2971 1004 3016 49
1050 2966 1152 3014 Illis
1183 2968 1296 3014 dum
1329 2968 1496 3014 studeo

435 3039 492 3079 ut
511 3047 652 3094 quam
684 3031 933 3095 plurimum
962 3031 1182 3090 facerem,
1215 3031 1413 3080 contrivi
1445 3031 1496 3080 in

437 3096 692 3160 quaerendo
728 3096 870 3142 vitem
901 3094 1001 3146 Ad.
1024 3113 1072 3157 v,
1093 3100 1142 3145 4.
1165 3100 1225 3145 15
1262 3095 1405 3152 Quod
1446 3104 1499 3143 ut

433 3162 654 3222 facerem,
677 3166 860 3238 egestus
883 3176 958 3209 me
978 3160 1166 3224 impulit
1215 3160 1306 3208 Ph.
1327 3176 1375 3218 v,
1397 3164 1442 3211 1.
1464 3165 1498 3210 6

441 3225 756 3280 Verebamini,
788 3240 849 3274 ne
879 3241 978 3273 non
1009 3225 1061 3272 id
1093 3225 1310 3282 facerem,
1331 3225 1497 3288 quod?

435 3289 528 3336 Ph.
551 3307 598 3347 v,
618 3294 668 3339 7.
688 3295 722 3340 9
755 3289 1086 3338 Interminatus
1121 3299 1241 3346 sum,
1277 3304 1339 3338 ne
1370 3289 1497 3338 face-

437 3353 545 3402 res?
579 3354 646 3404 A.
684 3353 752 3410 iii,
776 3358 912 3404 2.16
959 3354 1148 3404 Veritus
1183 3369 1304 3412 sum,
1341 3353 1497 3412 Dave,

437 3418 522 3465 abs
541 3424 608 3474 te,
631 3434 694 3466 ne
714 3419 890 3467 faceres
910 3416 1054 3478 idem,
1074 3417 1204 3482 quod
1257 3418 1321 3468 A.
1353 3417 1424 3478 iii,
1444 3424 1495 3469 4.

437 3485 468 3531 3
501 3482 572 3530 Αι
593 3490 644 3531 ιιι
664 3483 906 3547 indiguus,
927 3484 1010 3546 qui
1028 3483 1205 3532 faceres
1222 3490 1380 3530 tamen
1403 3481 1496 3530 Ειι.

436 3564 484 3603 v,
506 3551 554 3596 2.
576 3552 640 3598 27
685 3547 832 3604 Quod
853 3555 904 3596 tu
926 3548 968 3594 si
988 3548 1112 3596 idem
1133 3548 1328 3603 faceres,
1350 3546 1500 3658 ¹¹¹3?

438 3611 488 3658 in
508 3627 604 3659 rem
617 3619 666 3660 et
679 3620 899 3670 nostram,
921 3621 971 3660 et
985 3621 1184 3661 vostram
1202 3611 1252 3658 id
1267 3617 1390 3659 esset
1454 3627 1500 3661 e.

438 3675 492 3731 ii,
514 3679 563 3723 2.
588 3679 618 3724 7
665 3676 830 3724 Causae
864 3677 1168 3740 impellebant
1195 3676 1336 3732 leves,
1369 3676 1498 3740 quod

436 3754 567 3786 nunc
589 3739 801 3788 minitare
822 3741 993 3799 facere,
1013 3750 1069 3790 ut
1087 3742 1262 3790 faceres
1307 3739 1402 3789 He.
1419 3740 1499 3795 iii,

438 3807 490 3854 4.
514 3807 575 3852 13
629 3803 757 3860 Quid
780 3805 973 3861 faceres,
997 3807 1038 3854 si
1058 3807 1184 3853 aliud
1209 3803 1393 3868 gravius
1413 3804 1499 3854 tibi

439 3884 568 3916 nunc
610 3867 884 3915 faciundum
927 3870 1047 3916 foret
1067 3871 1085 3917 ?
1138 3871 1227 3918 Ph.
1272 3869 1308 3926 i,
1341 3873 1390 3918 4.
1433 3874 1498 3918 30

441 3932 571 3988 Quin
593 3948 718 3980 novo
742 3933 882 3980 modo
903 3933 947 3980 ei
966 3933 1141 3982 faceres
1167 3933 1498 3982 contumeliam

439 3995 530 4044 Ph.
555 4014 600 4054 v,
623 4001 671 4046 7.
693 4000 758 4047 79
807 3995 936 4044 Νιιιιι
958 4012 1119 4044 censes
1140 3998 1330 4052 faceret,
1352 3997 1499 4044 filium

439 4061 532 4108 nisi
567 4061 708 4110 sciret
743 4063 908 4109 eadem
943 4062 1044 4108 haec
1073 4061 1232 4110 velle?
1270 4060 1332 4107 A.
1355 4060 1424 4116 iii,
1447 4065 1498 4110 3.

442 4130 508 4174 46
541 4126 698 4190 Atque
719 4127 938 4190 equidem
960 4133 1139 4182 orante,
1164 4133 1290 4172 utne
1306 4125 1354 4171 id
1373 4125 1498 4174 faee-

437 4197 530 4244 τοι,
557 4190 740 4240 Thaide
792 4191 886 4238 Eu.
921 4207 968 4246 v,
990 4195 1040 4238 5.
1068 4194 1129 4238 14
1184 4189 1499 4245 Quamobrem

438 4253 622 4316 insigne
643 4254 822 4319 aliquid
842 4255 1016 4304 faceret
1051 4254 1125 4302 his
1170 4253 1262 4301 Eu.
1296 4269 1344 4315 r,
1365 4257 1414 4300 6.
1435 4256 1496 4302 31

445 4315 574 4374 Quid
595 4319 804 4370 faceret?
842 4318 1154 4383 Cli-*Rogess
1204 4317 1328 4366 Hes.
1361 4317 1430 4382 iii,
1448 4323 1498 4367 2.

2450 418 2621 487 cxix

1561 591 1625 637 21
1670 585 1763 635 Per
1783 592 1831 636 te
1853 584 1929 634 vel
1948 584 2032 635 -uti
2061 588 2289 649 quaestum
2318 586 2509 647 feceret,
2545 590 2623 639 vel

1563 652 1637 699 uti
1669 651 1793 701 Hes.
1814 652 1881 709 iv,
1907 656 1950 703 1.
1973 655 2036 701 27
2060 650 2315 699 ¹Alieniore
2335 659 2491 711 aetnte,
2513 664 2623 718 post

1563 716 1738 765 faceret
1758 723 1915 763 tamen
1946 714 2046 766 Ad.
2080 716 2114 772 i,
2137 720 2188 765 2.
2210 719 2274 765 30
2316 716 2367 763 Si
2388 726 2511 765 esset
2528 718 2625 768 alin

1563 796 1623 829 ex
1645 781 1736 829 hoc
1758 789 1957 843 quaestu,
1978 781 2103 827 haud
2125 780 2315 837 faceret,
2331 781 2431 829 scio
2464 780 2557 831 He.
2576 800 2623 840 v,

1568 849 1613 893 1.
1636 849 1702 893 29
1733 844 1991 907 Nunquam
2011 846 2187 893 faceret
2218 844 2309 893 Ph.
2332 846 2371 906 i,
2395 850 2445 895 2.
2465 850 2523 895 71
2572 848 2626 899 Si

1565 916 1706 964 esset,
1729 910 1857 956 unde
1876 910 1928 957 id
1950 908 2099 966 fleret,
2122 909 2377 957 faceremus
2408 909 2503 957 Ad.
2520 910 2557 967 i,
2574 916 2627 963 2.

1564 978 1628 1023 27
1663 973 1891 1022 Facerent
1910 973 2070 1037 sugam
2102 972 2193 1021 Eu.
2210 973 2277 1035 iv,
2297 977 2345 1023 7.
2367 978 2427 1023 17
2463 973 2625 1025 Debe-

1564 1053 1661 1099 sm,
1684 1038 1843 1101 credo,
1859 1038 1938 1086 isti
1971 1038 2224 1102 quicquam
2244 1037 2481 1095 furcifero,
2504 1039 2543 1087 si
2574 1040 2625 1089 id

1564 1102 1755 1151 fecerim
1794 1102 1886 1153 Eu.
1910 1120 1956 1166 v,
1974 1108 2025 1152 2.
2048 1106 2112 1152 23
2168 1102 2277 1151 Scio
2310 1102 2426 1165 quid
2460 1104 2627 1153 feceris

1565 1166 1687 1215 Hes.
1710 1167 1775 1223 iv,
1799 1173 1845 1217 1.
1874 1172 1933 1217 14
1974 1167 2117 1224 Quod
2138 1167 2410 1215 faciundum
2432 1168 2627 1219 fortasse

1565 1231 1627 1282 sit
1648 1238 1772 1294 post,
1790 1230 1916 1281 idem
1938 1234 2027 1281 hoc
2049 1246 2177 1280 nunc
2198 1232 2239 1279 si
2262 1232 2424 1281 feceris
2446 1232 2539 1281 He.
2560 1234 2629 1291 iv,

1565 1299 1617 1345 3.
1639 1300 1669 1345 3
1708 1295 1808 1352 Qui
1827 1297 1888 1345 ab
1909 1297 2034 1345 Orco
2058 1304 2289 1345 mortuum
2308 1312 2383 1344 me
2408 1298 2627 1347 reducem

1563 1360 1615 1407 in
1639 1360 1791 1408 lucem
1813 1362 1979 1410 feceris
2013 1361 2109 1410 He.
2133 1378 2179 1416 v,
2200 1365 2251 1410 4.
2278 1365 2339 1411 12
2374 1361 2470 1410 Ubi
2492 1376 2626 1424 pere-

1565 1440 1665 1486 gre,
1685 1426 1773 1473 tibi
1792 1427 1923 1488 quod
1946 1426 2128 1475 libitum
2150 1426 2257 1483 suit,
2280 1426 2445 1475 feceris
2465 1426 2556 1476 Ph.
2578 1443 2628 1485 v,

1564 1493 1614 1538 7.
1638 1494 1700 1539 77
1755 1489 1885 1546 Quid
1928 1491 2009 1539 ille
2050 1491 2239 1539 fecerit!
2286 1506 2427 1555 quem
2470 1506 2627 1555 neque

1565 1553 1715 1617 pudet
1736 1556 1988 1617 quicquam
2020 1555 2119 1602 Ad.
2144 1556 2180 1612 i,
2203 1560 2251 1605 2.
2272 1560 2303 1605 4
2359 1555 2431 1603 Po
2470 1554 2549 1603 ulo
2572 1563 2628 1605 ut

1566 1618 1825 1681 placerent,
1844 1635 1962 1683 quas
1978 1618 2168 1669 fecisset
2187 1620 2369 1667 fabulas
2461 1654 2473 1667 .
2499 1620 2629 1670 Ptol.

1566 1688 1596 1729 3
1631 1682 1711 1730 Αιι
1736 1684 1993 1746 ρωιιῖιοὴιιι
2006 1683 2191 1747 flagitii,
2215 1693 2262 1733 te
2282 1690 2473 1733 auctore
2530 1686 2627 1733 uod

1563 1746 1753 1795 fecisset
1772 1749 2045 1798 adolescens
2067 1749 2085 1796 ?
2130 1747 2220 1797 Eu.
2242 1765 2289 1806 v,
2312 1753 2361 1799 7.
2385 1752 2447 1799 12
2542 1749 2628 1797 iid

1564 1811 1773 1871 fecisset,
1796 1814 1947 1877 magis
1957 1814 2131 1861 *mirum
2152 1812 2273 1862 foret
2304 1812 2397 1861 He.
2418 1813 2471 1873 ii,
2498 1817 2543 1865 1.
2560 1817 2625 1864 23

1563 1875 1725 1940 Magis
1767 1876 2023 1940 placerent,
2065 1892 2183 1941 quas
2223 1879 2413 1927 fecisset
2445 1877 2627 1926 fabulas

1565 1940 1658 1991 Ph.
1680 1941 1807 1989 Prol.
1834 1947 1895 1993 12
1946 1941 2077 2000 Quin
2109 1958 2220 2006 ergo
2242 1958 2355 2006 rape
2387 1958 2478 1991 me.
2510 1942 2628 2005 quid

1565 2007 1751 2053 cessas?
1774 2006 1865 2055 Ge.
1899 2007 2071 2055 Fecero
2111 2007 2200 2056 Ph.
2221 2024 2270 2064 v,
2292 2012 2342 2057 6.
2362 2011 2429 2057 42
2472 2005 2567 2054 Sed
2589 2005 2631 2054 si

1563 2076 1677 2181 ξιξ
1678 2070 1948 2183 1ξὲῗίωὲ
1980 2072 2099 2185 33²¹?
2129 2071 2352 2191 33⁰⁵&
2383 2070 2629 2197 23³5&

1567 2197 1705 2253 Istuc,
1728 2199 1819 2246 nisi
1842 2198 2103 2262 periculum
2123 2198 2323 2246 feceris?
2378 2196 2443 2245 A.
2486 2197 2555 2253 iii,
2580 2202 2632 2247 3.

1565 2266 1630 2311 33
1665 2261 1745 2311 Illi
1766 2272 1944 2325 gratum
1965 2264 2131 2311 feceris
2153 2262 2246 2313 Eu.
2270 2264 2333 2319 iv,
2354 2266 2403 2311 4.
2423 2266 2489 2311 56
2508 2261 2632 2311 Tute

1565 2326 1693 2374 idem
1734 2326 1899 2375 melius
1941 2328 2107 2375 feceris
2140 2328 2232 2375 Ph.
2254 2327 2308 2383 ii,
2329 2329 2377 2376 3.
2398 2330 2464 2375 79
2515 2326 2631 2375 Tuis

1567 2391 1762 2453 dignum
1783 2391 1921 2439 factis
1940 2392 2105 2440 feceris
2144 2390 2236 2441 Ph.
2256 2392 2308 2448 ii,
2332 2394 2381 2441 3.
2404 2394 2468 2440 83
2531 2390 2632 2448 Qui

1567 2454 1657 2502 erit
1676 2469 1831 2504 rumor
1851 2456 2035 2520 populi,
2066 2455 2239 2520 inquit,
2270 2456 2311 2504 si
2342 2454 2393 2504 id
2426 2450 2629 2504 feceris?

1567 2520 1661 2569 Ph.
1684 2537 1731 2575 v,
1752 2523 1803 2568 7.
1830 2525 1890 2569 18
1943 2520 2005 2567 Id
2038 2528 2121 2569 tun
2148 2520 2291 2569 refert
2309 2519 2446 2577 nihil,
2476 2526 2631 2568 utrum

1567 2584 1663 2631 illae
1704 2582 1900 2632 feceriut
1952 2584 2050 2632 He.
2087 2585 2150 2640 iv,
2182 2589 2231 2634 3.
2255 2587 2321 2632 12
2373 2583 2631 2647 Indignum

1563 2647 1665 2710 jum
1686 2647 1869 2696 facinus
1889 2647 1997 2696 faxo
2018 2665 2077 2696 ex
2101 2664 2173 2696 me
2206 2649 2371 2695 andins
2422 2647 2487 2696 A.
2510 2665 2558 2711 v,
2578 2653 2629 2700 2.

1572 2715 1633 2760 13
1690 2711 1781 2759 Nae
1804 2719 1855 2758 ιιι
1875 2711 2003 2772 istas,
2036 2713 2163 2768 faxo,
2182 2711 2389 2759 calcibus
2411 2727 2539 2775 saepe
2557 2710 2632 2760 in-

1568 2774 1763 2822 sultabis
1783 2775 1950 2822 frustm
1988 2775 2081 2826 Eu.
2103 2775 2159 2830 ii,
2180 2780 2230 2824 2.
2251 2780 2317 2826 54
2368 2775 2477 2824 Jam
2516 2776 2629 2825 faxo

1569 2839 1690 2886 scies
1723 2837 1815 2887 Eu.
1836 2839 1902 2896 iv,
1926 2843 1975 2889 3.
1996 2843 2059 2889 21
2116 2838 2371 2886 Ademtum
2409 2838 2495 2886 tibi
2527 2837 2631 2900 jem

1569 2903 1678 2950 faxo
1696 2917 1882 2950 omnem
1898 2911 2075 2953 metum
2107 2902 2235 2952 Hes.
2258 2902 2310 2958 ii,
2332 2908 2381 2952 3.
2400 2907 2495 2952 100
2530 2901 2629 2951 Cu-

1570 2962 1685 3030 pi'de
1704 2967 1925 3029 accipiat,
1947 2968 2055 3016 faxo
2088 2966 2185 3014 Ad.
2204 2967 2259 3024 ii,
2280 2972 2327 3016 2.
2354 2971 2379 3016 1
2438 2965 2631 3018 Faviuae

1570 3030 1729 3094 plene,
1763 3031 1896 3092 fumi,
1930 3047 1985 3079 sc
2028 3030 2237 3094 pollinis,
2276 3032 2527 3095 coquendo
2571 3031 2635 3078 sit

1569 3095 1699 3156 faxo,
1720 3103 1771 3142 et
1788 3096 2009 3144 molendo
2030 3095 2129 3156 Ad.
2151 3112 2198 3152 v,
2222 3100 2269 3144 3.
2290 3101 2353 3146 61
2369 3133 2375 3138 ψ.
2397 3095 2505 3145 Jem
2521 3095 2631 3143 faxo

1570 3159 1651 3207 hic
1692 3159 1845 3207 aderit
1872 3160 1967 3209 Ph.
1990 3160 2042 3218 ii,
2062 3166 2109 3210 1.
2134 3164 2216 3209 78.
2258 3177 2307 3216 v,
2329 3164 2377 3210 8.
2397 3165 2465 3210 06
2482 3158 2633 3208 ’Ἐιιιο

1571 3224 1655 3273 tali
1678 3239 1787 3272 eum
1809 3233 2079 3280 mactatum.
2100 3231 2243 3288 atque
2263 3225 2343 3272 hic
2363 3230 2453 3282 est,
2483 3223 2635 3272 infor-

1571 3288 1707 3336 tunio
1761 3287 1852 3336 Ph.
1893 3306 1939 3347 r,
1975 3294 2023 3338 8.
2066 3293 2133 3339 39
2184 3289 2391 3337 Verbum
2430 3287 2472 3337 si
2516 3287 2634 3336 mibi

1570 3369 1717 3400 uuum
1758 3353 1898 3416 faxis,
1937 3369 2052 3402 cave
2104 3353 2167 3404 A.
2202 3353 2272 3416 iv,
2295 3358 2344 3402 4.
2365 3358 2430 3403 14
2485 3352 2635 3415 Cave,

1565 3417 1693 3466 fuis
1711 3434 1727 3478 ;
1746 3433 1847 3466 nou
1866 3433 1987 3482 opus
2008 3424 2098 3481 est,
2119 3425 2252 3481 peter
2293 3418 2417 3466 Hes.
2434 3417 2473 3476 i,
2494 3422 2544 3470 2.
2567 3420 2631 3467 13

1571 3481 1766 3538 Vereor,
1808 3497 1949 3545 quem
1988 3497 2051 3531 ne
2092 3483 2209 3546 quid
2240 3483 2293 3530 in
2323 3482 2454 3530 illum
2488 3481 2633 3529 iratus

1571 3546 1680 3608 plus
1700 3546 1811 3594 satis
1830 3547 1965 3608 faxit,
1987 3554 2119 3610 pater
2157 3547 2283 3596 Hea.
2303 3547 2341 3608 i,
2362 3551 2411 3596 2.
2434 3549 2499 3594 24
2553 3543 2635 3592 Ne

1571 3610 1688 3673 quid
1711 3610 1815 3673 plus
1837 3612 2049 3659 minusve
2068 3611 2202 3668 faxit,
2242 3612 2371 3675 quod
2404 3625 2493 3657 nos
2528 3614 2637 3671 post

1572 3675 1736 3738 pigeat
1767 3674 1857 3723 Ph.
1878 3675 1948 3736 iii,
1968 3679 2015 3724 3.
2036 3680 2097 3725 21
2144 3676 2337 3724 Utinam
2358 3675 2425 3723 ita
2446 3672 2518 3721 Di
2536 3673 2635 3720 fux-

1571 3739 1673 3787 int!
1710 3739 1831 3787 Hea-
1868 3740 1901 3796 i,
1925 3744 1971 3788 1.
1997 3744 2109 3790 109.
2158 3739 2251 3787 He.
2272 3739 2345 3795 iii,
2368 3743 2416 3788 2.
2440 3742 2504 3787 19
2556 3735 2636 3783 Ita
2720 3749 2731 3758 ·

1574 3803 1642 3850 Di
1666 3791 1879 3867 Deaeque
1900 3803 2066 3860 faxint,
2090 3805 2130 3851 si
2146 3804 2196 3850 iu
2220 3820 2315 3852 rem
2338 3810 2412 3851 est
2431 3799 2635 3850 Bacchi-

1572 3867 1648 3914 dis
1681 3868 1777 3916 He.
1800 3869 1836 3921 i.
1856 3873 1907 3918 2.
1930 3871 1991 3916 27
2028 3868 2159 3924 Quid
2180 3868 2334 3916 facere
2348 3867 2399 3914 in
2415 3868 2503 3914 bac
2519 3880 2569 3912 re
2586 3871 2634 3911 te

1573 3932 1715 3980 velim
1749 3930 1813 3979 A.
1836 3933 1870 3988 i,
1894 3935 1942 3981 1.
1964 3935 2029 3980 23
2054 3933 2175 3988 Quae
2193 3948 2299 3980 meo
2322 3946 2509 3994 cunque
2529 3927 2637 3976 nni-

1571 4010 1651 4042 mo
1675 3995 1871 4044 lubitum
1894 4003 1985 4056 est,
2005 3996 2157 4045 facere
2204 3995 2269 4054 A,
2289 3996 2326 4052 i,
2347 4001 2395 4046 5.
2417 3999 2483 4045 28
2529 3990 2633 4048 Ait,

1573 4061 1770 4107 nimium
1792 4076 1931 4122 parce
1950 4060 2102 4109 facere
2117 4068 2319 4108 sumtum
2351 4060 2414 4107 A.
2435 4058 2488 4115 ii,
2502 4061 2634 4107 0..19

1573 4124 1704 4172 Huic
1726 4125 1897 4172 veritus
1918 4135 1990 4172 est
2009 4133 2215 4188 optumae
2240 4122 2530 4173 adolescenti
2561 4121 2634 4168 fn-

1574 4203 1679 4238 cere
1696 4188 1914 4251 injurium
1946 4187 2011 4237 A.
2029 4189 2105 4245 iii,
2122 4194 2169 4238 2.
2188 4195 2219 4238 8
2238 4188 2324 4235 .Τιι
2342 4188 2425 4236 hes
2444 4185 2635 4250 nuptias

1573 4267 1717 4316 perge
1758 4254 1910 4302 facere
1952 4252 2038 4314 ita,
2074 4261 2129 4301 ut
2165 4253 2283 4301 facis
2324 4252 2385 4300 A.
2401 4252 2475 4310 iii,
2492 4257 2543 4303 2.
2564 4253 2632 4298 42

1573 4316 1683 4372 Qua
1697 4317 1871 4367 fiducia
1883 4318 1934 4366 id
1948 4317 2101 4368 facere
2117 4319 2317 4368 audeam
2333 4318 2351 4367 ?
2368 4316 2434 4372 A.
2448 4317 2519 4378 iii,
2532 4322 2582 4367 5.
2597 4317 2629 4364 7
