<?xml version="1.0" encoding="UTF-8"?>
<!DOCTYPE html PUBLIC "-//W3C//DTD XHTML 1.0 Transitional//EN"
    "http://www.w3.org/TR/xhtml1/DTD/xhtml1-transitional.dtd">
<html xmlns="http://www.w3.org/1999/xhtml" xml:lang="en" lang="en">
 <head>
  <title>
</title>
<meta http-equiv="Content-Type" content="text/html;charset=utf-8" />
  <meta name='ocr-system' content='tesseract 3.04.00' />
  <meta name='ocr-capabilities' content='ocr_page ocr_carea ocr_par ocr_line ocrx_word'/>
</head>
<body>
  <div class='ocr_page' id='page_1' title='image "./comoedisex09westgoog_0495.png"; bbox 0 0 3192 4975; ppageno 0'>
   <div class='ocr_carea' id='block_1_1' title="bbox 1173 430 1775 482">
    <p class='ocr_par' dir='ltr' id='par_1_1' title="bbox 1173 430 1775 482">
     <span class='ocr_line' id='line_1_1' title="bbox 1173 430 1775 482; baseline 0.002 -2"><span class='ocrx_word' id='word_1_1' title='bbox 1173 431 1252 480; x_wconf 70' lang='lat' dir='ltr'><strong>ln</strong></span> <span class='ocrx_word' id='word_1_2' title='bbox 1300 430 1775 482; x_wconf 59' lang='lat' dir='ltr'><strong>&#39;raami‘rmsn</strong></span> 
     </span>
    </p>
   </div>
   <div class='ocr_carea' id='block_1_2' title="bbox 375 581 1448 1480">
    <p class='ocr_par' dir='ltr' id='par_1_2' title="bbox 375 581 1448 1480">
     <span class='ocr_line' id='line_1_2' title="bbox 378 581 1442 650; baseline 0 -16"><span class='ocrx_word' id='word_1_3' title='bbox 378 595 495 649; x_wconf 71' lang='lat' dir='ltr'><strong>agas</strong></span> <span class='ocrx_word' id='word_1_4' title='bbox 527 583 650 634; x_wconf 73' lang='lat' dir='ltr'><strong>Hes.</strong></span> <span class='ocrx_word' id='word_1_5' title='bbox 671 584 707 640; x_wconf 82' lang='lat' dir='ltr'><strong>i,</strong></span> <span class='ocrx_word' id='word_1_6' title='bbox 733 588 778 634; x_wconf 85' lang='lat' dir='ltr'><strong>l.</strong></span> <span class='ocrx_word' id='word_1_7' title='bbox 797 587 864 634; x_wconf 79' lang='grc'><strong>22</strong></span> <span class='ocrx_word' id='word_1_8' title='bbox 895 581 992 632; x_wconf 82' lang='lat' dir='ltr'><strong>Ubi</strong></span> <span class='ocrx_word' id='word_1_9' title='bbox 1015 583 1442 650; x_wconf 51' lang='lat' dir='ltr'><strong>tu&#39;dubiQ&#39;quid</strong></span> 
     </span>
     <span class='ocr_line' id='line_1_3' title="bbox 385 649 1442 713; baseline -0.001 -16"><span class='ocrx_word' id='word_1_10' title='bbox 385 665 544 698; x_wconf 83' lang='lat' dir='ltr'><strong>sumas</strong></span> <span class='ocrx_word' id='word_1_11' title='bbox 555 649 842 713; x_wconf 81' lang='lat' dir='ltr'><strong>potissimum</strong></span> <span class='ocrx_word' id='word_1_12' title='bbox 877 649 969 696; x_wconf 85' lang='lat' dir='ltr'><strong>Ph.</strong></span> <span class='ocrx_word' id='word_1_13' title='bbox 993 649 1050 704; x_wconf 72' lang='lat' dir='ltr'><strong>ii,</strong></span> <span class='ocrx_word' id='word_1_14' title='bbox 1075 653 1123 699; x_wconf 85' lang='grc'><strong>2.</strong></span> <span class='ocrx_word' id='word_1_15' title='bbox 1145 653 1211 699; x_wconf 80' lang='grc'><strong>29</strong></span> <span class='ocrx_word' id='word_1_16' title='bbox 1261 651 1442 708; x_wconf 82' lang='lat' dir='ltr'><strong>Faciat,</strong></span> 
     </span>
     <span class='ocr_line' id='line_1_4' title="bbox 383 715 1444 778; baseline 0 -16"><span class='ocrx_word' id='word_1_17' title='bbox 383 716 512 778; x_wconf 87' lang='lat' dir='ltr'><strong>quod</strong></span> <span class='ocrx_word' id='word_1_18' title='bbox 551 715 712 762; x_wconf 80' lang='lat' dir='ltr'><strong>lubet:</strong></span> <span class='ocrx_word' id='word_1_19' title='bbox 761 722 931 769; x_wconf 86' lang='lat' dir='ltr'><strong>sumat,</strong></span> <span class='ocrx_word' id='word_1_20' title='bbox 969 722 1234 770; x_wconf 83' lang='lat' dir='ltr'><strong>consumat,</strong></span> <span class='ocrx_word' id='word_1_21' title='bbox 1258 717 1444 778; x_wconf 80' lang='lat' dir='ltr'><strong>perdat,</strong></span> 
     </span>
     <span class='ocr_line' id='line_1_5' title="bbox 384 777 1446 841; baseline 0 -15"><span class='ocrx_word' id='word_1_22' title='bbox 384 781 620 834; x_wconf 76' lang='lat' dir='ltr'><strong>decretum</strong></span> <span class='ocrx_word' id='word_1_23' title='bbox 641 786 716 827; x_wconf 86' lang='lat' dir='ltr'><strong>est</strong></span> <span class='ocrx_word' id='word_1_24' title='bbox 742 779 843 841; x_wconf 82' lang='lat' dir='ltr'><strong>pati</strong></span> <span class='ocrx_word' id='word_1_25' title='bbox 873 777 1000 828; x_wconf 85' lang='lat' dir='ltr'><strong>Hea.</strong></span> <span class='ocrx_word' id='word_1_26' title='bbox 1025 778 1090 835; x_wconf 85' lang='lat' dir='ltr'><strong>iii,</strong></span> <span class='ocrx_word' id='word_1_27' title='bbox 1117 784 1160 827; x_wconf 90' lang='grc'><strong>1.</strong></span> <span class='ocrx_word' id='word_1_28' title='bbox 1183 785 1249 828; x_wconf 79' lang='grc'><strong>56</strong></span> <span class='ocrx_word' id='word_1_29' title='bbox 1282 780 1446 836; x_wconf 86' lang='lat' dir='ltr'><strong>Quan-</strong></span> 
     </span>
     <span class='ocr_line' id='line_1_6' title="bbox 385 843 1448 899; baseline 0.002 -9"><span class='ocrx_word' id='word_1_30' title='bbox 385 843 447 890; x_wconf 89' lang='lat' dir='ltr'><strong>do</strong></span> <span class='ocrx_word' id='word_1_31' title='bbox 490 845 579 890; x_wconf 88' lang='lat' dir='ltr'><strong>hoc</strong></span> <span class='ocrx_word' id='word_1_32' title='bbox 619 843 742 891; x_wconf 82' lang='lat' dir='ltr'><strong>bene</strong></span> <span class='ocrx_word' id='word_1_33' title='bbox 795 843 1034 899; x_wconf 82' lang='lat' dir='ltr'><strong>suecessit,</strong></span> <span class='ocrx_word' id='word_1_34' title='bbox 1076 843 1266 891; x_wconf 85' lang='lat' dir='ltr'><strong>hilarem</strong></span> <span class='ocrx_word' id='word_1_35' title='bbox 1321 847 1448 893; x_wconf 87' lang='lat' dir='ltr'><strong>hune</strong></span> 
     </span>
     <span class='ocr_line' id='line_1_7' title="bbox 375 907 1446 972; baseline 0.002 -18"><span class='ocrx_word' id='word_1_36' title='bbox 375 923 618 972; x_wconf 41' lang='lat' dir='ltr'><strong>‚sumamus</strong></span> <span class='ocrx_word' id='word_1_37' title='bbox 657 908 784 955; x_wconf 87' lang='lat' dir='ltr'><strong>diem</strong></span> <span class='ocrx_word' id='word_1_38' title='bbox 833 907 928 956; x_wconf 85' lang='lat' dir='ltr'><strong>Ad.</strong></span> <span class='ocrx_word' id='word_1_39' title='bbox 965 907 1018 963; x_wconf 86' lang='lat' dir='ltr'><strong>ii,</strong></span> <span class='ocrx_word' id='word_1_40' title='bbox 1059 911 1110 956; x_wconf 67' lang='grc' dir='ltr'><strong>Δ.</strong></span> <span class='ocrx_word' id='word_1_41' title='bbox 1133 912 1198 957; x_wconf 68' lang='lat'><strong>28</strong></span> <span class='ocrx_word' id='word_1_42' title='bbox 1246 909 1336 957; x_wconf 89' lang='lat' dir='ltr'><strong>Cui</strong></span> <span class='ocrx_word' id='word_1_43' title='bbox 1379 909 1446 957; x_wconf 85' lang='lat' dir='ltr'><strong>rei</strong></span> 
     </span>
     <span class='ocr_line' id='line_1_8' title="bbox 385 972 1444 1034; baseline 0.003 -16"><span class='ocrx_word' id='word_1_44' title='bbox 385 987 503 1034; x_wconf 87' lang='lat' dir='ltr'><strong>opus</strong></span> <span class='ocrx_word' id='word_1_45' title='bbox 525 979 614 1033; x_wconf 86' lang='lat' dir='ltr'><strong>est,</strong></span> <span class='ocrx_word' id='word_1_46' title='bbox 635 972 681 1020; x_wconf 85' lang='lat' dir='ltr'><strong>ei</strong></span> <span class='ocrx_word' id='word_1_47' title='bbox 703 972 895 1019; x_wconf 77' lang='lat' dir='ltr'>hilarem</span> <span class='ocrx_word' id='word_1_48' title='bbox 917 973 1044 1020; x_wconf 88' lang='lat' dir='ltr'><strong>hunc</strong></span> <span class='ocrx_word' id='word_1_49' title='bbox 1065 987 1298 1020; x_wconf 85' lang='lat' dir='ltr'><strong>sumamus</strong></span> <span class='ocrx_word' id='word_1_50' title='bbox 1317 975 1444 1022; x_wconf 87' lang='lat' dir='ltr'><strong>diem</strong></span> 
     </span>
     <span class='ocr_line' id='line_1_9' title="bbox 382 1035 1447 1102; baseline 0.003 -19"><span class='ocrx_word' id='word_1_51' title='bbox 382 1035 479 1084; x_wconf 84' lang='lat' dir='ltr'><strong>Ad.</strong></span> <span class='ocrx_word' id='word_1_52' title='bbox 520 1053 569 1099; x_wconf 80' lang='lat' dir='ltr'><strong>v,</strong></span> <span class='ocrx_word' id='word_1_53' title='bbox 606 1040 655 1087; x_wconf 72' lang='lat'><strong>8.</strong></span> <span class='ocrx_word' id='word_1_54' title='bbox 699 1041 763 1086; x_wconf 81' lang='grc'><strong>68</strong></span> <span class='ocrx_word' id='word_1_55' title='bbox 815 1036 930 1084; x_wconf 88' lang='lat' dir='ltr'><strong>Nou</strong></span> <span class='ocrx_word' id='word_1_56' title='bbox 951 1037 1088 1100; x_wconf 81' lang='lat' dir='ltr'><strong>ratio,</strong></span> <span class='ocrx_word' id='word_1_57' title='bbox 1103 1053 1260 1084; x_wconf 77' lang='lat' dir='ltr'><strong>verum</strong></span> <span class='ocrx_word' id='word_1_58' title='bbox 1282 1053 1447 1102; x_wconf 79' lang='lat' dir='ltr'><strong>argen-</strong></span> 
     </span>
     <span class='ocr_line' id='line_1_10' title="bbox 385 1100 1444 1155; baseline 0.003 -7"><span class='ocrx_word' id='word_1_59' title='bbox 385 1107 485 1148; x_wconf 84' lang='lat' dir='ltr'><strong>tum</strong></span> <span class='ocrx_word' id='word_1_60' title='bbox 508 1101 685 1150; x_wconf 86' lang='lat' dir='ltr'><strong>deerat.</strong></span> <span class='ocrx_word' id='word_1_61' title='bbox 738 1100 832 1149; x_wconf 86' lang='lat' dir='ltr'><strong>De.</strong></span> <span class='ocrx_word' id='word_1_62' title='bbox 853 1102 1066 1150; x_wconf 81' lang='lat' dir='ltr'><strong>Sumeret</strong></span> <span class='ocrx_word' id='word_1_63' title='bbox 1085 1102 1302 1150; x_wconf 77' lang='lat' dir='ltr'>alicunde</span> <span class='ocrx_word' id='word_1_64' title='bbox 1352 1103 1444 1155; x_wconf 83' lang='lat' dir='ltr'><strong>Ph.</strong></span> 
     </span>
     <span class='ocr_line' id='line_1_11' title="bbox 383 1165 1446 1230; baseline 0.003 -18"><span class='ocrx_word' id='word_1_65' title='bbox 383 1165 436 1222; x_wconf 87' lang='lat' dir='ltr'><strong>ii,</strong></span> <span class='ocrx_word' id='word_1_66' title='bbox 463 1171 508 1214; x_wconf 87' lang='grc'><strong>1.</strong></span> <span class='ocrx_word' id='word_1_67' title='bbox 527 1171 594 1214; x_wconf 81' lang='grc'><strong>69</strong></span> <span class='ocrx_word' id='word_1_68' title='bbox 635 1165 722 1213; x_wconf 77' lang='lat' dir='ltr'><strong>Ex</strong></span> <span class='ocrx_word' id='word_1_69' title='bbox 739 1165 846 1214; x_wconf 84' lang='lat' dir='ltr'><strong>aliis</strong></span> <span class='ocrx_word' id='word_1_70' title='bbox 865 1181 1047 1214; x_wconf 86' lang='lat' dir='ltr'><strong>sumere</strong></span> <span class='ocrx_word' id='word_1_71' title='bbox 1069 1168 1332 1230; x_wconf 84' lang='lat' dir='ltr'><strong>exemplum</strong></span> <span class='ocrx_word' id='word_1_72' title='bbox 1357 1168 1446 1216; x_wconf 84' lang='lat' dir='ltr'><strong>sibi</strong></span> 
     </span>
     <span class='ocr_line' id='line_1_12' title="bbox 387 1229 1446 1286; baseline 0.005 -10"><span class='ocrx_word' id='word_1_73' title='bbox 387 1229 485 1277; x_wconf 79' lang='lat' dir='ltr'><strong>Ad.</strong></span> <span class='ocrx_word' id='word_1_74' title='bbox 507 1230 578 1286; x_wconf 83' lang='lat' dir='ltr'><strong>iii,</strong></span> <span class='ocrx_word' id='word_1_75' title='bbox 597 1235 646 1278; x_wconf 77' lang='grc'><strong>3.</strong></span> <span class='ocrx_word' id='word_1_76' title='bbox 669 1235 732 1280; x_wconf 97' lang='grc'><strong>62</strong></span> <span class='ocrx_word' id='word_1_77' title='bbox 767 1230 815 1278; x_wconf 83' lang='lat' dir='ltr'><strong>Si</strong></span> <span class='ocrx_word' id='word_1_78' title='bbox 835 1231 884 1278; x_wconf 84' lang='lat' dir='ltr'><strong>iu</strong></span> <span class='ocrx_word' id='word_1_79' title='bbox 903 1233 1182 1280; x_wconf 82' lang='lat' dir='ltr'><strong>deterrendo</strong></span> <span class='ocrx_word' id='word_1_80' title='bbox 1200 1233 1446 1280; x_wconf 82' lang='lat' dir='ltr'><strong>voluissem</strong></span> 
     </span>
     <span class='ocr_line' id='line_1_13' title="bbox 387 1295 1448 1357; baseline 0.003 -16"><span class='ocrx_word' id='word_1_81' title='bbox 387 1309 578 1357; x_wconf 75' lang='lat' dir='ltr'><strong>operam</strong></span> <span class='ocrx_word' id='word_1_82' title='bbox 600 1311 778 1343; x_wconf 88' lang='lat' dir='ltr'><strong>sumere</strong></span> <span class='ocrx_word' id='word_1_83' title='bbox 829 1295 924 1344; x_wconf 89' lang='lat' dir='ltr'><strong>He.</strong></span> <span class='ocrx_word' id='word_1_84' title='bbox 946 1296 1048 1344; x_wconf 75' lang='lat' dir='ltr'><strong>Ait.</strong></span> <span class='ocrx_word' id='word_1_85' title='bbox 1071 1296 1198 1344; x_wconf 86' lang='lat' dir='ltr'><strong>Prol.</strong></span> <span class='ocrx_word' id='word_1_86' title='bbox 1223 1303 1285 1346; x_wconf 83' lang='grc'><strong>17</strong></span> <span class='ocrx_word' id='word_1_87' title='bbox 1337 1297 1448 1354; x_wconf 83' lang='lat' dir='ltr'><strong>Quo</strong></span> 
     </span>
     <span class='ocr_line' id='line_1_14' title="bbox 387 1360 1448 1421; baseline 0.004 -16"><span class='ocrx_word' id='word_1_88' title='bbox 387 1366 528 1421; x_wconf 90' lang='lat' dir='ltr'><strong>pacto</strong></span> <span class='ocrx_word' id='word_1_89' title='bbox 551 1360 812 1410; x_wconf 82' lang='lat' dir='ltr'><strong>satietatem</strong></span> <span class='ocrx_word' id='word_1_90' title='bbox 834 1362 1002 1408; x_wconf 77' lang='lat' dir='ltr'><strong>amoris</strong></span> <span class='ocrx_word' id='word_1_91' title='bbox 1023 1361 1092 1408; x_wconf 83' lang='lat' dir='ltr'><strong>ait</strong></span> <span class='ocrx_word' id='word_1_92' title='bbox 1126 1377 1178 1408; x_wconf 90' lang='lat' dir='ltr'><strong>se</strong></span> <span class='ocrx_word' id='word_1_93' title='bbox 1213 1362 1332 1410; x_wconf 84' lang='lat' dir='ltr'><strong>velle</strong></span> <span class='ocrx_word' id='word_1_94' title='bbox 1371 1377 1448 1409; x_wconf 83' lang='lat' dir='ltr'><strong>su-</strong></span> 
     </span>
     <span class='ocr_line' id='line_1_15' title="bbox 390 1425 866 1480; baseline 0.008 -10"><span class='ocrx_word' id='word_1_95' title='bbox 390 1425 548 1476; x_wconf 80' lang='lat' dir='ltr'><strong>mere?</strong></span> <span class='ocrx_word' id='word_1_96' title='bbox 583 1425 674 1473; x_wconf 88' lang='lat' dir='ltr'><strong>Ph.</strong></span> <span class='ocrx_word' id='word_1_97' title='bbox 693 1442 739 1480; x_wconf 83' lang='lat' dir='ltr'><strong>v,</strong></span> <span class='ocrx_word' id='word_1_98' title='bbox 763 1431 810 1474; x_wconf 74' lang='grc' dir='ltr'><strong>ὅ.</strong></span> <span class='ocrx_word' id='word_1_99' title='bbox 833 1430 866 1474; x_wconf 87' lang='grc'><strong>6</strong></span> 
     </span>
    </p>
   </div>
   <div class='ocr_carea' id='block_1_3' title="bbox 455 1489 1458 1554">
    <p class='ocr_par' dir='ltr' id='par_1_3' title="bbox 455 1489 1458 1554">
     <span class='ocr_line' id='line_1_16' title="bbox 455 1489 1458 1554; baseline 0.001 -17"><span class='ocrx_word' id='word_1_100' title='bbox 455 1489 748 1546; x_wconf 84' lang='lat' dir='ltr'><strong>Sumtuosus,</strong></span> <span class='ocrx_word' id='word_1_101' title='bbox 771 1505 819 1544; x_wconf 88' lang='lat' dir='ltr'><strong>a,</strong></span> <span class='ocrx_word' id='word_1_102' title='bbox 851 1505 949 1538; x_wconf 89' lang='lat' dir='ltr'><strong>um.</strong></span> <span class='ocrx_word' id='word_1_103' title='bbox 1013 1490 1133 1538; x_wconf 83' lang='lat' dir='ltr'><strong>Mea</strong></span> <span class='ocrx_word' id='word_1_104' title='bbox 1169 1498 1242 1539; x_wconf 89' lang='lat' dir='ltr'><strong>est</strong></span> <span class='ocrx_word' id='word_1_105' title='bbox 1261 1499 1458 1554; x_wconf 70' lang='lat' dir='ltr'><strong>potens,&#39;</strong></span> 
     </span>
    </p>
   </div>
   <div class='ocr_carea' id='block_1_4' title="bbox 386 1555 1450 1617">
    <p class='ocr_par' dir='ltr' id='par_1_4' title="bbox 386 1555 1450 1617">
     <span class='ocr_line' id='line_1_17' title="bbox 386 1555 1450 1617; baseline 0.004 -17"><span class='ocrx_word' id='word_1_106' title='bbox 386 1563 580 1616; x_wconf 71' lang='lat' dir='ltr'><strong>procax,</strong></span> <span class='ocrx_word' id='word_1_107' title='bbox 603 1577 612 1586; x_wconf 92' lang='lat'>-</span> <span class='ocrx_word' id='word_1_108' title='bbox 634 1555 900 1617; x_wconf 81' lang='lat' dir='ltr'><strong>magnifica,</strong></span> <span class='ocrx_word' id='word_1_109' title='bbox 961 1563 1220 1610; x_wconf 73' lang='lat' dir='ltr'>sumtuosa,</span> <span class='ocrx_word' id='word_1_110' title='bbox 1275 1556 1450 1604; x_wconf 81' lang='lat' dir='ltr'><strong>nobilis</strong></span> 
     </span>
    </p>
   </div>
   <div class='ocr_carea' id='block_1_5' title="bbox 303 1617 1452 1684">
    <p class='ocr_par' dir='ltr' id='par_1_5' title="bbox 303 1617 1452 1684">
     <span class='ocr_line' id='line_1_18' title="bbox 303 1617 1452 1684; baseline 0.005 -22"><span class='ocrx_word' id='word_1_111' title='bbox 303 1645 310 1652; x_wconf 82' lang='lat'><strong>·</strong></span> <span class='ocrx_word' id='word_1_112' title='bbox 388 1617 512 1666; x_wconf 84' lang='lat' dir='ltr'><strong>Hea.</strong></span> <span class='ocrx_word' id='word_1_113' title='bbox 537 1618 592 1680; x_wconf 84' lang='lat' dir='ltr'><strong>ii,</strong></span> <span class='ocrx_word' id='word_1_114' title='bbox 613 1623 661 1668; x_wconf 87' lang='lat'><strong>1.</strong></span> <span class='ocrx_word' id='word_1_115' title='bbox 684 1625 746 1668; x_wconf 75' lang='lat'><strong>15</strong></span> <span class='ocrx_word' id='word_1_116' title='bbox 780 1618 966 1667; x_wconf 86' lang='lat' dir='ltr'><strong>Domus</strong></span> <span class='ocrx_word' id='word_1_117' title='bbox 989 1627 1230 1668; x_wconf 79' lang='lat' dir='ltr'><strong>sumtuosa</strong></span> <span class='ocrx_word' id='word_1_118' title='bbox 1262 1620 1362 1668; x_wconf 87' lang='lat' dir='ltr'><strong>Ad.</strong></span> <span class='ocrx_word' id='word_1_119' title='bbox 1387 1621 1452 1684; x_wconf 83' lang='lat' dir='ltr'><strong>iv,</strong></span> 
     </span>
    </p>
   </div>
   <div class='ocr_carea' id='block_1_6' title="bbox 385 1739 1472 4395">
    <p class='ocr_par' dir='ltr' id='par_1_6' title="bbox 385 1739 1466 4067">
     <span class='ocr_line' id='line_1_19' title="bbox 456 1739 1450 1812; baseline 0.002 -18"><span class='ocrx_word' id='word_1_120' title='bbox 456 1739 662 1794; x_wconf 79' lang='lat' dir='ltr'><strong>Sumtus.</strong></span> <span class='ocrx_word' id='word_1_121' title='bbox 744 1746 844 1803; x_wconf 77' lang='lat' dir='ltr'><strong>Ait,</strong></span> <span class='ocrx_word' id='word_1_122' title='bbox 887 1749 1082 1795; x_wconf 81' lang='lat' dir='ltr'><strong>nimium</strong></span> <span class='ocrx_word' id='word_1_123' title='bbox 1121 1764 1260 1812; x_wconf 85' lang='lat' dir='ltr'><strong>parce</strong></span> <span class='ocrx_word' id='word_1_124' title='bbox 1297 1749 1450 1796; x_wconf 73' lang='lat' dir='ltr'><strong>facere</strong></span> 
     </span>
     <span class='ocr_line' id='line_1_20' title="bbox 391 1810 1450 1876; baseline 0.001 -18"><span class='ocrx_word' id='word_1_125' title='bbox 391 1820 594 1859; x_wconf 86' lang='lat' dir='ltr'><strong>sumtum</strong></span> <span class='ocrx_word' id='word_1_126' title='bbox 627 1810 691 1859; x_wconf 81' lang='lat' dir='ltr'><strong>A.</strong></span> <span class='ocrx_word' id='word_1_127' title='bbox 709 1811 763 1868; x_wconf 85' lang='lat' dir='ltr'><strong>ii,</strong></span> <span class='ocrx_word' id='word_1_128' title='bbox 787 1817 836 1860; x_wconf 89' lang='lat'><strong>6.</strong></span> <span class='ocrx_word' id='word_1_129' title='bbox 859 1817 924 1861; x_wconf 82' lang='grc'><strong>19</strong></span> <span class='ocrx_word' id='word_1_130' title='bbox 970 1813 1066 1868; x_wconf 86' lang='lat' dir='ltr'><strong>Qui</strong></span> <span class='ocrx_word' id='word_1_131' title='bbox 1105 1828 1246 1876; x_wconf 87' lang='lat' dir='ltr'><strong>opere</strong></span> <span class='ocrx_word' id='word_1_132' title='bbox 1277 1813 1450 1860; x_wconf 75' lang='lat' dir='ltr'><strong>rustico</strong></span> 
     </span>
     <span class='ocr_line' id='line_1_21' title="bbox 385 1875 1450 1926; baseline 0.002 -4"><span class='ocrx_word' id='word_1_133' title='bbox 385 1875 612 1924; x_wconf 77' lang='lat' dir='ltr'><strong>faciundo</strong></span> <span class='ocrx_word' id='word_1_134' title='bbox 635 1875 774 1924; x_wconf 82' lang='lat' dir='ltr'><strong>facile</strong></span> <span class='ocrx_word' id='word_1_135' title='bbox 798 1884 1002 1924; x_wconf 86' lang='lat' dir='ltr'><strong>sumtum</strong></span> <span class='ocrx_word' id='word_1_136' title='bbox 1025 1885 1295 1926; x_wconf 80' lang='lat' dir='ltr'>exercerent</span> <span class='ocrx_word' id='word_1_137' title='bbox 1317 1893 1450 1924; x_wconf 86' lang='lat' dir='ltr'><strong>suum</strong></span> 
     </span>
     <span class='ocr_line' id='line_1_22' title="bbox 387 1939 1451 2006; baseline 0 -18"><span class='ocrx_word' id='word_1_138' title='bbox 387 1939 514 1988; x_wconf 76' lang='lat' dir='ltr'><strong>Hes.</strong></span> <span class='ocrx_word' id='word_1_139' title='bbox 537 1942 570 1998; x_wconf 82' lang='lat' dir='ltr'><strong>i,</strong></span> <span class='ocrx_word' id='word_1_140' title='bbox 602 1946 646 1989; x_wconf 91' lang='grc'><strong>1.</strong></span> <span class='ocrx_word' id='word_1_141' title='bbox 670 1947 730 1990; x_wconf 84' lang='grc'><strong>91</strong></span> <span class='ocrx_word' id='word_1_142' title='bbox 786 1941 1005 1989; x_wconf 77' lang='lat' dir='ltr'><strong>Praebent</strong></span> <span class='ocrx_word' id='word_1_143' title='bbox 1043 1945 1210 2006; x_wconf 77' lang='lat' dir='ltr'><strong>exigue</strong></span> <span class='ocrx_word' id='word_1_144' title='bbox 1249 1954 1451 1990; x_wconf 85' lang='lat' dir='ltr'><strong>sumtum</strong></span> 
     </span>
     <span class='ocr_line' id='line_1_23' title="bbox 388 2005 1450 2068; baseline 0 -16"><span class='ocrx_word' id='word_1_145' title='bbox 388 2005 512 2053; x_wconf 85' lang='lat' dir='ltr'><strong>Hea.</strong></span> <span class='ocrx_word' id='word_1_146' title='bbox 535 2006 571 2060; x_wconf 89' lang='lat' dir='ltr'><strong>i,</strong></span> <span class='ocrx_word' id='word_1_147' title='bbox 594 2011 642 2055; x_wconf 83' lang='lat'><strong>2.</strong></span> <span class='ocrx_word' id='word_1_148' title='bbox 663 2011 727 2056; x_wconf 75' lang='lat'><strong>33</strong></span> <span class='ocrx_word' id='word_1_149' title='bbox 751 2007 968 2068; x_wconf 75' lang='lat' dir='ltr'><strong>Sperabit</strong></span> <span class='ocrx_word' id='word_1_150' title='bbox 980 2016 1184 2055; x_wconf 87' lang='lat' dir='ltr'><strong>sumtum</strong></span> <span class='ocrx_word' id='word_1_151' title='bbox 1197 2008 1286 2055; x_wconf 88' lang='lat' dir='ltr'><strong>sibi</strong></span> <span class='ocrx_word' id='word_1_152' title='bbox 1309 2023 1450 2054; x_wconf 85' lang='lat' dir='ltr'><strong>senex</strong></span> 
     </span>
     <span class='ocr_line' id='line_1_24' title="bbox 388 2069 1452 2126; baseline 0.005 -10"><span class='ocrx_word' id='word_1_153' title='bbox 388 2069 592 2118; x_wconf 80' lang='lat' dir='ltr'><strong>levatum</strong></span> <span class='ocrx_word' id='word_1_154' title='bbox 615 2087 718 2118; x_wconf 91' lang='lat' dir='ltr'><strong>esse</strong></span> <span class='ocrx_word' id='word_1_155' title='bbox 741 2072 900 2118; x_wconf 80' lang='lat' dir='ltr'><strong>harum</strong></span> <span class='ocrx_word' id='word_1_156' title='bbox 921 2071 1048 2118; x_wconf 84' lang='lat' dir='ltr'><strong>abitu</strong></span> <span class='ocrx_word' id='word_1_157' title='bbox 1082 2071 1204 2122; x_wconf 82' lang='lat' dir='ltr'><strong>Hes.</strong></span> <span class='ocrx_word' id='word_1_158' title='bbox 1226 2073 1289 2126; x_wconf 83' lang='lat' dir='ltr'><strong>iv,</strong></span> <span class='ocrx_word' id='word_1_159' title='bbox 1313 2077 1362 2120; x_wconf 79' lang='lat'><strong>4.</strong></span> <span class='ocrx_word' id='word_1_160' title='bbox 1387 2075 1452 2121; x_wconf 82' lang='lat'><strong>24</strong></span> 
     </span>
     <span class='ocr_line' id='line_1_25' title="bbox 389 2135 1450 2198; baseline -0.002 -12"><span class='ocrx_word' id='word_1_161' title='bbox 389 2135 488 2186; x_wconf 87' lang='lat' dir='ltr'><strong>Cur</strong></span> <span class='ocrx_word' id='word_1_162' title='bbox 521 2136 681 2182; x_wconf 80' lang='lat' dir='ltr'><strong>amat?</strong></span> <span class='ocrx_word' id='word_1_163' title='bbox 715 2151 798 2182; x_wconf 86' lang='lat' dir='ltr'><strong>cur</strong></span> <span class='ocrx_word' id='word_1_164' title='bbox 835 2137 1002 2198; x_wconf 86' lang='lat' dir='ltr'><strong>potat?</strong></span> <span class='ocrx_word' id='word_1_165' title='bbox 1037 2152 1122 2184; x_wconf 82' lang='lat' dir='ltr'><strong>cur</strong></span> <span class='ocrx_word' id='word_1_166' title='bbox 1143 2146 1192 2184; x_wconf 86' lang='lat' dir='ltr'><strong>tu</strong></span> <span class='ocrx_word' id='word_1_167' title='bbox 1216 2137 1291 2184; x_wconf 76' lang='lat' dir='ltr'><strong>bis</strong></span> <span class='ocrx_word' id='word_1_168' title='bbox 1312 2137 1450 2184; x_wconf 83' lang='lat' dir='ltr'><strong>rebus</strong></span> 
     </span>
     <span class='ocr_line' id='line_1_26' title="bbox 389 2199 1454 2263; baseline 0.001 -17"><span class='ocrx_word' id='word_1_169' title='bbox 389 2207 592 2248; x_wconf 79' lang='lat' dir='ltr'><strong>sumtum</strong></span> <span class='ocrx_word' id='word_1_170' title='bbox 631 2199 877 2263; x_wconf 78' lang='lat' dir='ltr'><strong>suggeris?</strong></span> <span class='ocrx_word' id='word_1_171' title='bbox 911 2199 1008 2251; x_wconf 89' lang='lat' dir='ltr'><strong>Ad.</strong></span> <span class='ocrx_word' id='word_1_172' title='bbox 1043 2201 1078 2257; x_wconf 86' lang='lat' dir='ltr'><strong>i,</strong></span> <span class='ocrx_word' id='word_1_173' title='bbox 1106 2206 1149 2249; x_wconf 89' lang='grc'><strong>1.</strong></span> <span class='ocrx_word' id='word_1_174' title='bbox 1187 2205 1253 2251; x_wconf 73' lang='lat'><strong>3⁷</strong></span> <span class='ocrx_word' id='word_1_175' title='bbox 1302 2200 1454 2248; x_wconf 88' lang='lat' dir='ltr'><strong>Dedit</strong></span> 
     </span>
     <span class='ocr_line' id='line_1_27' title="bbox 387 2264 1454 2328; baseline 0.002 -18"><span class='ocrx_word' id='word_1_176' title='bbox 387 2272 616 2328; x_wconf 59' lang='lat' dir='ltr'><strong>praeterea</strong></span> <span class='ocrx_word' id='word_1_177' title='bbox 648 2264 701 2312; x_wconf 87' lang='lat' dir='ltr'><strong>iu</strong></span> <span class='ocrx_word' id='word_1_178' title='bbox 740 2272 964 2326; x_wconf 77' lang='lat' dir='ltr'><strong>sumtum,</strong></span> <span class='ocrx_word' id='word_1_179' title='bbox 1019 2265 1267 2313; x_wconf 86' lang='lat' dir='ltr'><strong>dimidium</strong></span> <span class='ocrx_word' id='word_1_180' title='bbox 1313 2266 1454 2313; x_wconf 67' lang='lat' dir='ltr'><strong>mium</strong></span> 
     </span>
     <span class='ocr_line' id='line_1_28' title="bbox 387 2327 1455 2392; baseline 0 -16"><span class='ocrx_word' id='word_1_181' title='bbox 387 2327 486 2376; x_wconf 75' lang='lat' dir='ltr'><strong>Ad.</strong></span> <span class='ocrx_word' id='word_1_182' title='bbox 505 2328 581 2386; x_wconf 81' lang='lat' dir='ltr'><strong>iii,</strong></span> <span class='ocrx_word' id='word_1_183' title='bbox 603 2334 652 2378; x_wconf 75' lang='lat'><strong>8.</strong></span> <span class='ocrx_word' id='word_1_184' title='bbox 675 2332 738 2378; x_wconf 80' lang='lat'><strong>16</strong></span> <span class='ocrx_word' id='word_1_185' title='bbox 773 2329 1040 2392; x_wconf 79' lang='lat' dir='ltr'><strong>Principio,</strong></span> <span class='ocrx_word' id='word_1_186' title='bbox 1057 2331 1100 2376; x_wconf 85' lang='lat' dir='ltr'><strong>si</strong></span> <span class='ocrx_word' id='word_1_187' title='bbox 1113 2331 1166 2378; x_wconf 90' lang='lat' dir='ltr'><strong>id</strong></span> <span class='ocrx_word' id='word_1_188' title='bbox 1187 2338 1234 2378; x_wconf 85' lang='lat' dir='ltr'><strong>te</strong></span> <span class='ocrx_word' id='word_1_189' title='bbox 1251 2331 1455 2385; x_wconf 82' lang='lat' dir='ltr'><strong>mordet,</strong></span> 
     </span>
     <span class='ocr_line' id='line_1_29' title="bbox 389 2392 1449 2458; baseline 0.004 -18"><span class='ocrx_word' id='word_1_190' title='bbox 389 2400 592 2441; x_wconf 84' lang='lat' dir='ltr'><strong>sumtum</strong></span> <span class='ocrx_word' id='word_1_191' title='bbox 630 2392 716 2441; x_wconf 84' lang='lat' dir='ltr'><strong>filii</strong></span> <span class='ocrx_word' id='word_1_192' title='bbox 737 2409 878 2456; x_wconf 86' lang='lat' dir='ltr'><strong>quem</strong></span> <span class='ocrx_word' id='word_1_193' title='bbox 917 2393 1097 2442; x_wconf 82' lang='lat' dir='ltr'><strong>faciunt</strong></span> <span class='ocrx_word' id='word_1_194' title='bbox 1128 2394 1228 2444; x_wconf 84' lang='lat' dir='ltr'><strong>Ad.</strong></span> <span class='ocrx_word' id='word_1_195' title='bbox 1254 2412 1300 2458; x_wconf 86' lang='lat' dir='ltr'><strong>v,</strong></span> <span class='ocrx_word' id='word_1_196' title='bbox 1317 2399 1364 2442; x_wconf 70' lang='lat'><strong>8.</strong></span> <span class='ocrx_word' id='word_1_197' title='bbox 1387 2399 1449 2444; x_wconf 82' lang='lat'><strong>21</strong></span> 
     </span>
     <span class='ocr_line' id='line_1_30' title="bbox 387 2457 1451 2515; baseline 0 -8"><span class='ocrx_word' id='word_1_198' title='bbox 387 2457 487 2507; x_wconf 85' lang='lat' dir='ltr'><strong>Sibi</strong></span> <span class='ocrx_word' id='word_1_199' title='bbox 509 2458 628 2506; x_wconf 80' lang='lat' dir='ltr'><strong>vixit</strong></span> <span class='ocrx_word' id='word_1_200' title='bbox 649 2475 664 2506; x_wconf 86' lang='lat'>:</span> <span class='ocrx_word' id='word_1_201' title='bbox 697 2457 789 2507; x_wconf 89' lang='lat' dir='ltr'><strong>sibi</strong></span> <span class='ocrx_word' id='word_1_202' title='bbox 821 2465 1028 2506; x_wconf 88' lang='lat' dir='ltr'><strong>sumtum</strong></span> <span class='ocrx_word' id='word_1_203' title='bbox 1065 2459 1179 2507; x_wconf 80' lang='lat' dir='ltr'><strong>fecit</strong></span> <span class='ocrx_word' id='word_1_204' title='bbox 1210 2458 1308 2507; x_wconf 87' lang='lat' dir='ltr'><strong>Ad.</strong></span> <span class='ocrx_word' id='word_1_205' title='bbox 1329 2475 1377 2515; x_wconf 86' lang='lat' dir='ltr'><strong>v,</strong></span> <span class='ocrx_word' id='word_1_206' title='bbox 1399 2463 1451 2507; x_wconf 76' lang='grc'><strong>4.</strong></span> 
     </span>
     <span class='ocr_line' id='line_1_31' title="bbox 391 2524 1450 2583; baseline -0.004 -10"><span class='ocrx_word' id='word_1_207' title='bbox 391 2526 450 2573; x_wconf 89' lang='lat'><strong>11</strong></span> <span class='ocrx_word' id='word_1_208' title='bbox 501 2524 706 2571; x_wconf 81' lang='lat' dir='ltr'><strong>Turbam</strong></span> <span class='ocrx_word' id='word_1_209' title='bbox 741 2524 934 2571; x_wconf 87' lang='lat' dir='ltr'><strong>domum</strong></span> <span class='ocrx_word' id='word_1_210' title='bbox 971 2524 1215 2583; x_wconf 79' lang='lat' dir='ltr'><strong>adducet3</strong></span> <span class='ocrx_word' id='word_1_211' title='bbox 1249 2531 1450 2571; x_wconf 83' lang='lat' dir='ltr'><strong>sumtum</strong></span> 
     </span>
     <span class='ocr_line' id='line_1_32' title="bbox 390 2587 1454 2649; baseline -0.003 -14"><span class='ocrx_word' id='word_1_212' title='bbox 390 2588 610 2645; x_wconf 71' lang='lat' dir='ltr'><strong>admittet</strong></span> <span class='ocrx_word' id='word_1_213' title='bbox 639 2587 740 2636; x_wconf 86' lang='lat' dir='ltr'><strong>Ad.</strong></span> <span class='ocrx_word' id='word_1_214' title='bbox 771 2603 824 2647; x_wconf 79' lang='lat' dir='ltr'><strong>v,</strong></span> <span class='ocrx_word' id='word_1_215' title='bbox 859 2592 909 2635; x_wconf 75' lang='lat'><strong>7.</strong></span> <span class='ocrx_word' id='word_1_216' title='bbox 947 2592 1008 2636; x_wconf 76' lang='lat'><strong>15</strong></span> <span class='ocrx_word' id='word_1_217' title='bbox 1065 2588 1312 2649; x_wconf 70' lang='lat' dir='ltr'><strong>Virginem</strong></span> <span class='ocrx_word' id='word_1_218' title='bbox 1349 2602 1454 2633; x_wconf 82' lang='lat' dir='ltr'><strong>eam</strong></span> 
     </span>
     <span class='ocr_line' id='line_1_33' title="bbox 391 2649 1455 2711; baseline -0.002 -12"><span class='ocrx_word' id='word_1_219' title='bbox 391 2651 580 2699; x_wconf 70' lang='lat' dir='ltr'><strong>confeci</strong></span> <span class='ocrx_word' id='word_1_220' title='bbox 622 2650 724 2697; x_wconf 85' lang='lat' dir='ltr'><strong>sine</strong></span> <span class='ocrx_word' id='word_1_221' title='bbox 746 2650 982 2711; x_wconf 76' lang='lat' dir='ltr'><strong>molestia,</strong></span> <span class='ocrx_word' id='word_1_222' title='bbox 1015 2649 1116 2697; x_wconf 85' lang='lat' dir='ltr'><strong>siue</strong></span> <span class='ocrx_word' id='word_1_223' title='bbox 1158 2658 1330 2704; x_wconf 89' lang='lat' dir='ltr'><strong>sumtu,</strong></span> <span class='ocrx_word' id='word_1_224' title='bbox 1355 2651 1455 2697; x_wconf 85' lang='lat' dir='ltr'><strong>sine</strong></span> 
     </span>
     <span class='ocr_line' id='line_1_34' title="bbox 392 2712 1458 2777; baseline -0.003 -15"><span class='ocrx_word' id='word_1_225' title='bbox 392 2714 650 2777; x_wconf 82' lang='lat' dir='ltr'><strong>dispendio</strong></span> <span class='ocrx_word' id='word_1_226' title='bbox 670 2714 776 2762; x_wconf 80' lang='lat' dir='ltr'><strong>Eu..</strong></span> <span class='ocrx_word' id='word_1_227' title='bbox 788 2728 836 2775; x_wconf 77' lang='lat' dir='ltr'><strong>v,</strong></span> <span class='ocrx_word' id='word_1_228' title='bbox 855 2718 910 2761; x_wconf 65' lang='grc'><strong>4.</strong></span> <span class='ocrx_word' id='word_1_229' title='bbox 926 2718 972 2761; x_wconf 80' lang='grc'><strong>7;</strong></span> <span class='ocrx_word' id='word_1_230' title='bbox 985 2712 1162 2761; x_wconf 78' lang='lat' dir='ltr'><strong>··Ut&#39;tuo</strong></span> <span class='ocrx_word' id='word_1_231' title='bbox 1179 2715 1322 2761; x_wconf 84' lang='lat' dir='ltr'><strong>amori</strong></span> <span class='ocrx_word' id='word_1_232' title='bbox 1345 2729 1458 2777; x_wconf 85' lang='lat' dir='ltr'><strong>sup-</strong></span> 
     </span>
     <span class='ocr_line' id='line_1_35' title="bbox 394 2778 1458 2843; baseline -0.003 -14"><span class='ocrx_word' id='word_1_233' title='bbox 394 2778 610 2843; x_wconf 73' lang='lat' dir='ltr'><strong>peditare</strong></span> <span class='ocrx_word' id='word_1_234' title='bbox 631 2778 782 2842; x_wconf 81' lang='lat' dir='ltr'><strong>possit</strong></span> <span class='ocrx_word' id='word_1_235' title='bbox 802 2779 904 2842; x_wconf 80' lang='lat' dir='ltr'><strong>sine</strong></span> <span class='ocrx_word' id='word_1_236' title='bbox 927 2785 1082 2825; x_wconf 84' lang='lat' dir='ltr'><strong>sumtu</strong></span> <span class='ocrx_word' id='word_1_237' title='bbox 1103 2784 1204 2825; x_wconf 86' lang='lat' dir='ltr'><strong>tuo··</strong></span> <span class='ocrx_word' id='word_1_238' title='bbox 1219 2778 1314 2827; x_wconf 77' lang='lat' dir='ltr'><strong>Eu.</strong></span> <span class='ocrx_word' id='word_1_239' title='bbox 1337 2793 1384 2833; x_wconf 81' lang='lat' dir='ltr'><strong>v,</strong></span> <span class='ocrx_word' id='word_1_240' title='bbox 1405 2784 1458 2826; x_wconf 72' lang='lat'><strong>9.</strong></span> 
     </span>
     <span class='ocr_line' id='line_1_36' title="bbox 395 2841 1459 2905; baseline -0.005 -11"><span class='ocrx_word' id='word_1_241' title='bbox 395 2846 480 2895; x_wconf 74' lang='lat'><strong>46.</strong></span> <span class='ocrx_word' id='word_1_242' title='bbox 495 2842 572 2891; x_wconf 85' lang='lat' dir='ltr'><strong>Ita</strong></span> <span class='ocrx_word' id='word_1_243' title='bbox 593 2858 695 2901; x_wconf 87' lang='lat' dir='ltr'><strong>eos,</strong></span> <span class='ocrx_word' id='word_1_244' title='bbox 713 2844 820 2890; x_wconf 81' lang='lat' dir='ltr'><strong>meo</strong></span> <span class='ocrx_word' id='word_1_245' title='bbox 832 2841 992 2889; x_wconf 83' lang='lat' dir='ltr'><strong>labore</strong></span> <span class='ocrx_word' id='word_1_246' title='bbox 1011 2844 1206 2891; x_wconf 73' lang='lat' dir='ltr'><strong>eductos</strong></span> <span class='ocrx_word' id='word_1_247' title='bbox 1223 2854 1459 2905; x_wconf 81' lang='lat' dir='ltr'><strong>maxumo,</strong></span> 
     </span>
     <span class='ocr_line' id='line_1_37' title="bbox 393 2906 1457 2971; baseline 0.002 -16"><span class='ocrx_word' id='word_1_248' title='bbox 393 2908 473 2955; x_wconf 76' lang='lat' dir='ltr'><strong>hic</strong></span> <span class='ocrx_word' id='word_1_249' title='bbox 503 2908 620 2957; x_wconf 82' lang='lat' dir='ltr'><strong>fecit</strong></span> <span class='ocrx_word' id='word_1_250' title='bbox 643 2923 769 2964; x_wconf 89' lang='lat' dir='ltr'><strong>suos,</strong></span> <span class='ocrx_word' id='word_1_251' title='bbox 809 2906 971 2970; x_wconf 87' lang='lat' dir='ltr'><strong>paullo</strong></span> <span class='ocrx_word' id='word_1_252' title='bbox 1009 2912 1163 2954; x_wconf 82' lang='lat' dir='ltr'><strong>‘sumtu</strong></span> <span class='ocrx_word' id='word_1_253' title='bbox 1199 2906 1297 2955; x_wconf 77' lang='lat' dir='ltr'><strong>Ad.</strong></span> <span class='ocrx_word' id='word_1_254' title='bbox 1338 2924 1386 2971; x_wconf 81' lang='lat' dir='ltr'><strong>v,</strong></span> <span class='ocrx_word' id='word_1_255' title='bbox 1407 2912 1457 2957; x_wconf 82' lang='grc'><strong>4.</strong></span> 
     </span>
     <span class='ocr_line' id='line_1_38' title="bbox 394 2970 1458 3035; baseline -0.007 -11"><span class='ocrx_word' id='word_1_256' title='bbox 394 2976 459 3024; x_wconf 76' lang='grc'><strong>22</strong></span> <span class='ocrx_word' id='word_1_257' title='bbox 509 2972 580 3020; x_wconf 87' lang='lat' dir='ltr'><strong>Ut</strong></span> <span class='ocrx_word' id='word_1_258' title='bbox 597 2987 662 3019; x_wconf 81' lang='lat' dir='ltr'><strong>ue</strong></span> <span class='ocrx_word' id='word_1_259' title='bbox 682 2972 872 3029; x_wconf 85' lang='lat' dir='ltr'><strong>addam,</strong></span> <span class='ocrx_word' id='word_1_260' title='bbox 895 2970 1362 3035; x_wconf 74' lang='lat' dir='ltr'><strong>quo&#39;d&#39;sine&#39;sumtu,</strong></span> <span class='ocrx_word' id='word_1_261' title='bbox 1385 2972 1458 3019; x_wconf 88' lang='lat' dir='ltr'><strong>iu—</strong></span> 
     </span>
     <span class='ocr_line' id='line_1_39' title="bbox 395 3032 1464 3099; baseline -0.003 -14"><span class='ocrx_word' id='word_1_262' title='bbox 395 3051 620 3099; x_wconf 80' lang='lat' dir='ltr'><strong>genuam,</strong></span> <span class='ocrx_word' id='word_1_263' title='bbox 643 3036 881 3085; x_wconf 79' lang='lat' dir='ltr'><strong>liberalem</strong></span> <span class='ocrx_word' id='word_1_264' title='bbox 918 3043 1086 3083; x_wconf 84' lang='lat' dir='ltr'><strong>nactus</strong></span> <span class='ocrx_word' id='word_1_265' title='bbox 1123 3032 1186 3085; x_wconf 76' lang='lat' dir='ltr'><strong>es&#39;</strong></span> <span class='ocrx_word' id='word_1_266' title='bbox 1207 3036 1298 3085; x_wconf 79' lang='lat' dir='ltr'><strong>Ph.</strong></span> <span class='ocrx_word' id='word_1_267' title='bbox 1343 3037 1378 3093; x_wconf 87' lang='lat' dir='ltr'><strong>i,</strong></span> <span class='ocrx_word' id='word_1_268' title='bbox 1411 3040 1464 3084; x_wconf 66' lang='lat' dir='ltr'><strong>s.</strong></span> 
     </span>
     <span class='ocr_line' id='line_1_40' title="bbox 397 3101 1460 3152; baseline -0.004 -1"><span class='ocrx_word' id='word_1_269' title='bbox 397 3104 464 3152; x_wconf 86' lang='lat'><strong>16</strong></span> <span class='ocrx_word' id='word_1_270' title='bbox 511 3102 636 3151; x_wconf 86' lang='lat' dir='ltr'><strong>Cum</strong></span> <span class='ocrx_word' id='word_1_271' title='bbox 677 3101 756 3149; x_wconf 87' lang='lat' dir='ltr'><strong>ille</strong></span> <span class='ocrx_word' id='word_1_272' title='bbox 799 3108 849 3150; x_wconf 88' lang='lat' dir='ltr'><strong>et</strong></span> <span class='ocrx_word' id='word_1_273' title='bbox 867 3116 982 3149; x_wconf 84' lang='lat' dir='ltr'><strong>eura</strong></span> <span class='ocrx_word' id='word_1_274' title='bbox 999 3108 1051 3149; x_wconf 88' lang='lat' dir='ltr'><strong>et</strong></span> <span class='ocrx_word' id='word_1_275' title='bbox 1080 3108 1236 3148; x_wconf 85' lang='lat' dir='ltr'><strong>sumtu</strong></span> <span class='ocrx_word' id='word_1_276' title='bbox 1257 3102 1460 3148; x_wconf 85' lang='lat' dir='ltr'><strong>absumi·</strong></span> 
     </span>
     <span class='ocr_line' id='line_1_41' title="bbox 400 3165 1461 3229; baseline 0 -16"><span class='ocrx_word' id='word_1_277' title='bbox 400 3172 476 3213; x_wconf 84' lang='lat' dir='ltr'><strong>tur</strong></span> <span class='ocrx_word' id='word_1_278' title='bbox 506 3166 597 3215; x_wconf 76' lang='lat' dir='ltr'><strong>Ph.</strong></span> <span class='ocrx_word' id='word_1_279' title='bbox 620 3165 675 3221; x_wconf 85' lang='lat' dir='ltr'><strong>ii,</strong></span> <span class='ocrx_word' id='word_1_280' title='bbox 716 3171 766 3216; x_wconf 89' lang='grc'><strong>2.</strong></span> <span class='ocrx_word' id='word_1_281' title='bbox 802 3170 868 3215; x_wconf 85' lang='grc'><strong>26</strong></span> <span class='ocrx_word' id='word_1_282' title='bbox 921 3165 1058 3229; x_wconf 86' lang='lat' dir='ltr'><strong>Opus</strong></span> <span class='ocrx_word' id='word_1_283' title='bbox 1095 3172 1168 3213; x_wconf 91' lang='lat' dir='ltr'><strong>est</strong></span> <span class='ocrx_word' id='word_1_284' title='bbox 1205 3174 1359 3213; x_wconf 86' lang='lat' dir='ltr'><strong>sumtu</strong></span> <span class='ocrx_word' id='word_1_285' title='bbox 1399 3167 1461 3213; x_wconf 80' lang='lat' dir='ltr'><strong>ad</strong></span> 
     </span>
     <span class='ocr_line' id='line_1_42' title="bbox 397 3231 1462 3295; baseline 0 -17"><span class='ocrx_word' id='word_1_286' title='bbox 397 3232 592 3295; x_wconf 80' lang='lat' dir='ltr'><strong>nuptias</strong></span> <span class='ocrx_word' id='word_1_287' title='bbox 625 3232 716 3279; x_wconf 86' lang='lat' dir='ltr'><strong>Ph.</strong></span> <span class='ocrx_word' id='word_1_288' title='bbox 738 3232 802 3288; x_wconf 82' lang='lat' dir='ltr'><strong>iv,</strong></span> <span class='ocrx_word' id='word_1_289' title='bbox 826 3235 874 3279; x_wconf 71' lang='lat'><strong>3.</strong></span> <span class='ocrx_word' id='word_1_290' title='bbox 895 3235 954 3279; x_wconf 89' lang='lat'><strong>61</strong></span> <span class='ocrx_word' id='word_1_291' title='bbox 993 3232 1183 3278; x_wconf 84' lang='lat' dir='ltr'><strong>Sumtus</strong></span> <span class='ocrx_word' id='word_1_292' title='bbox 1203 3231 1332 3278; x_wconf 84' lang='lat' dir='ltr'><strong>domi</strong></span> <span class='ocrx_word' id='word_1_293' title='bbox 1355 3239 1462 3278; x_wconf 83' lang='lat' dir='ltr'><strong>tan-</strong></span> 
     </span>
     <span class='ocr_line' id='line_1_43' title="bbox 397 3294 1460 3359; baseline 0.001 -17"><span class='ocrx_word' id='word_1_294' title='bbox 397 3302 474 3343; x_wconf 84' lang='lat' dir='ltr'><strong>tos</strong></span> <span class='ocrx_word' id='word_1_295' title='bbox 515 3312 604 3359; x_wconf 78' lang='lat' dir='ltr'><strong>ego</strong></span> <span class='ocrx_word' id='word_1_296' title='bbox 649 3296 778 3343; x_wconf 86' lang='lat' dir='ltr'><strong>solus</strong></span> <span class='ocrx_word' id='word_1_297' title='bbox 813 3294 1020 3343; x_wconf 70' lang='lat' dir='ltr'><strong>faciam?</strong></span> <span class='ocrx_word' id='word_1_298' title='bbox 1070 3294 1192 3343; x_wconf 85' lang='lat' dir='ltr'><strong>Hea.</strong></span> <span class='ocrx_word' id='word_1_299' title='bbox 1235 3295 1267 3352; x_wconf 84' lang='lat' dir='ltr'><strong>i,</strong></span> <span class='ocrx_word' id='word_1_300' title='bbox 1310 3300 1357 3346; x_wconf 88' lang='lat'><strong>1.</strong></span> <span class='ocrx_word' id='word_1_301' title='bbox 1395 3298 1460 3344; x_wconf 78' lang='lat'><strong>⁷8</strong></span> 
     </span>
     <span class='ocr_line' id='line_1_44' title="bbox 399 3359 1462 3423; baseline 0 -16"><span class='ocrx_word' id='word_1_302' title='bbox 399 3360 616 3423; x_wconf 78' lang='lat' dir='ltr'><strong>Satrapes</strong></span> <span class='ocrx_word' id='word_1_303' title='bbox 637 3359 678 3407; x_wconf 88' lang='lat' dir='ltr'><strong>si</strong></span> <span class='ocrx_word' id='word_1_304' title='bbox 699 3360 791 3407; x_wconf 86' lang='lat' dir='ltr'><strong>siet</strong></span> <span class='ocrx_word' id='word_1_305' title='bbox 813 3367 1008 3416; x_wconf 88' lang='lat' dir='ltr'><strong>amator,</strong></span> <span class='ocrx_word' id='word_1_306' title='bbox 1031 3374 1272 3423; x_wconf 82' lang='lat' dir='ltr'><strong>nunquam</strong></span> <span class='ocrx_word' id='word_1_307' title='bbox 1299 3360 1462 3408; x_wconf 76' lang='lat' dir='ltr'><strong>suffer-</strong></span> 
     </span>
     <span class='ocr_line' id='line_1_45' title="bbox 395 3424 1464 3553; baseline -0.004 -14"><span class='ocrx_word' id='word_1_308' title='bbox 395 3424 1270 3551; x_wconf 44' lang='lat' dir='ltr'><strong>gugugleffituguffiezmltig.ngk</strong></span> <span class='ocrx_word' id='word_1_309' title='bbox 1285 3428 1464 3553; x_wconf 46' lang='lat' dir='ltr'><strong>qliieatg</strong></span> 
     </span>
     <span class='ocr_line' id='line_1_46' title="bbox 405 3554 1465 3612; baseline 0 -11"><span class='ocrx_word' id='word_1_310' title='bbox 405 3554 532 3602; x_wconf 87' lang='lat' dir='ltr'><strong>Hea.</strong></span> <span class='ocrx_word' id='word_1_311' title='bbox 551 3555 623 3612; x_wconf 87' lang='lat' dir='ltr'><strong>iii,</strong></span> <span class='ocrx_word' id='word_1_312' title='bbox 645 3560 694 3605; x_wconf 84' lang='grc'><strong>2.</strong></span> <span class='ocrx_word' id='word_1_313' title='bbox 719 3558 780 3604; x_wconf 72' lang='grc'><strong>33</strong></span> <span class='ocrx_word' id='word_1_314' title='bbox 835 3554 932 3603; x_wconf 84' lang='lat' dir='ltr'><strong>Ubi</strong></span> <span class='ocrx_word' id='word_1_315' title='bbox 969 3554 1164 3610; x_wconf 81' lang='lat' dir='ltr'><strong>videbit,</strong></span> <span class='ocrx_word' id='word_1_316' title='bbox 1199 3562 1354 3601; x_wconf 82' lang='lat' dir='ltr'><strong>tantos</strong></span> <span class='ocrx_word' id='word_1_317' title='bbox 1376 3554 1465 3601; x_wconf 86' lang='lat' dir='ltr'><strong>sibi</strong></span> 
     </span>
     <span class='ocr_line' id='line_1_47' title="bbox 401 3618 1464 3683; baseline 0.001 -17"><span class='ocrx_word' id='word_1_318' title='bbox 401 3626 580 3679; x_wconf 68' lang='lat' dir='ltr'><strong>sumtus</strong></span> <span class='ocrx_word' id='word_1_319' title='bbox 594 3620 723 3667; x_wconf 88' lang='lat' dir='ltr'><strong>domi</strong></span> <span class='ocrx_word' id='word_1_320' title='bbox 739 3620 1042 3683; x_wconf 86' lang='lat' dir='ltr'><strong>quotidianos</strong></span> <span class='ocrx_word' id='word_1_321' title='bbox 1062 3618 1161 3666; x_wconf 84' lang='lat' dir='ltr'><strong>fieri</strong></span> <span class='ocrx_word' id='word_1_322' title='bbox 1181 3618 1304 3667; x_wconf 85' lang='lat' dir='ltr'><strong>Hea.</strong></span> <span class='ocrx_word' id='word_1_323' title='bbox 1323 3619 1392 3681; x_wconf 82' lang='lat' dir='ltr'><strong>iv,</strong></span> <span class='ocrx_word' id='word_1_324' title='bbox 1415 3626 1464 3667; x_wconf 84' lang='lat'><strong>6.</strong></span> 
     </span>
     <span class='ocr_line' id='line_1_48' title="bbox 405 3683 1466 3748; baseline 0 -17"><span class='ocrx_word' id='word_1_325' title='bbox 405 3687 458 3745; x_wconf 57' lang='lat'><strong>6⁴</strong></span> <span class='ocrx_word' id='word_1_326' title='bbox 471 3683 661 3731; x_wconf 81' lang='lat' dir='ltr'><strong>Sumtus</strong></span> <span class='ocrx_word' id='word_1_327' title='bbox 685 3692 859 3732; x_wconf 80' lang='lat' dir='ltr'><strong>vestros</strong></span> <span class='ocrx_word' id='word_1_328' title='bbox 875 3684 1119 3748; x_wconf 85' lang='lat' dir='ltr'><strong>otiumque</strong></span> <span class='ocrx_word' id='word_1_329' title='bbox 1141 3692 1196 3731; x_wconf 88' lang='lat' dir='ltr'><strong>ut</strong></span> <span class='ocrx_word' id='word_1_330' title='bbox 1214 3692 1373 3731; x_wconf 78' lang='lat' dir='ltr'><strong>nostra</strong></span> <span class='ocrx_word' id='word_1_331' title='bbox 1395 3698 1466 3731; x_wconf 88' lang='lat' dir='ltr'><strong>res</strong></span> 
     </span>
     <span class='ocr_line' id='line_1_49' title="bbox 406 3748 1466 3813; baseline 0.001 -19"><span class='ocrx_word' id='word_1_332' title='bbox 406 3754 569 3811; x_wconf 81' lang='lat' dir='ltr'><strong>posset</strong></span> <span class='ocrx_word' id='word_1_333' title='bbox 587 3748 686 3810; x_wconf 90' lang='lat' dir='ltr'><strong>pati</strong></span> <span class='ocrx_word' id='word_1_334' title='bbox 717 3748 811 3796; x_wconf 88' lang='lat' dir='ltr'><strong>He.</strong></span> <span class='ocrx_word' id='word_1_335' title='bbox 830 3748 882 3805; x_wconf 84' lang='lat' dir='ltr'><strong>ii,</strong></span> <span class='ocrx_word' id='word_1_336' title='bbox 907 3754 955 3798; x_wconf 92' lang='lat'><strong>1.</strong></span> <span class='ocrx_word' id='word_1_337' title='bbox 985 3752 1050 3798; x_wconf 85' lang='grc'><strong>28</strong></span> <span class='ocrx_word' id='word_1_338' title='bbox 1101 3748 1309 3813; x_wconf 80' lang='lat' dir='ltr'><strong>Sumtus,</strong></span> <span class='ocrx_word' id='word_1_339' title='bbox 1347 3762 1466 3811; x_wconf 86' lang='lat' dir='ltr'><strong>quos</strong></span> 
     </span>
     <span class='ocr_line' id='line_1_50' title="bbox 401 3810 1464 3878; baseline 0 -18"><span class='ocrx_word' id='word_1_340' title='bbox 401 3810 556 3861; x_wconf 75' lang='lat' dir='ltr'><strong>fecisti</strong></span> <span class='ocrx_word' id='word_1_341' title='bbox 585 3813 638 3859; x_wconf 83' lang='lat' dir='ltr'><strong>in</strong></span> <span class='ocrx_word' id='word_1_342' title='bbox 659 3827 781 3870; x_wconf 80' lang='lat' dir='ltr'><strong>eam,</strong></span> <span class='ocrx_word' id='word_1_343' title='bbox 817 3828 956 3877; x_wconf 89' lang='lat' dir='ltr'><strong>quam</strong></span> <span class='ocrx_word' id='word_1_344' title='bbox 979 3813 1152 3860; x_wconf 84' lang='lat' dir='ltr'><strong>animo·</strong></span> <span class='ocrx_word' id='word_1_345' title='bbox 1175 3829 1312 3878; x_wconf 76' lang='lat' dir='ltr'><strong>aequo</strong></span> <span class='ocrx_word' id='word_1_346' title='bbox 1335 3814 1426 3860; x_wconf 86' lang='lat' dir='ltr'><strong>tuli</strong></span> <span class='ocrx_word' id='word_1_347' title='bbox 1446 3814 1464 3860; x_wconf 87' lang='lat'>?</span> 
     </span>
     <span class='ocr_line' id='line_1_51' title="bbox 403 3876 1466 3943; baseline 0 -18"><span class='ocrx_word' id='word_1_348' title='bbox 403 3876 498 3927; x_wconf 79' lang='lat' dir='ltr'><strong>He.</strong></span> <span class='ocrx_word' id='word_1_349' title='bbox 522 3878 586 3933; x_wconf 78' lang='lat' dir='ltr'><strong>iv,</strong></span> <span class='ocrx_word' id='word_1_350' title='bbox 607 3881 658 3927; x_wconf 79' lang='lat'><strong>4.</strong></span> <span class='ocrx_word' id='word_1_351' title='bbox 693 3882 756 3926; x_wconf 69' lang='grc'><strong>68</strong></span> <span class='ocrx_word' id='word_1_352' title='bbox 805 3876 857 3924; x_wconf 83' lang='lat' dir='ltr'><strong>Si</strong></span> <span class='ocrx_word' id='word_1_353' title='bbox 879 3877 949 3925; x_wconf 86' lang='lat' dir='ltr'><strong>illi</strong></span> <span class='ocrx_word' id='word_1_354' title='bbox 982 3892 1126 3941; x_wconf 77' lang='lat' dir='ltr'><strong>pergo</strong></span> <span class='ocrx_word' id='word_1_355' title='bbox 1159 3879 1466 3943; x_wconf 74' lang='lat' dir='ltr'><strong>suppeditare</strong></span> 
     </span>
     <span class='ocr_line' id='line_1_52' title="bbox 406 3940 1466 3997; baseline 0 -6"><span class='ocrx_word' id='word_1_356' title='bbox 406 3942 656 3997; x_wconf 82' lang='lat' dir='ltr'><strong>sumtibus,</strong></span> <span class='ocrx_word' id='word_1_357' title='bbox 695 3940 810 3988; x_wconf 83' lang='lat' dir='ltr'><strong>mihi</strong></span> <span class='ocrx_word' id='word_1_358' title='bbox 839 3942 963 3990; x_wconf 79' lang='lat' dir='ltr'><strong>iilaec</strong></span> <span class='ocrx_word' id='word_1_359' title='bbox 984 3958 1090 3990; x_wconf 80' lang='lat' dir='ltr'><strong>vere</strong></span> <span class='ocrx_word' id='word_1_360' title='bbox 1112 3943 1173 3989; x_wconf 84' lang='lat' dir='ltr'><strong>ad</strong></span> <span class='ocrx_word' id='word_1_361' title='bbox 1205 3952 1372 3991; x_wconf 82' lang='lat' dir='ltr'><strong>rastros</strong></span> <span class='ocrx_word' id='word_1_362' title='bbox 1395 3957 1466 3991; x_wconf 88' lang='lat' dir='ltr'><strong>res</strong></span> 
     </span>
     <span class='ocr_line' id='line_1_53' title="bbox 406 4006 978 4067; baseline -0.002 -10"><span class='ocrx_word' id='word_1_363' title='bbox 406 4006 532 4057; x_wconf 72' lang='lat' dir='ltr'><strong>redit</strong></span> <span class='ocrx_word' id='word_1_364' title='bbox 561 4006 687 4055; x_wconf 87' lang='lat' dir='ltr'><strong>Hea.</strong></span> <span class='ocrx_word' id='word_1_365' title='bbox 711 4022 763 4067; x_wconf 79' lang='lat' dir='ltr'><strong>v,</strong></span> <span class='ocrx_word' id='word_1_366' title='bbox 785 4009 834 4054; x_wconf 89' lang='lat'><strong>1.</strong></span> <span class='ocrx_word' id='word_1_367' title='bbox 857 4009 920 4056; x_wconf 75' lang='lat'><strong>6⁷</strong></span> <span class='ocrx_word' id='word_1_368' title='bbox 971 4018 978 4025; x_wconf 83' lang='grc'><strong>“</strong></span> 
     </span>
    </p>

    <p class='ocr_par' dir='ltr' id='par_1_7' title="bbox 407 4070 1472 4395">
     <span class='ocr_line' id='line_1_54' title="bbox 421 4070 1465 4135; baseline 0 -16"><span class='ocrx_word' id='word_1_369' title='bbox 421 4096 432 4119; x_wconf 78' lang='lat'><strong>‹</strong></span> <span class='ocrx_word' id='word_1_370' title='bbox 471 4072 685 4120; x_wconf 82' lang='lat' dir='ltr'><strong>Sunium.</strong></span> <span class='ocrx_word' id='word_1_371' title='bbox 751 4070 858 4118; x_wconf 86' lang='lat' dir='ltr'><strong>Rus</strong></span> <span class='ocrx_word' id='word_1_372' title='bbox 878 4070 1014 4118; x_wconf 82' lang='lat' dir='ltr'><strong>Sunii</strong></span> <span class='ocrx_word' id='word_1_373' title='bbox 1031 4074 1214 4135; x_wconf 85' lang='lat' dir='ltr'><strong>ecquod</strong></span> <span class='ocrx_word' id='word_1_374' title='bbox 1231 4073 1465 4129; x_wconf 76' lang='lat' dir='ltr'><strong>haberem,</strong></span> 
     </span>
     <span class='ocr_line' id='line_1_55' title="bbox 407 4135 1466 4199; baseline 0.002 -16"><span class='ocrx_word' id='word_1_375' title='bbox 407 4144 458 4183; x_wconf 84' lang='lat' dir='ltr'><strong>et</strong></span> <span class='ocrx_word' id='word_1_376' title='bbox 489 4152 630 4199; x_wconf 87' lang='lat' dir='ltr'><strong>quam</strong></span> <span class='ocrx_word' id='word_1_377' title='bbox 669 4135 812 4199; x_wconf 83' lang='lat' dir='ltr'><strong>longe</strong></span> <span class='ocrx_word' id='word_1_378' title='bbox 849 4149 879 4182; x_wconf 85' lang='lat' dir='ltr'><strong>a</strong></span> <span class='ocrx_word' id='word_1_379' title='bbox 915 4136 1063 4183; x_wconf 85' lang='lat' dir='ltr'><strong>mari?</strong></span> <span class='ocrx_word' id='word_1_380' title='bbox 1097 4136 1189 4185; x_wconf 86' lang='lat' dir='ltr'><strong>Eu.</strong></span> <span class='ocrx_word' id='word_1_381' title='bbox 1224 4138 1292 4194; x_wconf 83' lang='lat' dir='ltr'><strong>iii,</strong></span> <span class='ocrx_word' id='word_1_382' title='bbox 1327 4141 1378 4185; x_wconf 76' lang='grc'><strong>3.</strong></span> <span class='ocrx_word' id='word_1_383' title='bbox 1405 4141 1466 4185; x_wconf 76' lang='grc'><strong>13</strong></span> 
     </span>
     <span class='ocr_line' id='line_1_56' title="bbox 410 4199 1466 4263; baseline 0.003 -17"><span class='ocrx_word' id='word_1_384' title='bbox 410 4199 610 4263; x_wconf 77' lang='lat' dir='ltr'><strong>Egome</strong></span> <span class='ocrx_word' id='word_1_385' title='bbox 631 4201 698 4249; x_wconf 86' lang='lat' dir='ltr'><strong>ire</strong></span> <span class='ocrx_word' id='word_1_386' title='bbox 735 4200 1165 4249; x_wconf 79' lang='lat' dir='ltr'><strong>senibus-Sunium</strong></span> <span class='ocrx_word' id='word_1_387' title='bbox 1201 4202 1373 4258; x_wconf 85' lang='lat' dir='ltr'><strong>dicam,</strong></span> <span class='ocrx_word' id='word_1_388' title='bbox 1406 4203 1466 4250; x_wconf 85' lang='lat' dir='ltr'><strong>ad</strong></span> 
     </span>
     <span class='ocr_line' id='line_1_57' title="bbox 411 4265 1467 4322; baseline 0.003 -12"><span class='ocrx_word' id='word_1_389' title='bbox 411 4272 664 4312; x_wconf 66' lang='lat' dir='ltr'><strong>macutum</strong></span> <span class='ocrx_word' id='word_1_390' title='bbox 687 4266 778 4313; x_wconf 80' lang='lat' dir='ltr'><strong>Ph.</strong></span> <span class='ocrx_word' id='word_1_391' title='bbox 800 4280 848 4322; x_wconf 78' lang='lat' dir='ltr'><strong>v,</strong></span> <span class='ocrx_word' id='word_1_392' title='bbox 872 4271 921 4313; x_wconf 71' lang='grc' dir='ltr'><strong>ὅ.</strong></span> <span class='ocrx_word' id='word_1_393' title='bbox 944 4270 978 4313; x_wconf 82' lang='grc'><strong>9</strong></span> <span class='ocrx_word' id='word_1_394' title='bbox 1011 4265 1248 4312; x_wconf 76' lang='lat' dir='ltr'>Mercator</span> <span class='ocrx_word' id='word_1_395' title='bbox 1269 4266 1360 4314; x_wconf 87' lang='lat' dir='ltr'><strong>hoc</strong></span> <span class='ocrx_word' id='word_1_396' title='bbox 1384 4266 1467 4313; x_wconf 87' lang='lat' dir='ltr'><strong>ad-</strong></span> 
     </span>
     <span class='ocr_line' id='line_1_58' title="bbox 411 4328 1472 4395; baseline 0.004 -20"><span class='ocrx_word' id='word_1_397' title='bbox 411 4328 572 4387; x_wconf 70' lang='lat' dir='ltr'><strong>debat,</strong></span> <span class='ocrx_word' id='word_1_398' title='bbox 595 4344 646 4378; x_wconf 84' lang='lat' dir='ltr'><strong>se</strong></span> <span class='ocrx_word' id='word_1_399' title='bbox 667 4329 872 4388; x_wconf 80' lang='lat' dir='ltr'><strong>audisse,</strong></span> <span class='ocrx_word' id='word_1_400' title='bbox 893 4331 1134 4395; x_wconf 73' lang='lat' dir='ltr'><strong>abreptum</strong></span> <span class='ocrx_word' id='word_1_401' title='bbox 1157 4346 1184 4378; x_wconf 89' lang='lat' dir='ltr'><strong>e</strong></span> <span class='ocrx_word' id='word_1_402' title='bbox 1205 4330 1352 4379; x_wconf 80' lang='lat' dir='ltr'><strong>Sunio</strong></span> <span class='ocrx_word' id='word_1_403' title='bbox 1375 4328 1472 4379; x_wconf 71' lang='lat' dir='ltr'><strong>Eu.=</strong></span> 
     </span>
    </p>
   </div>
   <div class='ocr_carea' id='block_1_7' title="bbox 2347 409 2589 487">
    <p class='ocr_par' dir='ltr' id='par_1_8' title="bbox 2347 409 2589 487">
     <span class='ocr_line' id='line_1_59' title="bbox 2347 409 2589 487; baseline -0.008 -1"><span class='ocrx_word' id='word_1_404' title='bbox 2347 409 2589 487; x_wconf 65' lang='lat' dir='ltr'><strong>’cecili</strong></span> 
     </span>
    </p>
   </div>
   <div class='ocr_carea' id='block_1_8' title="bbox 1519 585 2609 4395">
    <p class='ocr_par' dir='ltr' id='par_1_9' title="bbox 1519 585 2609 4395">
     <span class='ocr_line' id='line_1_60' title="bbox 1519 585 1723 634; baseline 0.005 -1"><span class='ocrx_word' id='word_1_405' title='bbox 1519 585 1536 633; x_wconf 90' lang='lat' dir='ltr'><strong>i</strong></span> <span class='ocrx_word' id='word_1_406' title='bbox 1577 589 1628 634; x_wconf 88' lang='grc'><strong>2.</strong></span> <span class='ocrx_word' id='word_1_407' title='bbox 1650 589 1723 634; x_wconf 70' lang='grc'><strong>35·</strong></span> 
     </span>
     <span class='ocr_line' id='line_1_61' title="bbox 1541 621 2575 716; baseline 0.001 -18"><span class='ocrx_word' id='word_1_408' title='bbox 1541 621 1554 643; x_wconf 62' lang='grc'><strong><em>’</em></strong></span> <span class='ocrx_word' id='word_1_409' title='bbox 1583 651 1697 698; x_wconf 85' lang='lat' dir='ltr'><strong>Suo.</strong></span> <span class='ocrx_word' id='word_1_410' title='bbox 1760 648 1899 698; x_wconf 70' lang='lat' dir='ltr'><strong>Hei!</strong></span> <span class='ocrx_word' id='word_1_411' title='bbox 1934 655 2091 698; x_wconf 85' lang='lat' dir='ltr'><strong>metuo</strong></span> <span class='ocrx_word' id='word_1_412' title='bbox 2114 647 2348 708; x_wconf 85' lang='lat' dir='ltr'><strong>lenonem,</strong></span> <span class='ocrx_word' id='word_1_413' title='bbox 2376 665 2437 698; x_wconf 84' lang='lat' dir='ltr'><strong>ue</strong></span> <span class='ocrx_word' id='word_1_414' title='bbox 2459 651 2575 716; x_wconf 68' lang='lat' dir='ltr'><strong>quid</strong></span> 
     </span>
     <span class='ocr_line' id='line_1_62' title="bbox 1521 711 2588 778; baseline 0.001 -15"><span class='ocrx_word' id='word_1_415' title='bbox 1521 731 1607 763; x_wconf 88' lang='lat' dir='ltr'><strong>suo</strong></span> <span class='ocrx_word' id='word_1_416' title='bbox 1631 721 1737 762; x_wconf 85' lang='lat' dir='ltr'><strong>suat</strong></span> <span class='ocrx_word' id='word_1_417' title='bbox 1756 714 1903 778; x_wconf 82' lang='lat' dir='ltr'><strong>capiti</strong></span> <span class='ocrx_word' id='word_1_418' title='bbox 1938 713 2026 762; x_wconf 89' lang='lat' dir='ltr'><strong>Ph.</strong></span> <span class='ocrx_word' id='word_1_419' title='bbox 2050 713 2123 775; x_wconf 89' lang='lat' dir='ltr'><strong>iii,</strong></span> <span class='ocrx_word' id='word_1_420' title='bbox 2140 719 2189 763; x_wconf 89' lang='grc'><strong>2.</strong></span> <span class='ocrx_word' id='word_1_421' title='bbox 2213 719 2245 764; x_wconf 96' lang='grc'><strong>6</strong></span> <span class='ocrx_word' id='word_1_422' title='bbox 2582 711 2588 719; x_wconf 67' lang='grc'><em>“</em></span> 
     </span>
     <span class='ocr_line' id='line_1_63' title="bbox 1586 778 2581 844; baseline 0.003 -18"><span class='ocrx_word' id='word_1_423' title='bbox 1586 778 1822 843; x_wconf 86' lang='lat' dir='ltr'><strong>Supellex.</strong></span> <span class='ocrx_word' id='word_1_424' title='bbox 1887 779 2007 826; x_wconf 87' lang='lat' dir='ltr'><strong>Tum</strong></span> <span class='ocrx_word' id='word_1_425' title='bbox 2040 778 2257 842; x_wconf 86' lang='lat' dir='ltr'><strong>pluscula</strong></span> <span class='ocrx_word' id='word_1_426' title='bbox 2290 778 2581 844; x_wconf 73' lang='lat' dir='ltr'><strong>supellectile</strong></span> 
     </span>
     <span class='ocr_line' id='line_1_64' title="bbox 1519 843 2587 908; baseline 0.001 -16"><span class='ocrx_word' id='word_1_427' title='bbox 1519 859 1639 908; x_wconf 88' lang='lat' dir='ltr'><strong>opus</strong></span> <span class='ocrx_word' id='word_1_428' title='bbox 1662 852 1736 892; x_wconf 89' lang='lat' dir='ltr'><strong>est</strong></span> <span class='ocrx_word' id='word_1_429' title='bbox 1769 845 1860 892; x_wconf 90' lang='lat' dir='ltr'><strong>Ph.</strong></span> <span class='ocrx_word' id='word_1_430' title='bbox 1881 843 1949 899; x_wconf 84' lang='lat' dir='ltr'><strong>iv,</strong></span> <span class='ocrx_word' id='word_1_431' title='bbox 1974 847 2022 893; x_wconf 74' lang='lat'><strong>8.</strong></span> <span class='ocrx_word' id='word_1_432' title='bbox 2045 847 2107 893; x_wconf 84' lang='lat'><strong>61</strong></span> <span class='ocrx_word' id='word_1_433' title='bbox 2578 891 2587 903; x_wconf 82' lang='lat'><strong>,</strong></span> 
     </span>
     <span class='ocr_line' id='line_1_65' title="bbox 1584 907 2584 972; baseline 0.001 -16"><span class='ocrx_word' id='word_1_434' title='bbox 1584 909 1811 972; x_wconf 84' lang='lat' dir='ltr'><strong>Superbe.</strong></span> <span class='ocrx_word' id='word_1_435' title='bbox 1876 909 1998 956; x_wconf 86' lang='lat' dir='ltr'><strong>Satis</strong></span> <span class='ocrx_word' id='word_1_436' title='bbox 2040 908 2239 972; x_wconf 83' lang='lat' dir='ltr'><strong>superbe</strong></span> <span class='ocrx_word' id='word_1_437' title='bbox 2278 907 2475 956; x_wconf 81' lang='lat' dir='ltr'><strong>illuditis</strong></span> <span class='ocrx_word' id='word_1_438' title='bbox 2508 923 2584 958; x_wconf 88' lang='lat' dir='ltr'><strong>me</strong></span> 
     </span>
     <span class='ocr_line' id='line_1_66' title="bbox 1523 974 1907 1022; baseline 0.005 -1"><span class='ocrx_word' id='word_1_439' title='bbox 1523 974 1615 1021; x_wconf 84' lang='lat' dir='ltr'><strong>Ph.</strong></span> <span class='ocrx_word' id='word_1_440' title='bbox 1642 989 1669 1018; x_wconf 78' lang='lat' dir='ltr'>v</span> <span class='ocrx_word' id='word_1_441' title='bbox 1712 976 1759 1022; x_wconf 81' lang='grc'><strong>7.</strong></span> <span class='ocrx_word' id='word_1_442' title='bbox 1782 977 1869 1022; x_wconf 72' lang='lat'><strong>22·</strong></span> <span class='ocrx_word' id='word_1_443' title='bbox 1898 981 1907 988; x_wconf 82' lang='lat'><em>‘</em></span> 
     </span>
     <span class='ocr_line' id='line_1_67' title="bbox 1585 1009 2584 1102; baseline -0.001 -17"><span class='ocrx_word' id='word_1_444' title='bbox 1585 1009 1833 1102; x_wconf 64' lang='lat' dir='ltr'><strong>Sup’erbia.</strong></span> <span class='ocrx_word' id='word_1_445' title='bbox 1902 1037 2113 1094; x_wconf 86' lang='lat' dir='ltr'><strong>Quorum</strong></span> <span class='ocrx_word' id='word_1_446' title='bbox 2154 1051 2297 1100; x_wconf 85' lang='lat' dir='ltr'><strong>opera</strong></span> <span class='ocrx_word' id='word_1_447' title='bbox 2338 1053 2422 1084; x_wconf 88' lang='lat' dir='ltr'><strong>suo</strong></span> <span class='ocrx_word' id='word_1_448' title='bbox 2454 1035 2584 1101; x_wconf 86' lang='lat' dir='ltr'><strong>quis-</strong></span> 
     </span>
     <span class='ocr_line' id='line_1_68' title="bbox 1521 1101 2585 1216; baseline 0.003 -66"><span class='ocrx_word' id='word_1_449' title='bbox 1521 1110 1848 1216; x_wconf 50' lang='lat' dir='ltr'><strong>qprzltempore</strong></span> <span class='ocrx_word' id='word_1_450' title='bbox 1870 1117 1980 1152; x_wconf 84' lang='lat' dir='ltr'><strong>usus</strong></span> <span class='ocrx_word' id='word_1_451' title='bbox 2018 1108 2091 1150; x_wconf 88' lang='lat' dir='ltr'><strong>est</strong></span> <span class='ocrx_word' id='word_1_452' title='bbox 2110 1101 2211 1150; x_wconf 82' lang='lat' dir='ltr'><strong>siue</strong></span> <span class='ocrx_word' id='word_1_453' title='bbox 2232 1101 2451 1166; x_wconf 86' lang='lat' dir='ltr'><strong>superbia</strong></span> <span class='ocrx_word' id='word_1_454' title='bbox 2486 1101 2585 1153; x_wconf 82' lang='lat' dir='ltr'><strong>Ad.</strong></span> 
     </span>
     <span class='ocr_line' id='line_1_69' title="bbox 1585 1229 2587 1294; baseline -0.001 -16"><span class='ocrx_word' id='word_1_455' title='bbox 1585 1231 1848 1294; x_wconf 86' lang='lat' dir='ltr'><strong>Superbus,</strong></span> <span class='ocrx_word' id='word_1_456' title='bbox 1908 1247 1955 1288; x_wconf 87' lang='lat' dir='ltr'><strong>a,</strong></span> <span class='ocrx_word' id='word_1_457' title='bbox 2013 1247 2132 1280; x_wconf 56' lang='lat' dir='ltr'><strong>uma</strong></span> <span class='ocrx_word' id='word_1_458' title='bbox 2177 1229 2292 1278; x_wconf 85' lang='lat' dir='ltr'><strong>Nou</strong></span> <span class='ocrx_word' id='word_1_459' title='bbox 2345 1235 2587 1294; x_wconf 82' lang='lat' dir='ltr'><strong>cognosco</strong></span> 
     </span>
     <span class='ocr_line' id='line_1_70' title="bbox 1521 1295 2587 1360; baseline -0.002 -16"><span class='ocrx_word' id='word_1_460' title='bbox 1521 1296 1783 1360; x_wconf 87' lang='lat' dir='ltr'><strong>(animum)</strong></span> <span class='ocrx_word' id='word_1_461' title='bbox 1821 1304 2023 1343; x_wconf 84' lang='lat' dir='ltr'><strong>vestrum</strong></span> <span class='ocrx_word' id='word_1_462' title='bbox 2064 1305 2157 1342; x_wconf 83' lang='lat' dir='ltr'><strong>tam</strong></span> <span class='ocrx_word' id='word_1_463' title='bbox 2205 1296 2456 1359; x_wconf 86' lang='lat' dir='ltr'><strong>superbum</strong></span> <span class='ocrx_word' id='word_1_464' title='bbox 2492 1295 2587 1342; x_wconf 84' lang='lat' dir='ltr'><strong>Eu.</strong></span> 
     </span>
     <span class='ocr_line' id='line_1_71' title="bbox 1523 1359 2589 1424; baseline -0.002 -16"><span class='ocrx_word' id='word_1_465' title='bbox 1523 1377 1570 1421; x_wconf 78' lang='lat' dir='ltr'><strong>v,</strong></span> <span class='ocrx_word' id='word_1_466' title='bbox 1590 1366 1640 1410; x_wconf 82' lang='lat'><strong>9.</strong></span> <span class='ocrx_word' id='word_1_467' title='bbox 1665 1365 1731 1410; x_wconf 77' lang='lat'><strong>³6</strong></span> <span class='ocrx_word' id='word_1_468' title='bbox 1786 1360 1951 1409; x_wconf 83' lang='lat' dir='ltr'><strong>Reddi</strong></span> <span class='ocrx_word' id='word_1_469' title='bbox 1985 1361 2104 1424; x_wconf 86' lang='lat' dir='ltr'><strong>patri</strong></span> <span class='ocrx_word' id='word_1_470' title='bbox 2137 1367 2315 1422; x_wconf 85' lang='lat' dir='ltr'><strong>autem,</strong></span> <span class='ocrx_word' id='word_1_471' title='bbox 2336 1361 2417 1408; x_wconf 87' lang='lat' dir='ltr'><strong>cui</strong></span> <span class='ocrx_word' id='word_1_472' title='bbox 2438 1368 2487 1408; x_wconf 85' lang='lat' dir='ltr'><strong>tu</strong></span> <span class='ocrx_word' id='word_1_473' title='bbox 2514 1359 2589 1406; x_wconf 85' lang='lat' dir='ltr'><strong>ui·</strong></span> 
     </span>
     <span class='ocr_line' id='line_1_72' title="bbox 1522 1424 2588 1489; baseline 0.001 -16"><span class='ocrx_word' id='word_1_474' title='bbox 1522 1425 1588 1473; x_wconf 84' lang='lat' dir='ltr'><strong>hil</strong></span> <span class='ocrx_word' id='word_1_475' title='bbox 1626 1426 1757 1474; x_wconf 84' lang='lat' dir='ltr'><strong>dicas</strong></span> <span class='ocrx_word' id='word_1_476' title='bbox 1792 1425 1913 1483; x_wconf 77' lang='lat' dir='ltr'><strong>vitii,</strong></span> <span class='ocrx_word' id='word_1_477' title='bbox 1952 1425 2207 1489; x_wconf 88' lang='lat' dir='ltr'><strong>superbum</strong></span> <span class='ocrx_word' id='word_1_478' title='bbox 2244 1431 2319 1472; x_wconf 86' lang='lat' dir='ltr'><strong>est</strong></span> <span class='ocrx_word' id='word_1_479' title='bbox 2350 1424 2447 1473; x_wconf 86' lang='lat' dir='ltr'><strong>He.</strong></span> <span class='ocrx_word' id='word_1_480' title='bbox 2470 1425 2503 1483; x_wconf 91' lang='lat' dir='ltr'><strong>i,</strong></span> <span class='ocrx_word' id='word_1_481' title='bbox 2538 1427 2588 1474; x_wconf 85' lang='grc'><strong>2.</strong></span> 
     </span>
     <span class='ocr_line' id='line_1_73' title="bbox 1539 1553 2586 1618; baseline -0.001 -17"><span class='ocrx_word' id='word_1_482' title='bbox 1539 1571 1550 1578; x_wconf 90' lang='grc'>·</span> <span class='ocrx_word' id='word_1_483' title='bbox 1585 1554 1773 1618; x_wconf 81' lang='lat' dir='ltr'><strong>Superi.</strong></span> <span class='ocrx_word' id='word_1_484' title='bbox 1818 1553 1925 1602; x_wconf 84' lang='lat' dir='ltr'><strong>-Ut</strong></span> <span class='ocrx_word' id='word_1_485' title='bbox 1966 1561 2014 1601; x_wconf 88' lang='lat' dir='ltr'><strong>te</strong></span> <span class='ocrx_word' id='word_1_486' title='bbox 2056 1553 2249 1618; x_wconf 87' lang='lat' dir='ltr'><strong>quidem</strong></span> <span class='ocrx_word' id='word_1_487' title='bbox 2294 1569 2455 1602; x_wconf 85' lang='lat' dir='ltr'><strong>omnes</strong></span> <span class='ocrx_word' id='word_1_488' title='bbox 2498 1553 2586 1610; x_wconf 91' lang='lat' dir='ltr'><strong>Di,</strong></span> 
     </span>
     <span class='ocr_line' id='line_1_74' title="bbox 1523 1617 2587 1683; baseline 0 -17"><span class='ocrx_word' id='word_1_489' title='bbox 1523 1619 1758 1682; x_wconf 45' lang='lat' dir='ltr'><strong>Demque,</strong></span> <span class='ocrx_word' id='word_1_490' title='bbox 1780 1618 1967 1683; x_wconf 87' lang='lat' dir='ltr'><strong>Superi,</strong></span> <span class='ocrx_word' id='word_1_491' title='bbox 1990 1617 2156 1682; x_wconf 80' lang='lat' dir='ltr'><strong>Inferi,</strong></span> <span class='ocrx_word' id='word_1_492' title='bbox 2192 1617 2327 1666; x_wconf 86' lang='lat' dir='ltr'><strong>malis</strong></span> <span class='ocrx_word' id='word_1_493' title='bbox 2358 1617 2587 1682; x_wconf 81' lang='lat' dir='ltr'><strong>exemplis</strong></span> 
     </span>
     <span class='ocr_line' id='line_1_75' title="bbox 1523 1684 2067 1748; baseline 0.002 -16"><span class='ocrx_word' id='word_1_494' title='bbox 1523 1685 1727 1748; x_wconf 85' lang='lat' dir='ltr'><strong>perdant</strong></span> <span class='ocrx_word' id='word_1_495' title='bbox 1758 1684 1851 1733; x_wconf 91' lang='lat' dir='ltr'><strong>Ph.</strong></span> <span class='ocrx_word' id='word_1_496' title='bbox 1874 1685 1937 1738; x_wconf 81' lang='lat' dir='ltr'><strong>iv,</strong></span> <span class='ocrx_word' id='word_1_497' title='bbox 1960 1687 2013 1733; x_wconf 83' lang='grc'><strong>4.</strong></span> <span class='ocrx_word' id='word_1_498' title='bbox 2035 1687 2067 1732; x_wconf 93' lang='grc'><strong>6</strong></span> 
     </span>
     <span class='ocr_line' id='line_1_76' title="bbox 1590 1745 2588 1812; baseline -0.002 -16"><span class='ocrx_word' id='word_1_499' title='bbox 1590 1749 1790 1810; x_wconf 89' lang='lat' dir='ltr'><strong>Supero.</strong></span> <span class='ocrx_word' id='word_1_500' title='bbox 1816 1768 1823 1775; x_wconf 94' lang='lat'><strong>·</strong></span> <span class='ocrx_word' id='word_1_501' title='bbox 1856 1748 1976 1796; x_wconf 86' lang='lat' dir='ltr'><strong>Haec</strong></span> <span class='ocrx_word' id='word_1_502' title='bbox 2000 1745 2185 1812; x_wconf 84' lang='lat' dir='ltr'><strong>(virgo)</strong></span> <span class='ocrx_word' id='word_1_503' title='bbox 2224 1755 2413 1810; x_wconf 86' lang='lat' dir='ltr'><strong>superat</strong></span> <span class='ocrx_word' id='word_1_504' title='bbox 2436 1746 2588 1812; x_wconf 86' lang='lat' dir='ltr'><strong>ipsam</strong></span> 
     </span>
     <span class='ocr_line' id='line_1_77' title="bbox 1523 1811 2589 1876; baseline -0.003 -16"><span class='ocrx_word' id='word_1_505' title='bbox 1523 1811 1751 1860; x_wconf 79' lang='lat' dir='ltr'><strong>Thaidem</strong></span> <span class='ocrx_word' id='word_1_506' title='bbox 1788 1813 1877 1860; x_wconf 92' lang='lat' dir='ltr'><strong>Eu.</strong></span> <span class='ocrx_word' id='word_1_507' title='bbox 1916 1813 1968 1869; x_wconf 82' lang='lat' dir='ltr'><strong>ii,</strong></span> <span class='ocrx_word' id='word_1_508' title='bbox 2008 1817 2055 1860; x_wconf 88' lang='grc'><strong>1.</strong></span> <span class='ocrx_word' id='word_1_509' title='bbox 2100 1817 2161 1862; x_wconf 79' lang='grc'><strong>25</strong></span> <span class='ocrx_word' id='word_1_510' title='bbox 2224 1811 2481 1876; x_wconf 78' lang='lat' dir='ltr'><strong>Nunquam</strong></span> <span class='ocrx_word' id='word_1_511' title='bbox 2519 1811 2589 1858; x_wconf 79' lang='lat' dir='ltr'><strong>ita</strong></span> 
     </span>
     <span class='ocr_line' id='line_1_78' title="bbox 1525 1877 2589 1942; baseline 0 -18"><span class='ocrx_word' id='word_1_512' title='bbox 1525 1879 1773 1940; x_wconf 84' lang='lat' dir='ltr'><strong>magnifice</strong></span> <span class='ocrx_word' id='word_1_513' title='bbox 1820 1878 2072 1942; x_wconf 85' lang='lat' dir='ltr'><strong>quicquam</strong></span> <span class='ocrx_word' id='word_1_514' title='bbox 2131 1877 2305 1937; x_wconf 89' lang='lat' dir='ltr'><strong>dicam,</strong></span> <span class='ocrx_word' id='word_1_515' title='bbox 2350 1877 2400 1924; x_wconf 87' lang='lat' dir='ltr'><strong>id</strong></span> <span class='ocrx_word' id='word_1_516' title='bbox 2444 1877 2589 1924; x_wconf 81' lang='lat' dir='ltr'><strong>virtus</strong></span> 
     </span>
     <span class='ocr_line' id='line_1_79' title="bbox 1525 1940 2284 2008; baseline 0.004 -20"><span class='ocrx_word' id='word_1_517' title='bbox 1525 1943 1639 2008; x_wconf 86' lang='lat' dir='ltr'><strong>quin</strong></span> <span class='ocrx_word' id='word_1_518' title='bbox 1665 1950 1855 2006; x_wconf 84' lang='lat' dir='ltr'><strong>superet</strong></span> <span class='ocrx_word' id='word_1_519' title='bbox 1875 1951 1955 1990; x_wconf 88' lang='lat' dir='ltr'><strong>tua</strong></span> <span class='ocrx_word' id='word_1_520' title='bbox 1991 1942 2083 1991; x_wconf 78' lang='lat' dir='ltr'><strong>Ad.</strong></span> <span class='ocrx_word' id='word_1_521' title='bbox 2104 1940 2159 2003; x_wconf 87' lang='lat' dir='ltr'><strong>ii,</strong></span> <span class='ocrx_word' id='word_1_522' title='bbox 2182 1945 2229 1990; x_wconf 72' lang='lat'><strong>8.</strong></span> <span class='ocrx_word' id='word_1_523' title='bbox 2251 1946 2284 1990; x_wconf 78' lang='lat'>4</span> 
     </span>
     <span class='ocr_line' id='line_1_80' title="bbox 1591 2001 2588 2084; baseline -0.004 -30"><span class='ocrx_word' id='word_1_524' title='bbox 1591 2008 1854 2071; x_wconf 82' lang='lat' dir='ltr'><strong>Superstes.</strong></span> <span class='ocrx_word' id='word_1_525' title='bbox 1896 2006 2051 2084; x_wconf 47' lang='lat' dir='ltr'><strong>··l·)eos</strong></span> <span class='ocrx_word' id='word_1_526' title='bbox 2072 2021 2250 2068; x_wconf 81' lang='lat' dir='ltr'><strong>quaeso,</strong></span> <span class='ocrx_word' id='word_1_527' title='bbox 2265 2012 2320 2053; x_wconf 90' lang='lat' dir='ltr'><strong>ut</strong></span> <span class='ocrx_word' id='word_1_528' title='bbox 2340 2005 2401 2080; x_wconf 74' lang='lat' dir='ltr'><strong>sit</strong></span> <span class='ocrx_word' id='word_1_529' title='bbox 2416 2001 2588 2069; x_wconf 88' lang='lat' dir='ltr'><strong>(puer)</strong></span> 
     </span>
     <span class='ocr_line' id='line_1_81' title="bbox 1525 2069 2590 2200; baseline -0.002 -18"><span class='ocrx_word' id='word_1_530' title='bbox 1525 2087 1645 2184; x_wconf 58' lang='lat'><strong>1¹:133</strong></span> <span class='ocrx_word' id='word_1_531' title='bbox 1647 2080 1763 2182; x_wconf 56' lang='lat'><strong>³:³²5:</strong></span> <span class='ocrx_word' id='word_1_532' title='bbox 1789 2070 2049 2200; x_wconf 39' lang='lat' dir='ltr'><strong>zaza}</strong></span> <span class='ocrx_word' id='word_1_533' title='bbox 2072 2075 2127 2181; x_wconf 64' lang='lat' dir='ltr'><strong>J.</strong></span> <span class='ocrx_word' id='word_1_534' title='bbox 2158 2069 2246 2182; x_wconf 56' lang='lat'><strong>3⁸</strong></span> <span class='ocrx_word' id='word_1_535' title='bbox 2254 2070 2590 2196; x_wconf 65' lang='lat' dir='ltr'><strong>..¹2¹¹:12q22‘122</strong></span> 
     </span>
     <span class='ocr_line' id='line_1_82' title="bbox 1526 2200 2343 2256; baseline -0.001 -8"><span class='ocrx_word' id='word_1_536' title='bbox 1526 2202 1621 2249; x_wconf 88' lang='lat' dir='ltr'><strong>hoe</strong></span> <span class='ocrx_word' id='word_1_537' title='bbox 1642 2208 1779 2248; x_wconf 82' lang='lat' dir='ltr'><strong>natus</strong></span> <span class='ocrx_word' id='word_1_538' title='bbox 1800 2215 1851 2248; x_wconf 86' lang='lat' dir='ltr'><strong>es</strong></span> <span class='ocrx_word' id='word_1_539' title='bbox 1872 2201 1892 2248; x_wconf 68' lang='lat'><strong>‘1</strong></span> <span class='ocrx_word' id='word_1_540' title='bbox 1928 2200 2050 2248; x_wconf 88' lang='lat' dir='ltr'><strong>Hea.</strong></span> <span class='ocrx_word' id='word_1_541' title='bbox 2073 2215 2123 2256; x_wconf 83' lang='lat' dir='ltr'><strong>v,</strong></span> <span class='ocrx_word' id='word_1_542' title='bbox 2146 2203 2197 2248; x_wconf 80' lang='lat'><strong>4.</strong></span> <span class='ocrx_word' id='word_1_543' title='bbox 2222 2203 2252 2249; x_wconf 83' lang='grc'><strong>7</strong></span> <span class='ocrx_word' id='word_1_544' title='bbox 2336 2241 2343 2247; x_wconf 89' lang='grc'><em>,</em></span> 
     </span>
     <span class='ocr_line' id='line_1_83' title="bbox 1591 2259 2591 2329; baseline -0.005 -17"><span class='ocrx_word' id='word_1_545' title='bbox 1591 2265 1863 2329; x_wconf 81' lang='lat' dir='ltr'><strong>Supersum.</strong></span> <span class='ocrx_word' id='word_1_546' title='bbox 1931 2265 2026 2312; x_wconf 85' lang='lat' dir='ltr'><strong>Sed</strong></span> <span class='ocrx_word' id='word_1_547' title='bbox 2048 2265 2187 2328; x_wconf 64' lang='lat' dir='ltr'><strong>porro</strong></span> <span class='ocrx_word' id='word_1_548' title='bbox 2210 2263 2442 2318; x_wconf 85' lang='lat' dir='ltr'><strong>ausculta,</strong></span> <span class='ocrx_word' id='word_1_549' title='bbox 2459 2259 2591 2325; x_wconf 85' lang='lat' dir='ltr'><strong>quod</strong></span> 
     </span>
     <span class='ocr_line' id='line_1_84' title="bbox 1528 2325 2593 2392; baseline -0.006 -15"><span class='ocrx_word' id='word_1_550' title='bbox 1528 2337 1741 2392; x_wconf 79' lang='lat' dir='ltr'><strong>superest</strong></span> <span class='ocrx_word' id='word_1_551' title='bbox 1778 2329 1979 2377; x_wconf 65' lang='lat' dir='ltr'><strong>fallaciae</strong></span> <span class='ocrx_word' id='word_1_552' title='bbox 2013 2327 2139 2378; x_wconf 81' lang='lat' dir='ltr'><strong>Hea.</strong></span> <span class='ocrx_word' id='word_1_553' title='bbox 2163 2329 2229 2384; x_wconf 83' lang='lat' dir='ltr'><strong>iv,</strong></span> <span class='ocrx_word' id='word_1_554' title='bbox 2258 2334 2309 2376; x_wconf 84' lang='lat'><strong>5.</strong></span> <span class='ocrx_word' id='word_1_555' title='bbox 2331 2332 2395 2377; x_wconf 75' lang='lat'><strong>28</strong></span> <span class='ocrx_word' id='word_1_556' title='bbox 2449 2325 2593 2382; x_wconf 86' lang='lat' dir='ltr'><strong>Aliis,</strong></span> 
     </span>
     <span class='ocr_line' id='line_1_85' title="bbox 1529 2389 2593 2458; baseline -0.004 -18"><span class='ocrx_word' id='word_1_557' title='bbox 1529 2393 1801 2456; x_wconf 65' lang='lat' dir='ltr'><strong>quia&#39;defit,</strong></span> <span class='ocrx_word' id='word_1_558' title='bbox 1822 2395 1949 2458; x_wconf 86' lang='lat' dir='ltr'><strong>quod</strong></span> <span class='ocrx_word' id='word_1_559' title='bbox 1988 2393 2166 2450; x_wconf 71' lang='lat' dir='ltr'><strong>amant,</strong></span> <span class='ocrx_word' id='word_1_560' title='bbox 2204 2407 2327 2455; x_wconf 75' lang='lat' dir='ltr'><strong>segre</strong></span> <span class='ocrx_word' id='word_1_561' title='bbox 2348 2399 2455 2440; x_wconf 84' lang='lat' dir='ltr'><strong>est:</strong></span> <span class='ocrx_word' id='word_1_562' title='bbox 2490 2389 2593 2446; x_wconf 87' lang='lat' dir='ltr'><strong>tibi,</strong></span> 
     </span>
     <span class='ocr_line' id='line_1_86' title="bbox 1530 2454 2595 2524; baseline -0.002 -19"><span class='ocrx_word' id='word_1_563' title='bbox 1530 2458 1645 2524; x_wconf 85' lang='lat' dir='ltr'><strong>quia</strong></span> <span class='ocrx_word' id='word_1_564' title='bbox 1670 2463 1897 2522; x_wconf 82' lang='lat' dir='ltr'><strong>superest,</strong></span> <span class='ocrx_word' id='word_1_565' title='bbox 1920 2455 2179 2517; x_wconf 70' lang='lat' dir='ltr'><strong>delet⁴Pl1.</strong></span> <span class='ocrx_word' id='word_1_566' title='bbox 2218 2457 2254 2517; x_wconf 86' lang='lat' dir='ltr'><strong>i,</strong></span> <span class='ocrx_word' id='word_1_567' title='bbox 2290 2461 2339 2506; x_wconf 72' lang='lat'><strong>3.</strong></span> <span class='ocrx_word' id='word_1_568' title='bbox 2379 2460 2442 2505; x_wconf 84' lang='lat' dir='ltr'><strong>lo</strong></span> <span class='ocrx_word' id='word_1_569' title='bbox 2498 2454 2595 2504; x_wconf 82' lang='lat' dir='ltr'><strong>cui</strong></span> 
     </span>
     <span class='ocr_line' id='line_1_87' title="bbox 1529 2522 2595 2585; baseline 0 -15"><span class='ocrx_word' id='word_1_570' title='bbox 1529 2531 1666 2570; x_wconf 82' lang='lat' dir='ltr'><strong>tanta</strong></span> <span class='ocrx_word' id='word_1_571' title='bbox 1688 2530 1788 2571; x_wconf 85' lang='lat' dir='ltr'><strong>erat</strong></span> <span class='ocrx_word' id='word_1_572' title='bbox 1808 2539 1901 2579; x_wconf 88' lang='lat' dir='ltr'><strong>res,</strong></span> <span class='ocrx_word' id='word_1_573' title='bbox 1922 2530 1972 2569; x_wconf 81' lang='lat' dir='ltr'><strong>et</strong></span> <span class='ocrx_word' id='word_1_574' title='bbox 1996 2523 2271 2583; x_wconf 84' lang='lat' dir='ltr'><strong>supererat?</strong></span> <span class='ocrx_word' id='word_1_575' title='bbox 2288 2522 2379 2585; x_wconf 80' lang='lat' dir='ltr'><strong>Ph.</strong></span> <span class='ocrx_word' id='word_1_576' title='bbox 2395 2522 2431 2578; x_wconf 86' lang='lat' dir='ltr'><strong>i,</strong></span> <span class='ocrx_word' id='word_1_577' title='bbox 2454 2525 2505 2569; x_wconf 89' lang='grc'><strong>2.</strong></span> <span class='ocrx_word' id='word_1_578' title='bbox 2534 2522 2595 2569; x_wconf 81' lang='grc'><strong>19</strong></span> 
     </span>
     <span class='ocr_line' id='line_1_88' title="bbox 1545 2584 2594 2649; baseline -0.002 -16"><span class='ocrx_word' id='word_1_579' title='bbox 1545 2608 1552 2615; x_wconf 86' lang='grc'><em>·</em></span> <span class='ocrx_word' id='word_1_580' title='bbox 1593 2586 1879 2648; x_wconf 83' lang='lat' dir='ltr'><strong>Suppedito.</strong></span> <span class='ocrx_word' id='word_1_581' title='bbox 1944 2584 2014 2633; x_wconf 90' lang='lat' dir='ltr'><strong>Ut</strong></span> <span class='ocrx_word' id='word_1_582' title='bbox 2055 2592 2137 2632; x_wconf 87' lang='lat' dir='ltr'><strong>tuo</strong></span> <span class='ocrx_word' id='word_1_583' title='bbox 2182 2586 2324 2649; x_wconf 79' lang='lat' dir='ltr'><strong>amori</strong></span> <span class='ocrx_word' id='word_1_584' title='bbox 2366 2584 2594 2648; x_wconf 77' lang='lat' dir='ltr'><strong>suppedi-</strong></span> 
     </span>
     <span class='ocr_line' id='line_1_89' title="bbox 1531 2648 2595 2705; baseline 0.001 -8"><span class='ocrx_word' id='word_1_585' title='bbox 1531 2656 1629 2697; x_wconf 83' lang='lat' dir='ltr'><strong>tare</strong></span> <span class='ocrx_word' id='word_1_586' title='bbox 1686 2650 1805 2696; x_wconf 79' lang='lat' dir='ltr'><strong>’ossit</strong></span> <span class='ocrx_word' id='word_1_587' title='bbox 1824 2650 1927 2697; x_wconf 83' lang='lat' dir='ltr'><strong>sirie</strong></span> <span class='ocrx_word' id='word_1_588' title='bbox 1960 2652 2226 2696; x_wconf 80' lang='lat' dir='ltr'><strong>sumtu&#39;tuo</strong></span> <span class='ocrx_word' id='word_1_589' title='bbox 2260 2648 2351 2696; x_wconf 85' lang='lat' dir='ltr'><strong>Eu.</strong></span> <span class='ocrx_word' id='word_1_590' title='bbox 2373 2667 2421 2705; x_wconf 83' lang='lat' dir='ltr'><strong>v,</strong></span> <span class='ocrx_word' id='word_1_591' title='bbox 2452 2654 2505 2697; x_wconf 82' lang='grc'><strong>9.</strong></span> <span class='ocrx_word' id='word_1_592' title='bbox 2528 2652 2595 2698; x_wconf 76' lang='grc'><strong>46</strong></span> 
     </span>
     <span class='ocr_line' id='line_1_90' title="bbox 1529 2712 2609 2777; baseline -0.001 -17"><span class='ocrx_word' id='word_1_593' title='bbox 1529 2714 1582 2761; x_wconf 82' lang='lat' dir='ltr'><strong>Si</strong></span> <span class='ocrx_word' id='word_1_594' title='bbox 1620 2712 1653 2760; x_wconf 84' lang='lat' dir='ltr'><strong>il</strong></span> <span class='ocrx_word' id='word_1_595' title='bbox 1677 2714 1691 2759; x_wconf 85' lang='lat' dir='ltr'><strong>i</strong></span> <span class='ocrx_word' id='word_1_596' title='bbox 1713 2728 1858 2775; x_wconf 79' lang='lat' dir='ltr'><strong>pergo</strong></span> <span class='ocrx_word' id='word_1_597' title='bbox 1882 2714 2187 2777; x_wconf 78' lang='lat' dir='ltr'><strong>suppeditare</strong></span> <span class='ocrx_word' id='word_1_598' title='bbox 2209 2714 2456 2771; x_wconf 71' lang='lat' dir='ltr'><strong>sumtibus,</strong></span> <span class='ocrx_word' id='word_1_599' title='bbox 2480 2712 2609 2759; x_wconf 63' lang='lat' dir='ltr'><strong>mihi·</strong></span> 
     </span>
     <span class='ocr_line' id='line_1_91' title="bbox 1528 2772 2607 2845; baseline 0.002 -20"><span class='ocrx_word' id='word_1_600' title='bbox 1528 2776 1655 2827; x_wconf 81' lang='lat' dir='ltr'><strong>illaec</strong></span> <span class='ocrx_word' id='word_1_601' title='bbox 1678 2792 1783 2825; x_wconf 81' lang='lat' dir='ltr'><strong>vere</strong></span> <span class='ocrx_word' id='word_1_602' title='bbox 1806 2779 1867 2825; x_wconf 88' lang='lat' dir='ltr'><strong>ad</strong></span> <span class='ocrx_word' id='word_1_603' title='bbox 1890 2786 2057 2825; x_wconf 84' lang='lat' dir='ltr'><strong>rastros</strong></span> <span class='ocrx_word' id='word_1_604' title='bbox 2078 2774 2153 2825; x_wconf 86' lang='lat' dir='ltr'><strong>res&#39;</strong></span> <span class='ocrx_word' id='word_1_605' title='bbox 2171 2778 2296 2825; x_wconf 80' lang='lat' dir='ltr'><strong>redit</strong></span> <span class='ocrx_word' id='word_1_606' title='bbox 2327 2772 2452 2827; x_wconf 87' lang='lat' dir='ltr'><strong>Hea.</strong></span> <span class='ocrx_word' id='word_1_607' title='bbox 2466 2782 2607 2845; x_wconf 48' lang='grc' dir='ltr'><strong>’πῃ</strong></span> 
     </span>
     <span class='ocr_line' id='line_1_92' title="bbox 1595 2905 2597 2971; baseline 0 -18"><span class='ocrx_word' id='word_1_608' title='bbox 1595 2905 1825 2971; x_wconf 82' lang='lat' dir='ltr'><strong>Supplex.</strong></span> <span class='ocrx_word' id='word_1_609' title='bbox 1892 2905 1971 2954; x_wconf 83' lang='lat' dir='ltr'><strong>Ne</strong></span> <span class='ocrx_word' id='word_1_610' title='bbox 1992 2905 2211 2969; x_wconf 80' lang='lat' dir='ltr'><strong>cuiquam</strong></span> <span class='ocrx_word' id='word_1_611' title='bbox 2227 2919 2413 2953; x_wconf 88' lang='lat' dir='ltr'><strong>suorum</strong></span> <span class='ocrx_word' id='word_1_612' title='bbox 2436 2920 2597 2970; x_wconf 82' lang='lat' dir='ltr'><strong>aequa-</strong></span> 
     </span>
     <span class='ocr_line' id='line_1_93' title="bbox 1533 2964 2603 3039; baseline 0.002 -22"><span class='ocrx_word' id='word_1_613' title='bbox 1533 2970 1647 3018; x_wconf 86' lang='lat' dir='ltr'><strong>lium</strong></span> <span class='ocrx_word' id='word_1_614' title='bbox 1670 2971 1870 3035; x_wconf 86' lang='lat' dir='ltr'><strong>supplex</strong></span> <span class='ocrx_word' id='word_1_615' title='bbox 1891 2972 1980 3019; x_wconf 89' lang='lat' dir='ltr'><strong>siet</strong></span> <span class='ocrx_word' id='word_1_616' title='bbox 2010 2971 2102 3019; x_wconf 91' lang='lat' dir='ltr'><strong>Ph.</strong></span> <span class='ocrx_word' id='word_1_617' title='bbox 2127 2981 2174 3029; x_wconf 72' lang='lat' dir='ltr'><strong>v,</strong></span> <span class='ocrx_word' id='word_1_618' title='bbox 2196 2978 2246 3021; x_wconf 90' lang='lat'><strong>6.</strong></span> <span class='ocrx_word' id='word_1_619' title='bbox 2268 2976 2363 3021; x_wconf 49' lang='lat'><strong>4¹1*</strong></span> <span class='ocrx_word' id='word_1_620' title='bbox 2468 3028 2477 3039; x_wconf 67' lang='lat'><strong>.</strong></span> <span class='ocrx_word' id='word_1_621' title='bbox 2596 2964 2603 2982; x_wconf 72' lang='lat'>¹</span> 
     </span>
     <span class='ocr_line' id='line_1_94' title="bbox 1595 3036 2597 3101; baseline 0 -18"><span class='ocrx_word' id='word_1_622' title='bbox 1595 3036 1916 3099; x_wconf 83' lang='lat' dir='ltr'><strong>Supplicium.</strong></span> <span class='ocrx_word' id='word_1_623' title='bbox 2024 3036 2117 3083; x_wconf 87' lang='lat' dir='ltr'><strong>Pro</strong></span> <span class='ocrx_word' id='word_1_624' title='bbox 2170 3039 2370 3101; x_wconf 64' lang='lat' dir='ltr'><strong>p‘eccat‘o</strong></span> <span class='ocrx_word' id='word_1_625' title='bbox 2424 3050 2597 3099; x_wconf 87' lang='lat' dir='ltr'><strong>magno</strong></span> 
     </span>
     <span class='ocr_line' id='line_1_95' title="bbox 1533 3098 2604 3165; baseline 0.004 -19"><span class='ocrx_word' id='word_1_626' title='bbox 1533 3100 1727 3163; x_wconf 87' lang='lat' dir='ltr'><strong>paulum</strong></span> <span class='ocrx_word' id='word_1_627' title='bbox 1774 3098 1997 3165; x_wconf 86' lang='lat' dir='ltr'><strong>supplicii</strong></span> <span class='ocrx_word' id='word_1_628' title='bbox 2063 3101 2175 3148; x_wconf 84' lang='lat' dir='ltr'><strong>satis</strong></span> <span class='ocrx_word' id='word_1_629' title='bbox 2218 3108 2291 3147; x_wconf 84' lang='lat' dir='ltr'><strong>est</strong></span> <span class='ocrx_word' id='word_1_630' title='bbox 2348 3102 2472 3165; x_wconf 83' lang='lat' dir='ltr'><strong>patri</strong></span> <span class='ocrx_word' id='word_1_631' title='bbox 2526 3098 2604 3151; x_wconf 64' lang='lat' dir='ltr'><strong>A:</strong></span> 
     </span>
     <span class='ocr_line' id='line_1_96' title="bbox 1533 3156 2598 3229; baseline 0.001 -18"><span class='ocrx_word' id='word_1_632' title='bbox 1533 3180 1584 3229; x_wconf 71' lang='grc' dir='ltr'><strong>ν,</strong></span> <span class='ocrx_word' id='word_1_633' title='bbox 1616 3170 1665 3213; x_wconf 75' lang='grc'><strong>3.</strong></span> <span class='ocrx_word' id='word_1_634' title='bbox 1704 3168 1767 3213; x_wconf 73' lang='lat'><strong>82</strong></span> <span class='ocrx_word' id='word_1_635' title='bbox 1814 3166 1937 3214; x_wconf 82' lang='lat' dir='ltr'><strong>Satis</strong></span> <span class='ocrx_word' id='word_1_636' title='bbox 1972 3165 2083 3211; x_wconf 84' lang='lat' dir='ltr'><strong>mihi</strong></span> <span class='ocrx_word' id='word_1_637' title='bbox 2108 3156 2379 3213; x_wconf 67' lang='lat' dir='ltr'><strong>id‘habea&#39;m</strong></span> <span class='ocrx_word' id='word_1_638' title='bbox 2416 3164 2598 3229; x_wconf 86' lang='lat' dir='ltr'><strong>suppli-</strong></span> 
     </span>
     <span class='ocr_line' id='line_1_97' title="bbox 1531 3225 2599 3291; baseline 0.001 -13"><span class='ocrx_word' id='word_1_639' title='bbox 1531 3228 1615 3287; x_wconf 73' lang='lat' dir='ltr'><strong>eii,</strong></span> <span class='ocrx_word' id='word_1_640' title='bbox 1638 3230 1751 3277; x_wconf 84' lang='lat' dir='ltr'><strong>dnm</strong></span> <span class='ocrx_word' id='word_1_641' title='bbox 1776 3230 1883 3278; x_wconf 88' lang='lat' dir='ltr'><strong>illos</strong></span> <span class='ocrx_word' id='word_1_642' title='bbox 1905 3225 2103 3278; x_wconf 74' lang='lat' dir='ltr'><strong>uleisca&#39;r</strong></span> <span class='ocrx_word' id='word_1_643' title='bbox 2122 3228 2126 3234; x_wconf 87' lang='lat'>&#39;</span> <span class='ocrx_word' id='word_1_644' title='bbox 2144 3231 2289 3277; x_wconf 69' lang='lat' dir='ltr'><strong>rn&#39;odb</strong></span> <span class='ocrx_word' id='word_1_645' title='bbox 2322 3226 2420 3277; x_wconf 65' lang='lat' dir='ltr'><strong>Aa.</strong></span> <span class='ocrx_word' id='word_1_646' title='bbox 2458 3230 2527 3291; x_wconf 90' lang='lat' dir='ltr'><strong>iii,</strong></span> <span class='ocrx_word' id='word_1_647' title='bbox 2548 3236 2599 3281; x_wconf 86' lang='grc'><strong>2.</strong></span> 
     </span>
     <span class='ocr_line' id='line_1_98' title="bbox 1536 3292 2605 3357; baseline -0.004 -13"><span class='ocrx_word' id='word_1_648' title='bbox 1536 3300 1596 3344; x_wconf 82' lang='grc'><strong>15</strong></span> <span class='ocrx_word' id='word_1_649' title='bbox 1650 3294 1843 3343; x_wconf 79' lang='lat' dir='ltr'><strong>Redeat</strong></span> <span class='ocrx_word' id='word_1_650' title='bbox 1864 3310 1977 3343; x_wconf 84' lang='lat' dir='ltr'><strong>sane</strong></span> <span class='ocrx_word' id='word_1_651' title='bbox 2016 3295 2065 3341; x_wconf 86' lang='lat' dir='ltr'><strong>in</strong></span> <span class='ocrx_word' id='word_1_652' title='bbox 2089 3292 2315 3357; x_wconf 79' lang='lat' dir='ltr'><strong>gratiam:</strong></span> <span class='ocrx_word' id='word_1_653' title='bbox 2346 3294 2447 3357; x_wconf 86' lang='lat' dir='ltr'><strong>jam</strong></span> <span class='ocrx_word' id='word_1_654' title='bbox 2486 3301 2605 3357; x_wconf 87' lang='lat' dir='ltr'><strong>sup-&#39;</strong></span> 
     </span>
     <span class='ocr_line' id='line_1_99' title="bbox 1535 3355 2598 3424; baseline 0.002 -19"><span class='ocrx_word' id='word_1_655' title='bbox 1535 3358 1671 3423; x_wconf 81' lang='lat' dir='ltr'><strong>plicii</strong></span> <span class='ocrx_word' id='word_1_656' title='bbox 1698 3361 1809 3407; x_wconf 86' lang='lat' dir='ltr'><strong>satis</strong></span> <span class='ocrx_word' id='word_1_657' title='bbox 1830 3368 1903 3407; x_wconf 86' lang='lat' dir='ltr'><strong>est</strong></span> <span class='ocrx_word' id='word_1_658' title='bbox 1925 3360 2037 3407; x_wconf 82' lang='lat' dir='ltr'><strong>mihi</strong></span> <span class='ocrx_word' id='word_1_659' title='bbox 2079 3360 2171 3408; x_wconf 89' lang='lat' dir='ltr'><strong>Ph.</strong></span> <span class='ocrx_word' id='word_1_660' title='bbox 2198 3367 2259 3417; x_wconf 82' lang='lat' dir='ltr'><strong>&#39;v,</strong></span> <span class='ocrx_word' id='word_1_661' title='bbox 2286 3355 2345 3409; x_wconf 56' lang='grc' dir='ltr'><strong>’ΒΞ</strong></span> <span class='ocrx_word' id='word_1_662' title='bbox 2372 3360 2473 3424; x_wconf 70' lang='lat'><strong>&#39;49&#39;</strong></span> <span class='ocrx_word' id='word_1_663' title='bbox 2502 3358 2598 3407; x_wconf 89' lang='lat' dir='ltr'><strong>Hei</strong></span> 
     </span>
     <span class='ocr_line' id='line_1_100' title="bbox 1535 3420 2601 3488; baseline 0.001 -17"><span class='ocrx_word' id='word_1_664' title='bbox 1535 3424 1681 3471; x_wconf 79' lang='lat' dir='ltr'><strong>mihi!</strong></span> <span class='ocrx_word' id='word_1_665' title='bbox 1718 3440 1803 3472; x_wconf 87' lang='lat' dir='ltr'><strong>cur</strong></span> <span class='ocrx_word' id='word_1_666' title='bbox 1822 3440 1919 3472; x_wconf 86' lang='lat' dir='ltr'><strong>uon</strong></span> <span class='ocrx_word' id='word_1_667' title='bbox 1955 3425 2108 3473; x_wconf 88' lang='lat' dir='ltr'><strong>habeo</strong></span> <span class='ocrx_word' id='word_1_668' title='bbox 2146 3420 2347 3488; x_wconf 77' lang='lat' dir='ltr'><strong>spatium</strong></span> <span class='ocrx_word' id='word_1_669' title='bbox 2356 3420 2375 3482; x_wconf 72' lang='grc'><strong>,’</strong></span> <span class='ocrx_word' id='word_1_670' title='bbox 2391 3432 2447 3471; x_wconf 88' lang='lat' dir='ltr'><strong>ut</strong></span> <span class='ocrx_word' id='word_1_671' title='bbox 2468 3425 2529 3471; x_wconf 89' lang='lat' dir='ltr'><strong>de</strong></span> <span class='ocrx_word' id='word_1_672' title='bbox 2552 3430 2601 3472; x_wconf 87' lang='lat' dir='ltr'><strong>te</strong></span> 
     </span>
     <span class='ocr_line' id='line_1_101' title="bbox 1535 3487 2602 3553; baseline 0 -18"><span class='ocrx_word' id='word_1_673' title='bbox 1535 3504 1715 3537; x_wconf 84' lang='lat' dir='ltr'><strong>sumam</strong></span> <span class='ocrx_word' id='word_1_674' title='bbox 1738 3490 2041 3553; x_wconf 88' lang='lat' dir='ltr'><strong>supplicium,</strong></span> <span class='ocrx_word' id='word_1_675' title='bbox 2082 3496 2141 3536; x_wconf 80' lang='lat' dir='ltr'><strong>&#39;ut</strong></span> <span class='ocrx_word' id='word_1_676' title='bbox 2175 3489 2319 3537; x_wconf 87' lang='lat' dir='ltr'><strong>volo?</strong></span> <span class='ocrx_word' id='word_1_677' title='bbox 2343 3487 2419 3536; x_wconf 58' lang='grc' dir='ltr'><strong>*Αἰ</strong></span> <span class='ocrx_word' id='word_1_678' title='bbox 2459 3487 2602 3549; x_wconf 80' lang='lat' dir='ltr'><strong>iii,‘5.</strong></span> 
     </span>
     <span class='ocr_line' id='line_1_102' title="bbox 1541 3554 2597 3618; baseline -0.004 -15"><span class='ocrx_word' id='word_1_679' title='bbox 1541 3558 1600 3603; x_wconf 76' lang='lat'><strong>1⁷</strong></span> <span class='ocrx_word' id='word_1_680' title='bbox 1652 3555 1732 3601; x_wconf 83' lang='lat' dir='ltr'><strong>An</strong></span> <span class='ocrx_word' id='word_1_681' title='bbox 1755 3562 1811 3601; x_wconf 93' lang='lat' dir='ltr'><strong>ut</strong></span> <span class='ocrx_word' id='word_1_682' title='bbox 1832 3570 1915 3618; x_wconf 89' lang='lat' dir='ltr'><strong>pro</strong></span> <span class='ocrx_word' id='word_1_683' title='bbox 1954 3554 2097 3618; x_wconf 90' lang='lat' dir='ltr'><strong>hujus</strong></span> <span class='ocrx_word' id='word_1_684' title='bbox 2126 3554 2335 3617; x_wconf 84' lang='lat' dir='ltr'><strong>peccatis</strong></span> <span class='ocrx_word' id='word_1_685' title='bbox 2372 3569 2461 3617; x_wconf 86' lang='lat' dir='ltr'><strong>ego</strong></span> <span class='ocrx_word' id='word_1_686' title='bbox 2484 3569 2597 3616; x_wconf 87' lang='lat' dir='ltr'><strong>sup·</strong></span> 
     </span>
     <span class='ocr_line' id='line_1_103' title="bbox 1537 3616 2597 3681; baseline 0 -16"><span class='ocrx_word' id='word_1_687' title='bbox 1537 3618 1733 3681; x_wconf 83' lang='lat' dir='ltr'><strong>plicium</strong></span> <span class='ocrx_word' id='word_1_688' title='bbox 1758 3619 2011 3667; x_wconf 83' lang='lat' dir='ltr'><strong>sufferam?</strong></span> <span class='ocrx_word' id='word_1_689' title='bbox 2046 3617 2111 3665; x_wconf 84' lang='lat' dir='ltr'><strong>A.</strong></span> <span class='ocrx_word' id='word_1_690' title='bbox 2132 3635 2180 3675; x_wconf 87' lang='lat' dir='ltr'><strong>v,</strong></span> <span class='ocrx_word' id='word_1_691' title='bbox 2204 3622 2253 3667; x_wconf 77' lang='lat'><strong>3.</strong></span> <span class='ocrx_word' id='word_1_692' title='bbox 2278 3622 2337 3669; x_wconf 82' lang='grc'><strong>17</strong></span> <span class='ocrx_word' id='word_1_693' title='bbox 2370 3616 2441 3665; x_wconf 88' lang='lat' dir='ltr'><strong>Te</strong></span> <span class='ocrx_word' id='word_1_694' title='bbox 2473 3618 2597 3679; x_wconf 66' lang='lat' dir='ltr'><strong>ultro</strong></span> 
     </span>
     <span class='ocr_line' id='line_1_104' title="bbox 1537 3682 2597 3745; baseline -0.001 -15"><span class='ocrx_word' id='word_1_695' title='bbox 1537 3684 1807 3733; x_wconf 78' lang='lat' dir='ltr'><strong>accusabis:</strong></span> <span class='ocrx_word' id='word_1_696' title='bbox 1845 3692 1896 3731; x_wconf 87' lang='lat' dir='ltr'><strong>et</strong></span> <span class='ocrx_word' id='word_1_697' title='bbox 1917 3684 2051 3730; x_wconf 85' lang='lat' dir='ltr'><strong>dabis</strong></span> <span class='ocrx_word' id='word_1_698' title='bbox 2086 3683 2131 3730; x_wconf 88' lang='lat' dir='ltr'><strong>ei</strong></span> <span class='ocrx_word' id='word_1_699' title='bbox 2168 3683 2289 3730; x_wconf 89' lang='lat' dir='ltr'><strong>ultro</strong></span> <span class='ocrx_word' id='word_1_700' title='bbox 2312 3682 2597 3745; x_wconf 85' lang='lat' dir='ltr'><strong>supplicium</strong></span> 
     </span>
     <span class='ocr_line' id='line_1_105' title="bbox 1537 3742 2601 3811; baseline 0 -17"><span class='ocrx_word' id='word_1_701' title='bbox 1537 3742 1853 3809; x_wconf 75' lang='lat' dir='ltr'><strong>Eu.·i,·1&#39;.25·</strong></span> <span class='ocrx_word' id='word_1_702' title='bbox 1898 3747 2086 3795; x_wconf 88' lang='lat' dir='ltr'><strong>Interea</strong></span> <span class='ocrx_word' id='word_1_703' title='bbox 2123 3762 2271 3811; x_wconf 90' lang='lat' dir='ltr'><strong>usque</strong></span> <span class='ocrx_word' id='word_1_704' title='bbox 2310 3747 2379 3794; x_wconf 87' lang='lat' dir='ltr'><strong>illi</strong></span> <span class='ocrx_word' id='word_1_705' title='bbox 2420 3748 2481 3795; x_wconf 88' lang='lat' dir='ltr'><strong>de</strong></span> <span class='ocrx_word' id='word_1_706' title='bbox 2524 3762 2601 3794; x_wconf 88' lang='lat' dir='ltr'><strong>me</strong></span> 
     </span>
     <span class='ocr_line' id='line_1_106' title="bbox 1539 3810 2424 3875; baseline 0.003 -16"><span class='ocrx_word' id='word_1_707' title='bbox 1539 3811 1819 3875; x_wconf 73' lang='lat' dir='ltr'><strong>supplicium</strong></span> <span class='ocrx_word' id='word_1_708' title='bbox 1842 3814 1965 3861; x_wconf 86' lang='lat' dir='ltr'><strong>dabo</strong></span> <span class='ocrx_word' id='word_1_709' title='bbox 1998 3810 2121 3859; x_wconf 88' lang='lat' dir='ltr'><strong>Hea.</strong></span> <span class='ocrx_word' id='word_1_710' title='bbox 2143 3812 2179 3875; x_wconf 85' lang='lat' dir='ltr'><strong>i,</strong></span> <span class='ocrx_word' id='word_1_711' title='bbox 2203 3818 2249 3862; x_wconf 84' lang='lat'><strong>1.</strong></span> <span class='ocrx_word' id='word_1_712' title='bbox 2270 3816 2357 3861; x_wconf 69' lang='lat'><strong>86⁴</strong></span> <span class='ocrx_word' id='word_1_713' title='bbox 2418 3819 2424 3825; x_wconf 82' lang='lat'><strong><em>‘</em></strong></span> 
     </span>
     <span class='ocr_line' id='line_1_107' title="bbox 1602 3874 2601 3941; baseline -0.002 -16"><span class='ocrx_word' id='word_1_714' title='bbox 1602 3874 1849 3941; x_wconf 76' lang='lat' dir='ltr'><strong>Supplico&#39;.</strong></span> <span class='ocrx_word' id='word_1_715' title='bbox 1888 3876 2076 3939; x_wconf 81' lang='lat' dir='ltr'><strong>&#39;Ipsum</strong></span> <span class='ocrx_word' id='word_1_716' title='bbox 2112 3876 2238 3924; x_wconf 77' lang='lat' dir='ltr'><strong>bunc</strong></span> <span class='ocrx_word' id='word_1_717' title='bbox 2275 3876 2457 3923; x_wconf 81' lang='lat' dir='ltr'><strong>orabo:</strong></span> <span class='ocrx_word' id='word_1_718' title='bbox 2490 3874 2601 3923; x_wconf 85' lang='lat' dir='ltr'><strong>huie</strong></span> 
     </span>
     <span class='ocr_line' id='line_1_108' title="bbox 1541 3938 2601 4006; baseline -0.002 -17"><span class='ocrx_word' id='word_1_719' title='bbox 1541 3943 1819 4005; x_wconf 85' lang='lat' dir='ltr'><strong>supplicabo</strong></span> <span class='ocrx_word' id='word_1_720' title='bbox 1840 3960 1852 3989; x_wconf 90' lang='lat'><strong>:</strong></span> <span class='ocrx_word' id='word_1_721' title='bbox 1888 3942 2052 3998; x_wconf 88' lang='lat' dir='ltr'><strong>credo,</strong></span> <span class='ocrx_word' id='word_1_722' title='bbox 2068 3940 2347 4006; x_wconf 73' lang='lat' dir='ltr'><strong>impetrabo,</strong></span> <span class='ocrx_word' id='word_1_723' title='bbox 2370 3948 2427 3988; x_wconf 92' lang='lat' dir='ltr'><strong>ut</strong></span> <span class='ocrx_word' id='word_1_724' title='bbox 2456 3938 2521 3987; x_wconf 87' lang='lat' dir='ltr'><strong>A.</strong></span> <span class='ocrx_word' id='word_1_725' title='bbox 2544 3938 2601 3996; x_wconf 81' lang='lat' dir='ltr'><strong>ii,</strong></span> 
     </span>
     <span class='ocr_line' id='line_1_109' title="bbox 1542 4004 2601 4071; baseline -0.004 -16"><span class='ocrx_word' id='word_1_726' title='bbox 1542 4010 1588 4055; x_wconf 92' lang='lat' dir='ltr'><strong>l.</strong></span> <span class='ocrx_word' id='word_1_727' title='bbox 1612 4010 1695 4056; x_wconf 72' lang='lat'><strong>12‘</strong></span> <span class='ocrx_word' id='word_1_728' title='bbox 1722 4008 1832 4056; x_wconf 83' lang='lat' dir='ltr'><strong>&#39;Jam</strong></span> <span class='ocrx_word' id='word_1_729' title='bbox 1876 4006 1979 4053; x_wconf 82' lang='lat' dir='ltr'><strong>haec</strong></span> <span class='ocrx_word' id='word_1_730' title='bbox 2018 4005 2109 4053; x_wconf 77' lang='lat' dir='ltr'><strong>tibi</strong></span> <span class='ocrx_word' id='word_1_731' title='bbox 2141 4006 2303 4071; x_wconf 36' lang='lat' dir='ltr'><strong>aderit·</strong></span> <span class='ocrx_word' id='word_1_732' title='bbox 2328 4004 2601 4068; x_wconf 80' lang='lat' dir='ltr'><strong>supplicans</strong></span> 
     </span>
     <span class='ocr_line' id='line_1_110' title="bbox 1537 4066 2601 4135; baseline 0 -16"><span class='ocrx_word' id='word_1_733' title='bbox 1537 4071 1661 4120; x_wconf 79' lang='lat' dir='ltr'><strong>ultro</strong></span> <span class='ocrx_word' id='word_1_734' title='bbox 1692 4071 1788 4135; x_wconf 52' lang='lat' dir='ltr'><strong>‚Em</strong></span> <span class='ocrx_word' id='word_1_735' title='bbox 1812 4072 1877 4127; x_wconf 85' lang='lat' dir='ltr'><strong>iv,</strong></span> <span class='ocrx_word' id='word_1_736' title='bbox 1898 4076 1945 4121; x_wconf 81' lang='grc'><strong>7.</strong></span> <span class='ocrx_word' id='word_1_737' title='bbox 1967 4074 2028 4119; x_wconf 77' lang='grc'><strong>41</strong></span> <span class='ocrx_word' id='word_1_738' title='bbox 2086 4068 2165 4117; x_wconf 89' lang='lat' dir='ltr'><strong>Ita</strong></span> <span class='ocrx_word' id='word_1_739' title='bbox 2200 4076 2328 4118; x_wconf 75' lang='lat' dir='ltr'><strong>nune</strong></span> <span class='ocrx_word' id='word_1_740' title='bbox 2348 4070 2389 4117; x_wconf 86' lang='lat' dir='ltr'><strong>is</strong></span> <span class='ocrx_word' id='word_1_741' title='bbox 2412 4066 2501 4117; x_wconf 85' lang='lat' dir='ltr'><strong>sibi</strong></span> <span class='ocrx_word' id='word_1_742' title='bbox 2526 4084 2601 4119; x_wconf 85' lang='lat' dir='ltr'><strong>me</strong></span> 
     </span>
     <span class='ocr_line' id='line_1_111' title="bbox 1540 4134 2501 4201; baseline -0.002 -16"><span class='ocrx_word' id='word_1_743' title='bbox 1540 4136 1912 4201; x_wconf 80' lang='lat' dir='ltr'><strong>supplicaturum</strong></span> <span class='ocrx_word' id='word_1_744' title='bbox 1936 4135 2113 4197; x_wconf 80' lang='lat' dir='ltr'><strong>putat?</strong></span> <span class='ocrx_word' id='word_1_745' title='bbox 2155 4134 2249 4185; x_wconf 84' lang='lat' dir='ltr'><strong>He.</strong></span> <span class='ocrx_word' id='word_1_746' title='bbox 2272 4134 2342 4194; x_wconf 84' lang='lat' dir='ltr'><strong>iii,</strong></span> <span class='ocrx_word' id='word_1_747' title='bbox 2364 4141 2411 4183; x_wconf 83' lang='lat'><strong>5.</strong></span> <span class='ocrx_word' id='word_1_748' title='bbox 2436 4140 2501 4183; x_wconf 82' lang='lat'><strong>50</strong></span> 
     </span>
     <span class='ocr_line' id='line_1_112' title="bbox 1551 4198 2601 4265; baseline -0.004 -16"><span class='ocrx_word' id='word_1_749' title='bbox 1551 4220 1562 4231; x_wconf 87' lang='lat'><strong>·</strong></span> <span class='ocrx_word' id='word_1_750' title='bbox 1604 4202 1863 4265; x_wconf 71' lang='lat' dir='ltr'><strong>Suppon&#39;o.&#39;</strong></span> <span class='ocrx_word' id='word_1_751' title='bbox 1894 4198 1994 4257; x_wconf 83' lang='lat' dir='ltr'><strong>Qui</strong></span> <span class='ocrx_word' id='word_1_752' title='bbox 2017 4201 2143 4247; x_wconf 88' lang='lat' dir='ltr'><strong>hunc</strong></span> <span class='ocrx_word' id='word_1_753' title='bbox 2168 4200 2417 4265; x_wconf 83' lang='lat' dir='ltr'><strong>supposuit</strong></span> <span class='ocrx_word' id='word_1_754' title='bbox 2428 4198 2601 4247; x_wconf 83' lang='lat' dir='ltr'><strong>nobis?</strong></span> 
     </span>
     <span class='ocr_line' id='line_1_113' title="bbox 1542 4264 2599 4331; baseline -0.003 -18"><span class='ocrx_word' id='word_1_755' title='bbox 1542 4266 1637 4314; x_wconf 89' lang='lat' dir='ltr'><strong>Eu.</strong></span> <span class='ocrx_word' id='word_1_756' title='bbox 1663 4284 1711 4328; x_wconf 87' lang='lat' dir='ltr'><strong>v,</strong></span> <span class='ocrx_word' id='word_1_757' title='bbox 1752 4269 1799 4313; x_wconf 79' lang='grc'><strong>3.</strong></span> <span class='ocrx_word' id='word_1_758' title='bbox 1834 4268 1867 4320; x_wconf 70' lang='grc'><strong>,3</strong></span> <span class='ocrx_word' id='word_1_759' title='bbox 1895 4264 2018 4320; x_wconf 79' lang='lat' dir='ltr'><strong>=Qui</strong></span> <span class='ocrx_word' id='word_1_760' title='bbox 2055 4264 2200 4326; x_wconf 83' lang='lat' dir='ltr'><strong>magis</strong></span> <span class='ocrx_word' id='word_1_761' title='bbox 2236 4265 2364 4331; x_wconf 85' lang='lat' dir='ltr'><strong>licet,</strong></span> <span class='ocrx_word' id='word_1_762' title='bbox 2404 4278 2599 4329; x_wconf 86' lang='lat' dir='ltr'><strong>puerum</strong></span> 
     </span>
     <span class='ocr_line' id='line_1_114' title="bbox 1540 4328 2603 4395; baseline 0 -17"><span class='ocrx_word' id='word_1_763' title='bbox 1540 4330 1787 4395; x_wconf 78' lang='lat' dir='ltr'><strong>supponi?</strong></span> <span class='ocrx_word' id='word_1_764' title='bbox 1820 4328 1923 4378; x_wconf 67' lang='lat' dir='ltr'><strong>Eu.</strong></span> <span class='ocrx_word' id='word_1_765' title='bbox 1942 4328 2068 4377; x_wconf 90' lang='lat' dir='ltr'><strong>Prol.</strong></span> <span class='ocrx_word' id='word_1_766' title='bbox 2092 4330 2157 4378; x_wconf 74' lang='lat'><strong>39</strong></span> <span class='ocrx_word' id='word_1_767' title='bbox 2226 4338 2231 4343; x_wconf 80' lang='grc'><strong>’</strong></span> <span class='ocrx_word' id='word_1_768' title='bbox 2286 4336 2317 4349; x_wconf 83' lang='grc'>”</span> <span class='ocrx_word' id='word_1_769' title='bbox 2368 4354 2379 4363; x_wconf 83' lang='lat'><strong>·</strong></span> <span class='ocrx_word' id='word_1_770' title='bbox 2596 4334 2603 4341; x_wconf 81' lang='grc'><strong><em>’</em></strong></span> 
     </span>
    </p>
   </div>
  </div>
 </body>
</html>
