3192 4975
645 554 714 601 22
751 546 966 598 Τιιᾶιισο
983 551 1036 596 et
1055 550 1270 602 ιιιιιιιοιιι.
1285 551 1336 597 et
1353 543 1576 597 familiam
1593 559 1697 594 om-

641 629 756 679 nem
789 612 850 660 nd
885 626 986 660 nos.
1047 608 1140 668 Tu,
1174 608 1298 668 iun,
1318 610 1417 672 abi,
1437 617 1488 658 et
1507 611 1699 660 traduce

643 677 740 726 Ad.
765 693 812 738 v,
831 681 882 726 7.
903 679 984 724 12.
1015 679 1080 726 19
1130 675 1257 738 Age.
1291 690 1398 738 age,
1431 677 1699 725 induuntur

642 741 846 792 Bacchis
899 740 1024 788 Heu.
1059 739 1124 800 iv,
1147 742 1195 788 3.
1225 742 1294 790 44
1345 739 1697 789 Transeundum

643 821 772 854 nunc
804 804 896 854 tibi
934 805 996 852 ed
1033 803 1370 852 Menedemum
1407 811 1496 861 est,
1533 811 1584 851 et
1618 811 1701 851 tun

645 885 900 982 mm?
923 868 1703 996 ’ῗέἒᾚῗὲἕὲιέἶῖῖἇῖἔῇἒὲ

863 967 876 981 ·
1555 967 1578 989 s

645 1014 800 1048 meum
822 998 1027 1046 animum
1047 995 1232 1046 divorse
1270 998 1458 1046 trabum
1509 1000 1574 1048 A.
1593 997 1631 1054 i,
1652 1003 1701 1048 5.

711 1127 1024 1190 Tranquillus,
1045 1142 1094 1187 a,
1115 1141 1211 1176 um.
1278 1125 1354 1174 Sic
1375 1126 1551 1174 habent
1571 1125 1702 1187 prin·

645 1193 772 1256 cipis.
793 1208 912 1250 sese,
935 1199 988 1240 ιιι
1007 1191 1147 1240 dico=
1182 1191 1338 1238 adhue
1366 1191 1611 1254 uunquilla
1633 1205 1706 1238 res

647 1266 722 1306 est
775 1257 866 1305 Ph.
886 1257 958 1314 iii,
985 1260 1028 1304 1.
1053 1261 1112 1306 15
1170 1255 1399 1302 Phaedriae
1435 1269 1540 1302 meo
1575 1255 1706 1302 fratri

681 1322 833 1372 audeo
856 1336 1056 1369 amorem
1077 1335 1180 1368 esse
1199 1336 1384 1368 omnem
1407 1319 1456 1367 in
1478 1318 1705 1384 tranquil-

667 1402 696 1436 ο
751 1385 844 1434 Ειι.
863 1403 912 1446 v,
931 1390 978 1434 0.
999 1389 1031 1435 8
1087 1385 1186 1441 Qui
1220 1401 1295 1432 me
1331 1384 1473 1432 hodie
1505 1400 1562 1432 ex
1581 1393 1707 1432 tran·

645 1450 927 1514 quillissima
955 1465 1007 1498 re
1039 1448 1288 1510 conjecisti
1322 1451 1376 1497 in
1401 1449 1592 1512 nuptias
1644 1449 1708 1498 A.

645 1515 720 1573 iii,
738 1521 785 1564 5.
809 1518 870 1564 14

713 1579 1030 1628 Transactus:
1064 1577 1175 1626 vide
1192 1577 1416 1640 Transigo

713 1643 1011 1694 Transcurro.
1076 1643 1150 1690 Tu
1173 1643 1268 1704 abi,
1287 1649 1430 1704 atque
1449 1642 1615 1692 obsera
1634 1655 1709 1690 os-

649 1708 768 1755 tium
789 1709 933 1763 intus,
970 1723 1060 1772 ego
1099 1709 1211 1754 dum
1235 1708 1344 1756 hinc
1365 1715 1626 1754 transcurro
1646 1707 1707 1754 nd

649 1771 801 1820 forum
835 1772 927 1819 Eu.
948 1773 1012 1827 iv,
1035 1777 1084 1820 θ’.
1110 1777 1172 1820 25

715 1836 942 1885 Transdo.
1009 1835 1164 1884 Poeta
1207 1844 1339 1884 vetus
1377 1835 1576 1884 Ροὲιειιι
1612 1849 1714 1882 nou

650 1909 812 1964 potest
841 1901 1070 1948 retrahere
1108 1901 1168 1948 ab
1205 1899 1380 1957 studio,
1404 1908 1454 1948 et
1475 1899 1711 1946 transdere

653 1965 889 2012 hominem
911 1967 964 2012 in
987 1967 1136 2012 otium
1170 1965 1260 2012 Ph.
1285 1964 1412 2013 Prol.
1436 1969 1468 2012 2

718 2030 938 2078 Transeo.
1002 2029 1094 2078 Sed
1126 2029 1267 2077 transi
1299 2029 1436 2076 sodes
1467 2029 1532 2076 ad
1561 2028 1709 2075 forum

651 2093 745 2145 Ph.
771 2111 816 2150 v,
835 2099 886 2143 7.
908 2099 972 2144 28
1011 2094 1226 2142 Transito
1249 2095 1309 2140 ad
1331 2109 1519 2141 uxorem
1543 2108 1714 2148 meam,

655 2167 710 2205 ιιι
753 2161 1004 2207 conveniat
1049 2160 1171 2208 banc
1225 2159 1371 2222 prius,
1417 2173 1556 2222 quam
1602 2157 1713 2204 hinc

651 2223 792 2270 abeat
812 2223 901 2270 Ph.
921 2225 985 2279 iv,
1007 2231 1054 2272 5.
1072 2228 1102 2273 7
1138 2223 1338 2278 Amabo,
1359 2231 1414 2271 ut
1433 2223 1548 2270 illue
1565 2231 1715 2268 trans-

655 2303 756 2349 eas,
781 2288 859 2334 ubi
881 2287 962 2334 illa
980 2296 1052 2335 est
1105 2287 1194 2334 Eu.
1215 2288 1287 2342 iii,
1311 2292 1356 2336 3.
1381 2291 1440 2334 31
1477 2287 1564 2334 Est
1583 2287 1714 2348 quod

655 2367 732 2398 me
754 2351 947 2398 transire
968 2352 1026 2398 ad
1053 2352 1198 2398 forum
1216 2351 1317 2411 jam
1349 2358 1566 2412 oporteat
1619 2349 1713 2398 He.

651 2414 707 2468 ii,
720 2419 768 2462 2.
792 2417 854 2461 31
887 2413 1240 2460 Transeundum
1263 2429 1389 2460 nunc
1411 2415 1497 2460 tibi
1519 2415 1580 2460 ad
1604 2413 1717 2460 Me·

655 2478 904 2527 nedemum
928 2484 1000 2525 est
1031 2476 1155 2526 Hea.
1180 2476 1246 2532 iv,
1266 2481 1314 2527 4.
1341 2480 1399 2526 17

718 2542 982 2591 Transfero.
1047 2540 1328 2598 Maledicte,
1351 2541 1536 2598 famam,
1561 2555 1715 2589 meum

656 2622 878 2661 amorem,
895 2615 944 2655 et
958 2614 1202 2669 peccatum
1221 2606 1269 2653 in
1287 2622 1337 2653 se
1355 2606 1587 2653 transtulit
1622 2606 1715 2653 Ad.

657 2672 709 2729 ii,
733 2676 780 2720 3.
810 2676 870 2720 10
923 2672 1122 2719 Animus
1157 2670 1400 2734 paullatim
1438 2671 1625 2735 elapsus
1646 2678 1719 2718 est

658 2736 922 2785 Bacchidi:
975 2743 1119 2799 atque
1144 2737 1234 2783 huc
1258 2735 1492 2782 transtulit
1513 2750 1715 2782 amorem

661 2801 755 2849 He.
778 2801 812 2861 i,
831 2806 878 2851 2.
901 2805 966 2849 94
997 2800 1046 2847 Si
1061 2808 1114 2847 tu
1132 2800 1316 2863 negaris
1327 2800 1516 2855 ducere,
1534 2800 1596 2846 ibi
1616 2798 1715 2847 cul-

661 2880 770 2929 pam
809 2866 856 2913 in
889 2874 936 2912 te
973 2866 1217 2912 transferet
1270 2864 1330 2912 A.
1361 2864 1414 2923 ii,
1447 2868 1494 2911 3.
1523 2869 1552 2913 5
1611 2863 1717 2910 Hac

659 2928 886 2978 transfer:
922 2944 1060 2975 unam
1079 2930 1154 2976 fac
1169 2930 1358 2976 domum
1392 2927 1492 2975 Ad.
1513 2944 1558 2986 v,
1578 2932 1628 2977 7.
1658 2932 1713 2975 11

661 2994 786 3051 Quae
824 3008 1084 3041 convenere
1121 2994 1172 3041 in
1203 2993 1451 3053 Andriam,
1471 3008 1528 3040 ex
1552 2992 1717 3040 Perin-

663 3058 763 3105 thia
784 3058 954 3105 fatetur
976 3058 1261 3105 transtulisse
1294 3057 1354 3107 A.
1377 3056 1502 3103 Prol.
1529 3062 1590 3106 14
1624 3056 1719 3104 Eas

662 3122 1627 3235 32⁶.xczufffizmssfficss'ffimsszss
1655 3122 1719 3233 ἐξ

621 3280 626 3293 ·
661 3252 722 3299 In
739 3267 844 3300 eum
859 3251 1063 3315 suspicio
1075 3257 1148 3297 est
1163 3251 1386 3297 translata
1394 3251 1562 3297 amoris
1595 3249 1722 3297 Hea.

662 3316 728 3371 iv,
753 3322 802 3363 5.
833 3319 895 3363 53
951 3314 1090 3361 Illinc
1131 3316 1222 3363 huc
1255 3315 1552 3373 transferetur
1590 3316 1720 3376 virgo

663 3378 760 3425 Ad.
782 3379 849 3434 iv,
871 3384 920 3427 7.
946 3382 1006 3426 13
1063 3378 1161 3441 Cur
1191 3377 1437 3427 nonium
1459 3380 1550 3427 huc
1571 3386 1720 3427 trans-

669 3442 776 3490 ferri
793 3441 967 3505 jubes?
1002 3443 1064 3490 A.
1089 3460 1134 3496 v,
1156 3448 1205 3492 4.
1229 3448 1296 3493 49

729 3506 972 3571 Transigo.
1011 3506 1196 3569 Ecquid
1221 3507 1403 3556 locutus
1417 3523 1524 3555 cum
1539 3506 1632 3555 ista
1652 3524 1721 3563 es,
1782 3518 1791 3526 '

665 3573 966 3636 quamobrem
987 3573 1109 3620 hanc
1143 3573 1388 3623 ducimus?
1443 3573 1534 3621 ch.
1552 3572 1726 3619 Trans·

665 3637 742 3701 egi
775 3636 865 3686 Ph.
885 3654 932 3693 v,
949 3642 995 3687 3.
1018 3641 1079 3685 16
1112 3638 1354 3685 Postremo
1370 3638 1492 3686 inter
1507 3653 1556 3685 se
1574 3644 1722 3684 trans-

666 3702 800 3765 igant
821 3702 929 3765 ipsi,
953 3710 1006 3749 ut
1036 3700 1166 3749 lubet
1209 3703 1302 3754 He.
1323 3703 1396 3763 iii,
1418 3709 1464 3751 6.
1487 3707 1549 3751 61
1587 3702 1725 3749 Intus

569 3828 579 3838 ι
667 3767 960 3831 transigetur,
986 3767 1024 3813 si
1047 3766 1161 3829 quid
1185 3776 1272 3824 est,
1305 3768 1434 3831 quod
1463 3774 1605 3815 restet
1656 3766 1721 3813 A.

666 3846 714 3887 v,
749 3836 794 3879 6.
835 3835 896 3879 17
949 3830 1204 3881 Transactu
1239 3848 1306 3888 re,
1347 3840 1616 3879 convortam
1650 3846 1723 3877 me

667 3895 860 3942 domum
880 3910 988 3942 cum
1012 3896 1210 3959 opsonio
1241 3896 1340 3945 Ad.
1359 3896 1468 3952 ἱί,4.
1493 3900 1558 3944 22
1591 3895 1726 3952 Quot

667 3959 821 4007 modis
841 3967 1122 4015 contemtus,
1143 3962 1359 4023 spretus?
1393 3960 1537 4017 facta,
1573 3966 1726 4007 nans-

669 4032 776 4071 acta
796 4024 953 4071 onmia
985 4026 1046 4072 A.
1069 4025 1104 4082 i,
1126 4032 1172 4073 5.
1199 4029 1259 4075 13

732 4088 1064 4137 Transmoveo.
1131 4090 1310 4137 Labore
1331 4088 1485 4137 alieno
1509 4103 1725 4150 magnam

671 4160 852 4212 partam
874 4154 1064 4216 gloriam
1103 4154 1254 4201 verbis
1287 4168 1414 4217 saepe
1434 4153 1484 4199 in
1505 4168 1555 4199 se
1577 4159 1725 4201 unns-

672 4224 846 4281 movet,
881 4218 965 4281 qui
999 4218 1142 4267 habet
1175 4220 1339 4275 salem,
1367 4218 1493 4282 quod
1515 4217 1564 4265 in
1588 4224 1635 4265 te
1656 4224 1729 4265 est

1619 393 1858 447 ¹1⁴!an

1772 543 1863 595 ho
1882 542 1955 600 in,
1978 547 2035 594 ιο.
2048 547 2113 594 1⁰
2845 565 2853 571 '

1834 609 2023 658 Tremo.
2066 605 2251 668 Totus,
2270 606 2519 662 Panneno,
2542 612 2851 665 tremmhor„

1770 689 1963 736 reoque,
2014 681 2259 738 postquam
2294 673 2459 736 aspexi
2492 674 2613 722 hanc
2664 676 2755 724 Eu.
2788 679 2827 735 i,

1835 801 2098 857 Tremulus,
2110 815 2157 856 a,
2174 817 2271 848 um.
2304 801 2545 850 Continuo
2554 804 2751 850 accurrit
2760 805 2829 852 nd

1772 881 1865 922 me,
1883 877 2021 930 quam
2039 866 2177 928 longe
2188 865 2641 930 quidem,.incurvus,
2658 875 2851 916 trema-³

1776 930 1865 987 lus,
1880 931 2020 988 labiis
2034 931 2268 986 demissis,
2287 946 2476 994 gemens
2510 931 2597 978 Eu.
2610 931 2662 987 ii,
2682 937 2729 982 3.
2750 938 2825 983 44

1836 993 2058 1056 Trepido.
2125 994 2277 1042 Hem!
2314 994 2429 1058 quid
2452 996 2557 1043 est?
2586 997 2701 1058 'quid
2730 1006 2830 1044 tre-

1774 1060 1945 1123 pidas?
1990 1059 2130 1107 satin'
2164 1059 2327 1108 salve?
2378 1059 2467 1108 Eu.
2495 1075 2540 1116 v,
2562 1065 2611 1110 6.
2633 1065 2664 1110 8
2696 1061 2829 1118 Quid

1776 1125 1881 1172 est?
1914 1124 2031 1187 quid
2054 1123 2291 1186 trepidas?
2325 1124 2441 1186 quid
2479 1125 2700 1172 festinas?
2731 1127 2833 1175 Ad.

1774 1189 1846 1245 iii,
1868 1193 1917 1238 2.
1936 1193 2000 1238 25
2034 1189 2193 1236 Tace:
2228 1189 2449 1251 trepidari
2468 1191 2640 1244 sentio,
2660 1198 2711 1238 et
2728 1207 2837 1239 cur-

1777 1253 2291 1366 mi—{ss'J'u'rFrleffin
2303 1253 2520 1366 ..¹253ss
2536 1259 2679 1365 {5331
2702 1335 2834 1368 ...2-

1779 1383 1895 1430 bant
1946 1382 2009 1430 A.
2040 1383 2075 1437 i.
2111 1387 2155 1432 1.
2186 1387 2253 1431 60
2306 1383 2441 1432 Clam
2476 1399 2551 1430 me
2580 1383 2837 1446 profectus,

1778 1462 1963 1494 menses
1982 1454 2075 1494 tres
2095 1447 2228 1494 abest
2260 1446 2379 1494 Hea.
2396 1447 2427 1502 i,
2448 1452 2491 1495 1.
2512 1454 2579 1496 66
2610 1447 2703 1495 Hic
2722 1456 2852 1496 sunt„

1780 1519 1873 1558 tres
1896 1513 2032 1558 uiinoe
2066 1511 2157 1560 Ειι.
2178 1510 2246 1565 iii,
2269 1514 2317 1561 2.
2344 1516 2410 1560 18
2456 1511 2565 1561 Jnm
2588 1528 2711 1560 nunc
2728 1515 2831 1562 laec

1780 1576 1871 1624 trin
1891 1576 2089 1639 primum
2110 1576 2273 1623 addidi
2295 1583 2461 1638 praeter
2478 1585 2689 1624 naturam
2736 1577 2837 1625 Ad.

1782 1656 1829 1696 v,
1852 1648 1900 1691 5.
1924 1645 1953 1689 3
2012 1639 2078 1688 Ut
2112 1647 2185 1688 est
2218 1639 2315 1696 ille.
2353 1641 2503 1688 bonus
2523 1641 2718 1697 vinti-ia
2735 1657 2841 1690 nou

1782 1705 2126 1753 commutabitis
2145 1705 2287 1753 verba
2306 1705 2445 1753 hodie
2466 1705 2591 1756 iuter
2608 1723 2687 1754 vos
2741 1707 2833 1754 Ph.

1782 1769 1850 1826 iv,
1875 1775 1923 1818 ³.
1947 1773 2010 1818 83

1848 1833 2065 1882 Tribulis.
2099 1833 2245 1882 Estne
2266 1833 2343 1882 hic
2360 1833 2515 1898 Hegio
2534 1835 2713 1884 tribulis
2728 1851 2840 1884 nos-

1786 1899 1887 1950 ter?
1921 1897 2019 1946 Ad.
2040 1897 2111 1953 iii,
2134 1902 2181 1946 3.
2205 1901 2265 1946 85

1847 1963 2091 2012 Triduum.
2156 1963 2275 2018 Aut.
2296 1964 2336 2012 si
2356 1965 2494 2020 adeo,
2516 1964 2648 2011 bidui
2664 1971 2733 2012 est
2753 1971 2841 2012 aut

1784 2027 1929 2075 tridui
1951 2029 2051 2075 liaec
2084 2027 2339 2074 solicitudo
2396 2029 2457 2079 A.
2479 2029 2532 2084 ii,
2554 2033 2603 2078 6.
2625 2033 2657 2077 9
2709 2029 2840 2076 Tan-

1786 2093 1893 2140 dem
1916 2107 2013 2140 non
2032 2108 2121 2154 ego
2140 2091 2219 2138 illa
2241 2107 2443 2151 caream,
2466 2094 2507 2140 si
2529 2093 2591 2140 sit
2610 2109 2743 2156 opus,
2764 2093 2841 2142 vel

1786 2164 1937 2204 totum
1981 2158 2183 2204 triduum
2204 2156 2223 2203 ἓ
2279 2157 2367 2205 Pa.
2399 2158 2499 2205 Hui
2519 2158 2530 2204 !
2576 2160 2841 2206 universum

1788 2221 1989 2268 triduum
2010 2222 2026 2268 ?
2071 2222 2179 2268 vide
2200 2221 2317 2283 quid
2338 2238 2450 2284 agas
2502 2223 2593 2270 Ειι.
2618 2224 2669 2278 ii,
2693 2228 2737 2271 1.
2762 2227 2848 2272 1⁷.

1791 2290 1853 2333 18
1908 2285 2109 2348 Nequeo
2148 2293 2211 2332 te.
2228 2301 2431 2345 exorare,
2470 2294 2519 2335 ut
2554 2303 2741 2334 maneas
2764 2287 2843 2333 tri*

1789 2350 1934 2396 duum
1957 2351 2080 2396 hoc?
2114 2349 2317 2413 Nequeo
2348 2366 2550 2407 exorare,
2574 2361 2627 2399 ut
2646 2367 2720 2398 me
2746 2367 2845 2399 mn-

1788 2422 1918 2474 neat,
1938 2423 2115 2470 etcum
2134 2413 2213 2462 illo
2234 2423 2283 2462 ut
2302 2423 2449 2462 mutet
2462 2416 2621 2472 fidem,
2640 2417 2847 2463 triduum

1788 2478 1879 2527 hoc
1914 2478 2005 2527 Ph.
2028 2479 2097 2539 iii,
2112 2484 2159 2527 2.
2177 2485 2227 2529 4.
2242 2483 2305 2529 28
2338 2481 2479 2535 Quod
2502 2481 2539 2526 si
2562 2481 2639 2527 hic
2660 2481 2861 2540 potuis-

1790 2550 1862 2589 set
1880 2558 2005 2595 nunc
2026 2546 2253 2591 exorarier
2285 2544 2485 2591 triduum
2515 2544 2605 2591 hoc
2658 2543 2757 2591 Ph.
2775 2543 2855 2608 iii,

1791 2612 1843 2655 3.
1862 2611 1892 2655 3
1936 2607 2025 2661 ,Ita
2055 2622 2105 2653 se
2136 2608 2415 2671 defatigarit,
2436 2608 2593 2665 velim,
2613 2616 2669 2655 ut
2689 2609 2865 2657 triduo·

1790 2672 1882 2719 hoc
1914 2678 2143 2734 perpetuo
2178 2688 2384 2735 prorsum
2420 2689 2448 2720 e
2482 2672 2604 2721 lecto
2644 2681 2863 2737 nequeat.

1791 2751 1977 2797 surgere
2008 2735 2104 2783 Ad.
2127 2737 2189 2791 iv,
2218 2742 2261 2785 1.
2286 2741 2317 2785 4

1855 2800 2143 2847 Triennium.
2190 2802 2371 2849 Mulier
2391 2800 2561 2850 abhinc
2582 2802 2863 2865 triennium,-

1790 2880 1847 2927 ex
1866 2863 2032 2911 Andro
2055 2866 2375 2929 commigravit
2398 2868 2491 2915 huc
2513 2866 2696 2916 viciniae
2728 2868 2789 2913 A.
2809 2866 2865 2923 i..

1816 3042 1825 3050 ‚
1857 2992 2083 3055 Triginta.
2116 2993 2236 3043 Dies
2252 2996 2463 3059 triginta,
2483 3002 2567 3044 aut
2580 2996 2688 3060 plus
2706 3010 2785 3051 eo,
2800 2996 2861 3041 in.

1792 3059 1899 3105 navi
1914 3058 1979 3104 fui
2014 3057 2109 3106 He.
2130 3060 2200 3115 iii,
2222 3063 2270 3107 4.
2294 3066 2323 3109 7
2358 3060 2601 3117 Quantum
2624 3060 2709 3107 tibi
2731 3074 2854 3123 opus

1794 3132 1865 3169 est
1884 3123 2101 3185 argenti?
2138 3124 2346 3186 loquere.
2400 3125 2491 3173 Ph.
2514 3124 2637 3172 Solae
2660 3124 2851 3187 triginta

1794 3187 1953 3235 minae.
2018 3186 2109 3235 Ge.
2141 3188 2384 3251 Triginta!
2438 3189 2536 3245 hui,
2572 3204 2758 3253 percara
2780 3196 2861 3237 est

1795 3252 1887 3300 Ph.
1907 3252 1977 3309 iii,
2000 3257 2047 3301 3.
2069 3255 2151 3301 24.
2189 3259 2251 3303 25
2310 3254 2587 3316 Priusquam
2620 3252 2866 3317 dilapidet.

1793 3324 1973 3363 nostras
1996 3317 2183 3379 triginta
2204 3318 2368 3375 minas,
2393 3328 2447 3365 ut
2468 3319 2741 3367 auferamus·
2760 3317 2865 3365 Ph..

1795 3398 1841 3437 v,
1866 3386 1913 3431 7.
1930 3386 1962 3431 4
2008 3380 2113 3443 Ego
2135 3382 2284 3431 minas
2306 3384 2497 3447 triginta.
2514 3399 2599 3447 per
2618 3382 2853 3431 fallacinm

1794 3446 1855 3493 ab
1878 3445 1957 3493 illo
1976 3446 2147 3493 abstuli
2180 3448 2269 3495 Ph.
2295 3464 2340 3503 v,
2363 3453 2411 3497 8.
2432 3452 2499 3497 49

1859 3509 2041 3572 Tristis,
2080 3526 2124 3557 e.
2190 3512 2352 3559 Tristis
2388 3512 2587 3567 interim,
2630 3524 2856 3557 nonnun-

1794 3589 1934 3637 quam
1958 3576 2317 3627 collect-amabat
2366 3576 2430 3623 A.
2452 3578 2486 3632 i,
2514 3582 2557 3624 1.
2597 3580 2659 3623 81
2708 3574 2869 3637 Ipsus.

1797 3638 1937 3686 tristis
1958 3656 1970 3687 ι
2004 3641 2065 3686 de
2099 3639 2347 3702 improviso
2392 3641 2569 3702 nuptiae
2590 3658 2602 3687 ε
2637 3655 2735 3686 non
2770 3654 2855 3687 co·

1796 3704 1973 3751 haerent
2018 3703 2075 3751 A.
2098 3704 2149 3761 ii,
2173 3710 2221 3753 2.
2244 3710 2307 3754 23
2356 3704 2519 3753 Tristis
2538 3704 2761 3753 severitas
2780 3703 2863 3749 in-.

1798 3774 1869 3816 est
1888 3768 1938 3816 in
1960 3768 2108 3823 voltu,
2130 3776 2272 3831 atque
2294 3770 2345 3817 in
2367 3769 2516 3823 verbis
2548 3770 2668 3817 fides
2720 3768 2781 3816 A.
2803 3782 2853 3823 v.

1797 3837 1847 3883 2.
1870 3837 1929 3882 16
1963 3832 2061 3890 Qui
2076 3835 2188 3881 dum
2208 3836 2225 3881 ,Ρ
2260 3833 2356 3882 Gn.
2380 3834 2506 3891 Quia
2519 3834 2661 3881 tristis
2678 3848 2727 3880 es
2758 3831 2858 3879 Eu.

1796 3898 1849 3953 ii,
1872 3901 1921 3945 2.
1942 3902 2005 3947 42
2056 3898 2187 3954 Quid
2224 3906 2275 3947 tu
2304 3915 2358 3947 ee
2378 3898 2554 3947 tristis?
2605 3898 2775 3962 quidve
2796 3910 2857 3943 es

1797 3962 1995 4012 alacris?
2052 3962 2139 4017 Eu.
2160 3963 2214 4019 ii,
2238 3968 2371 4013 &12
2427 3963 2574 4019 Dore,
2606 3976 2722 4023 cape
2756 3959 2855 4006 hoe

1796 4026 2033 4074 flabellum
2056 4042 2069 4075 ε
2119 4028 2304 4092 accipio
2324 4028 2463 4075 tristis
2516 4026 2605 4075 Eu.
2626 4026 2693 4081 iii,
2716 4029 2765 4072 5.
2788 4027 2857 4071 48

1798 4090 1977 4138 Invitat
1997 4091 2173 4139 tristis:
2208 4093 2377 4141 mansit
2418 4092 2510 4141 Eu.
2530 4092 2596 4148 iv,
2613 4095 2658 4140 1.
2681 4093 2715 4139 8
2748 4086 2858 4137 Ne-

1800 4155 1899 4203 scio
1909 4155 2029 4218 >quid
2045 4156 2185 4205 tristis
2200 4165 2299 4205 est:
2324 4173 2421 4205 non
2438 4165 2608 4207 temere
2626 4161 2701 4201 est
2730 4152 2855 4201 Hea-

1798 4220 1863 4277 iv.
1886 4224 1933 4269 1.
1953 4225 1983 4271 7
2018 4221 2148 4278 Quid
2172 4222 2313 4270 tristis
2326 4222 2413 4271 es?
2447 4220 2541 4272 De.
2564 4218 2727 4282 Rogas
2744 4232 2819 4266 ne
2832 4216 2867 4263 ἐπ
