3192 4975
1141 479 1220 530 m
1269 429 1745 528 τιξιιεκτιυιι.

441 619 648 694 vapulo.
709 615 992 694 vapulabis.
1025 626 1118 680 Ge.
1150 627 1212 678 Id
1231 631 1422 696 quidem

373 689 462 743 tibi
475 695 576 758 jam
597 695 696 755 fiet,
718 695 808 741 uisi
830 694 1022 756 resistis,
1055 694 1278 743 verbero!
1329 695 1420 744 Ph.

371 773 422 820 v,
443 763 493 808 6.
512 764 573 809 10
604 758 778 807 Verum
799 758 923 806 enim
937 757 978 806 si
991 759 1051 806 sd
1068 773 1164 806 rem
1181 759 1423 813 conferen-

373 828 465 879 tur,
485 822 728 885 vapulabit
775 821 870 872 Eu.
905 822 972 881 iv,
995 828 1045 872 6.
1066 828 1099 873 4
1143 822 1258 872 Non
1295 838 1422 872 com·

371 887 529 936 mittet
548 885 690 934 bodie
714 900 938 948 unquam,
971 886 1138 934 iterum
1160 895 1214 934 ut
1232 888 1426 950 vapulet

369 949 468 997 Ad.
503 950 557 1013 ii,
573 955 624 1000 1.
647 955 677 999 5
727 949 832 1012 Ego
853 951 1138 1015 vapulando,
1158 951 1241 1000 ille
1261 953 1424 1001 verbe·

367 1015 535 1072 raudo,
576 1029 724 1076 nsque
754 1014 893 1062 smbo
923 1015 1098 1064 defessi
1130 1031 1286 1064 sumus
1331 1015 1426 1065 Ad.

366 1075 426 1139 ii,
448 1083 496 1128 2.
518 1083 550 1126 5
594 1077 878 1126 Molendum
919 1094 1068 1144 usque
1099 1079 1151 1129 in
1191 1080 1422 1145 pistrino:

367 1142 686 1204 vapulandum
708 1158 722 1191 ι
745 1143 976 1192 habende
995 1145 1248 1208 compedes
1268 1162 1281 1194 z
1304 1159 1425 1210 opus

368 1205 463 1253 ruri
485 1206 758 1254 faciundum
792 1206 883 1255 Ph.
903 1205 955 1265 ii,
975 1213 1020 1257 1.
1041 1213 1106 1258 19
1297 1250 1302 1258 .

369 1283 378 1292 ·
435 1268 624 1327 Varius,
649 1286 694 1328 a,
715 1286 814 1320 um.
877 1269 956 1319 Its
974 1272 1101 1320 visus
1122 1278 1195 1321 est
1225 1273 1425 1331 dudum,

367 1332 483 1445 ‘iffi‘
502 1335 628 1382 varia
643 1342 773 1384 veste
789 1343 1036 1385 exemtus
1051 1333 1144 1386 fuit
1175 1336 1266 1386 Ειι.
1289 1337 1356 1398 iv,
1373 1341 1423 1388 4.

435 1459 551 1512 Vns.
613 1462 666 1511 N
666 1463 750 1542 ihil
768 1463 980 1529 relinquo
1014 1464 1065 1512 iu
1100 1464 1300 1542 pdibus,
1333 1481 1425 1518 uec

370 1537 584 1642 ”⁸133ssss
601 1535 942 1657 &²¹23ssssss
963 1526 1424 1644 ἶέἔέςθῗωι..

369 1653 627 1703 uberrimus
659 1655 752 1705 Eu.
773 1657 828 1715 ii,
846 1661 895 1706 2.
909 1661 976 1707 22

437 1717 552 1768 Ubi.
618 1721 712 1769 Sed
736 1721 818 1769 ubi
837 1721 1071 1769 inveniam
1089 1721 1388 1785 Pamphilum
1405 1722 1424 1771 ?

373 1780 440 1830 A.
470 1782 523 1842 ii,
543 1788 592 1833 2.
613 1789 642 1834 1
688 1785 785 1832 Ubi
807 1801 935 1834 nunc
954 1793 1028 1833 est
1046 1786 1212 1848 ipsus?
1257 1786 1320 1837 A.
1355 1786 1426 1845 iii,

371 1849 423 1894 4.
446 1850 524 1896 12.
557 1848 655 1897 Ubi
674 1847 772 1898 illic
791 1856 863 1898 est
883 1848 1048 1905 scelus,
1072 1851 1154 1914 qui
1175 1865 1250 1898 me
1269 1851 1427 1914 perdi-

371 1909 482 1957 dit?
515 1909 581 1961 A.
618 1910 690 1967 iii,
708 1919 756 1962 5.
781 1918 806 1963 1
842 1913 956 1972 Hie,
977 1914 1054 1962 ubi
1077 1929 1197 1978 opus
1218 1923 1307 1972 est,
1328 1931 1426 1963 nou

371 1983 622 2023 verentur:
645 1976 764 2039 illic,
785 1977 866 2025 ubi
882 1977 1000 2026 nihil
1021 1992 1142 2040 opus
1161 1986 1249 2035 est,
1262 1979 1330 2027 ibi
1343 1995 1426 2028 ve-

369 2043 532 2087 rentur
561 2038 627 2091 A.
645 2040 713 2098 iv,
736 2046 784 2091 1.
809 2045 888 2091 13.
907 2046 969 2092 14
1001 2040 1099 2090 Ubi
1119 2041 1216 2090 illic
1233 2045 1339 2091 est?
1362 2043 1427 2091 A.

372 2100 439 2158 is,
460 2107 511 2153 4.
532 2107 563 2152 3
597 2104 693 2154 Ubi
715 2119 918 2168 querum
941 2106 1079 2182 ²3¹5
1111 2105 1425 2186 investigem?

373 2179 526 2278 333¹?
536 2169 1033 2295 Ριῗιξῗοῗιῗῖιῖιιξιὲοίῗζ
1046 2169 1309 2284 diffugi?
1336 2173 1428 2284 ἒξ

293 2333 300 2346 ,
367 2291 426 2351 ii,
449 2297 496 2342 3.
517 2299 598 2345 29.
620 2300 700 2346 30.
723 2301 790 2346 59
820 2296 1024 2356 Amabo,
1045 2305 1101 2345 ut
1117 2298 1233 2348 illuc
1253 2306 1430 2348 transe-

373 2372 444 2415 as,
464 2359 547 2406 ubi
565 2360 647 2408 ina
667 2369 740 2409 est
768 2360 861 2410 Eu.
902 2361 970 2419 iii,
991 2367 1042 2411 3.
1062 2366 1125 2412 31
1175 2363 1274 2411 Ubi
1313 2366 1426 2413 siem

371 2423 589 2470 vestitum
611 2424 737 2473 hunc
759 2432 940 2474 nactus.
1003 2425 1178 2473 Eamus
1217 2428 1276 2474 sd
1316 2443 1424 2476 me:

369 2483 436 2533 ibi
459 2488 716 2551 proximum
739 2497 828 2548 est,
851 2491 933 2538 ubi
954 2498 1106 2538 mutes
1152 2491 1245 2539 Ειι.
1285 2492 1356 2549 iii,
1377 2488 1429 2541 ⁶:

370 2554 422 2599 ⁷.
444 2555 509 2601 64
564 2552 660 2600 Ubi
699 2553 976 2601 scelerosum
1018 2553 1293 2603 inveniam?
1345 2563 1430 2602 aut

369 2613 454 2662 ubi
488 2630 688 2677 quaeram
707 2617 724 2661 ?
777 2616 870 2663 Eu.
905 2616 973 2677 iv,
990 2620 1039 2663 8.
1061 2621 1090 2663 1
1145 2618 1312 2670 Miror,
1346 2618 1430 2663 ubi

371 2692 462 2739 ego
484 2678 595 2725 huic
616 2677 940 2725 antevorterim
973 2676 1066 2724 Eu.
1083 2677 1150 2736 iv,
1171 2683 1220 2725 5.
1237 2682 1299 2726 12
1331 2677 1426 2725 Sed

375 2740 474 2799 ubi,
497 2740 710 2797 obsecro,
729 2741 769 2788 is
789 2741 892 2787 est?
940 2739 1033 2788 Ειι.
1069 2756 1119 2796 v,
1139 2744 1190 2789 7.
1213 2746 1242 2788 5
1293 2740 1427 2789 Hoc-

374 2818 468 2867 que
490 2804 559 2860 fit,
579 2804 664 2851 ubi
685 2820 782 2852 non
800 2818 908 2851 vere
928 2803 1102 2851 vivitur
1149 2803 1271 2851 Heu.
1309 2804 1343 2861 i,
1379 2809 1426 2854 1.

375 2872 472 2919 102
506 2869 600 2916 Sed
621 2868 737 2916 scin'
757 2868 840 2919 ubi
860 2882 987 2916 nunc
1009 2868 1070 2915 sit
1090 2875 1170 2915 tua
1191 2868 1426 2917 Bacchis?

375 2931 453 2981 Cl.
475 2930 622 2995 Apud
643 2930 746 2983 nos'.
799 2934 885 2997 Sy.
905 2932 1036 2981 Non.
1061 2931 1138 2982 Cl.
1163 2931 1259 2980 Ubi
1279 2933 1425 2999 ergo?

374 2994 499 3043 Hea-
520 2997 585 3059 iv,
604 3000 655 3045 6.
677 3002 757 3046 16.
783 3002 844 3047 17
875 2995 928 3043 Si
950 2994 1074 3043 absis
1091 2996 1274 3059 uspiam
1294 3013 1307 3044 ι
1345 2991 1448 3043 eut*

375 3060 461 3107 ubi
481 3058 522 3107 si
541 3075 693 3109 cesses
724 3060 823 3109 Ad.
843 3060 878 3115 i.
897 3065 944 3111 1.
965 3064 998 3109 4
1031 3058 1193 3123 Rogas
1213 3060 1322 3108 me?
1345 3060 1430 3109 ubi

374 3123 513 3172 nobis
533 3125 789 3173 AEscbinus
809 3124 932 3173 siet?
967 3124 1066 3172 Ad.
1087 3124 1123 3180 i,
1145 3129 1194 3174 2.
1217 3128 1249 3173 2
1283 3123 1427 3173 Nunc

375 3188 566 3237 demum
608 3189 776 3237 venis?
815 3204 898 3238 cur
933 3188 1130 3252 passus?
1169 3188 1251 3237 ubi
1287 3190 1427 3237 eras?

376 3251 478 3302 Ad.
511 3253 564 3315 ii,
583 3257 632 3303 2.
653 3258 718 3303 26
765 3251 860 3301 Ubi
897 3268 986 3317 ego
1018 3252 1148 3301 illum
1187 3254 1427 3317 quaram?

377 3314 494 3373 Ubi,
515 3318 555 3364 si
575 3317 690 3379 quid
715 3318 835 3365 bene
867 3316 1128 3381 praecipias,
1167 3332 1304 3365 nemo
1343 3316 1432 3365 ob-

377 3382 642 3444 temperet?
683 3381 789 3431 Ad.
829 3380 896 3437 iii,
919 3385 969 3429 3.
989 3386 1038 3429 5.
1063 3385 1127 3431 80
1179 3380 1431 3445 Rogitabit

375 3460 471 3500 me,
492 3444 574 3493 ubi
594 3445 760 3493 fuerim
791 3444 888 3493 Ad.
909 3446 973 3502 iv,
994 3449 1040 3493 1.
1065 3448 1124 3494 11
1162 3445 1322 3502 Quid!
1347 3445 1430 3494 ille

377 3507 458 3556 ubi
477 3517 550 3557 est
565 3508 819 3558 Milesius?
852 3508 950 3557 Ad.
983 3508 1050 3571 iv,
1071 3514 1121 3557 5.
1143 3512 1208 3558 68
1259 3508 1354 3558 Ubi
1383 3517 1428 3559 te

377 3572 622 3621 oblectasti
643 3580 738 3621 tam
759 3574 880 3622 diu?
913 3572 1006 3621 He.
1040 3572 1076 3629 i,
1093 3576 1142 3624 2.
1162 3577 1196 3621 9
1245 3572 1431 3621 Frustra

377 3635 458 3682 ubi
481 3644 631 3685 totum
651 3638 815 3686 desedi
835 3636 960 3686 diem
991 3635 1086 3685 He.
1127 3654 1172 3692 v,
1194 3640 1241 3685 3.
1261 3642 1294 3686 2
1326 3636 1429 3685 Ho-

373 3698 548 3747 minem
582 3702 982 3751 commonstrarier
1016 3700 1133 3749 mihi
1171 3700 1294 3757 volo,
1330 3710 1428 3759 aut,

377 3762 462 3811 ubi
481 3764 679 3824 habitet,
699 3765 1055 3814 demomtmrier
1084 3764 1178 3814 Ph.
1215 3764 1272 3820 ii,
1298 3770 1344 3816 1.
1363 3770 1392 3815 ⁷
1397 3771 1430 3815 6

377 3825 450 3875 Ut
469 3837 632 3876 cautus
652 3838 742 3891 est,
774 3830 857 3878 ubi
878 3829 996 3877 nihil
1025 3844 1145 3893 opus
1179 3830 1280 3877 est!
1333 3830 1431 3879 Ubi

376 3891 482 3939 illes
520 3907 610 3957 ego
640 3908 768 3941 nunc
806 3895 999 3957 reperire
1033 3893 1226 3955 possim,
1269 3895 1429 3957 cogito

375 3954 472 4007 Pb.
508 3956 576 4015 iv,
595 3962 644 4005 5.
666 3961 714 4007 3.
735 3961 796 4005 15
829 3958 928 4015 Qui
950 3958 1118 4013 hercle,
1141 3956 1224 4005 ubi
1247 3959 1324 4017 sit,
1345 3974 1430 4007 ne-

377 4020 485 4070 seit.
549 4020 649 4069 Ubi
685 4028 758 4068 est
799 4021 1034 4081 Pboedris,
1060 4020 1212 4085 judex
1230 4024 1429 4071 noster?

375 4082 468 4133 Ph.
491 4100 538 4141 ν,
559 4091 608 4135 8.
631 4089 681 4134 4.
703 4090 766 4135 65

445 4148 542 4196 Ubi
561 4149 662 4199 ubi.
724 4150 757 4199 J
759 4164 834 4197 nm
855 4147 939 4196 ubi
959 4148 1042 4197 ubi
1061 4149 1168 4213 erit,
1188 4148 1428 4197 inventum

381 4210 472 4257 tibi
489 4214 660 4261 curabo
704 4212 765 4261 A.
801 4214 869 4269 iv,
890 4218 938 4262 2.
961 4217 988 4263 1
1043 4211 1153 4261 Uns
1186 4214 1286 4261 hoc
1324 4228 1430 4276 spes

381 4281 454 4321 est
469 4291 486 4335 3
519 4277 601 4325 ubi
637 4276 720 4325 ubi
752 4284 841 4334 est,
869 4277 951 4324 diu
985 4276 1124 4325 celari
1156 4292 1252 4325 nou
1274 4284 1432 4341 potest

381 4336 473 4389 Ειι.
507 4339 558 4399 ii,
579 4344 626 4393 3.
645 4346 675 4393 4
717 4342 838 4393 Τιιιιι
861 4348 932 4407 ιιι,
952 4343 1090 4391 freter
1121 4341 1202 4391 ubi
1225 4340 1315 4407 ubi,
1340 4348 1429 4399 est,

2326 451 2547 534 ccclix

1493 629 1570 680 sse
1591 625 1931 695 quamprimum
1962 625 2065 677 baec
2094 621 2257 678 audiat
2300 626 2391 678 Ειι.
2412 617 2476 696 ’ν,
2497 635 2549 684 9.

1497 699 1661 807 ¹²Ubi
1692 757 1805 822 (pro
1845 756 2037 806 relativo
2068 753 2387 834 pronomine).
2440 757 2553 809 Sive

1495 823 1618 872 adeo
1640 822 1784 886 digua
1803 837 1875 871 res
1896 828 1984 877 est,
2006 821 2087 868 ubi
2118 828 2171 869 tu
2190 836 2357 870 nervos
2392 822 2549 872 inten-

1493 887 1581 934 das
1603 893 1709 934 tuos
1742 887 1833 936 Eu.
1870 886 1926 944 ii,
1948 889 2077 935 &2⁰
2108 885 2391 962 Suspectans
2411 887 2551 934 tuim-

1495 950 1588 998 1sm
1647 952 1851 998 nendum
1870 949 2066 1016 pictam,
2096 950 2176 997 ubi
2198 958 2351 998 meret
2366 950 2552 1014 pictura

1494 1015 1600 1063 haec
1675 1031 1723 1063 ιι.
1745 1015 1816 1073 iii,
1838 1021 1887 1064 5.
1911 1017 1977 1065 36
2022 1013 2268 1062 Inveniam
2288 1013 2367 1077 pol
2389 1015 2552 1074 hodie,

1559 1093 1656 1126 rem
1672 1077 1755 1126 ubi
1777 1077 1971 1127 referam
1994 1077 2188 1142 gretiam
2220 1077 2311 1126 En.
2334 1080 2397 1140 iv,
2416 1082 2465 1127 4.
2484 1083 2551 1130 52

1547 1142 1784 1206 ujusmodi
1805 1157 1877 1191 res
1893 1157 2078 1206 semper
2088 1142 2455 1201 comminiscere,
2470 1142 2554 1192 ubi

1495 1221 1574 1255 me
1593 1207 1894 1257 excamifices
1926 1207 2050 1258 Hes.
2087 1205 2155 1265 iv,
2173 1211 2221 1257 6.
2244 1211 2279 1256 9
2311 1207 2443 1265 Quot
2479 1221 2553 1256 res

1495 1270 1689 1334 dedere,
1710 1273 1793 1320 ubi
1878 1287 1999 1320 ssem
2020 1271 2370 1335 persentiscere,
2405 1269 2460 1322 ni
2478 1287 2555 1319 es·

1497 1349 1596 1383 sem
1635 1335 1792 1399 lapis?
1876 1352 1949 1385 cs.
1984 1349 2031 1393 v,
2056 1339 2102 1385 1.
2122 1339 2186 1384 43
2236 1333 2419 1392 Placet,
2454 1351 2553 1384 non

1496 1399 1600 1448 fieri
1619 1401 1711 1448 hoc
1733 1399 1915 1462 itidem,
1932 1406 1989 1449 ut
2010 1399 2061 1449 in
2084 1398 2371 1448 Comoediis:
2394 1400 2554 1448 omnis

1497 1478 1661 1512 omues
1682 1464 1763 1511 ubi
1784 1465 2041 1514 resciscunt
2070 1463 2167 1512 He.
2203 1479 2251 1519 v,
2273 1467 2323 1514 4.
2346 1467 2409 1513 27
2454 1463 2553 1513 Ve-

1496 1542 1596 1578 rere
1617 1527 1759 1577 verbs
1779 1529 1825 1578 ei
1844 1528 2069 1578 credere?
2106 1526 2189 1575 ubi
2209 1527 2324 1591 quid
2346 1527 2459 1575 mihi
2480 1527 2554 1576 lu-

1497 1592 1565 1640 cri
1591 1599 1691 1650 est,
1724 1598 1773 1640 te
1802 1592 2001 1642 fallere?
2034 1591 2127 1643 Pb.
2165 1591 2199 1648 i,
2222 1595 2272 1641 2.
2295 1595 2355 1641 11
2405 1591 2555 1640 Coeua

1498 1655 1643 1705 dubis
1657 1657 1938 1720 apponitur:
1960 1656 2039 1706 ubi
2053 1663 2103 1704 tu
2120 1654 2325 1714 dubites,
2374 1655 2456 1704 uid
2474 1672 2553 1704 su·-

1498 1735 1600 1768 mas
1620 1721 1912 1783 potissimum
1959 1720 2051 1769 Pb.
2083 1720 2140 1778 ii,
2162 1724 2213 1770 2.
2236 1723 2302 1769 29
2388 1735 2554 1784 empus

1500 1784 1590 1832 sibi
1611 1784 1729 1842 dari,
1764 1786 1846 1834 ubi
1872 1785 2103 1834 Phoedriae
2123 1799 2173 1832 se
2196 1784 2464 1832 ostenderet
2480 1784 2555 1832 ni·

1497 1849 1751 1897 hilominus
1771 1849 1972 1900 amicum
1993 1865 2111 1908 esse,
2131 1863 2271 1912 quem
2305 1847 2397 1900 Pb.
2420 1848 2487 1910 iv,
2500 1853 2553 1900 2.

1499 1917 1532 1962 7
1565 1911 1669 1972 Est,
1689 1913 1771 1962 ubi
1794 1929 1875 1962 vos
1897 1913 2095 1963 ulciscar
2114 1913 2259 1977 probe
2290 1911 2383 1963 Ph.
2420 1928 2471 1970 v,
2503 1917 2555 1964 7.

1565 2039 1667 2090 Ubi
1686 2039 1935 2105 (Quando.
1955 2039 2049 2105 si).
2099 2039 2197 2089 Ubi
2212 2040 2358 2097 voles,
2375 2053 2555 2088 arcesse

1500 2100 1564 2152 A.
1600 2120 1650 2164 v,
1666 2109 1717 2154 2.
1739 2109 1770 2154 7
1820 2106 1981 2170 Atque
2004 2104 2085 2153 ubi
2107 2105 2209 2182 pati
2228 2120 2326 2151 non
2361 2103 2557 2178 poteris,

1499 2183 1619 2280 ‹⁴0⁵2ss
1630 2177 1931 2282 ἷῖῗῖοῗζῖἶῖ
1930 2169 2055 2281 ‘izuE
2058 2184 2166 2294 uisi?
2174 2173 2236 2281 1¹.‘
2246 2171 2306 2280 fs
2321 2165 2461 2280 1³33?
2462 2182 2557 2293 ¹512]

1489 2293 1599 2344 'non
1620 2312 1789 2345 moror.
1854 2295 1950 2346 Ubi
1972 2297 2069 2358 vis,
2082 2295 2401 2358 doneffadsunt
2420 2295 2505 2343 tibi
2526 2311 2557 2343 a

1473 2397 1478 2402 .
1499 2359 1739 2412 Phaedria.
1772 2360 1951 2410 Verum
1973 2359 2057 2410 ubi
2075 2361 2322 2408 molestum
2338 2375 2437 2408 non
2450 2360 2556 2418 erit,

1499 2425 1582 2472 ubi
1605 2431 1659 2472 tu
1687 2424 1831 2482 voles,
1853 2423 1935 2472 ubi
1957 2432 2141 2489 tempus
2156 2423 2243 2471 tibi
2261 2425 2365 2484 erit,
2388 2431 2457 2471 sat
2473 2425 2557 2470 ha-

1499 2489 1596 2544 bet,
1633 2490 1673 2535 si
1710 2496 1807 2535 tum
1844 2488 2065 2552 recipitur
2110 2488 2203 2538 Eu.
2236 2486 2309 2549 iii,
2330 2493 2379 2537 2.
2402 2493 2451 2538 7.
2476 2494 2560 2539 11.

1500 2553 1581 2600 31.
1604 2555 1669 2599 32
1717 2550 2038 2614 Perstrepunt,
2067 2552 2135 2597 ita
2168 2558 2225 2597 ut
2258 2551 2344 2610 513
2378 2552 2559 2602 domini

1501 2612 1583 2659 ubi
1606 2612 1776 2660 absunt
1822 2612 1915 2663 Eu.
1946 2613 2019 2670 iii,
2041 2616 2091 2663 5.
2113 2616 2179 2661 52
2232 2612 2436 2679 Nolunt,
2473 2616 2557 2665 ubi

1501 2673 1651 2723 velis:
1674 2675 1758 2722 ubi
1778 2675 1922 2734 nolis,
1944 2690 2003 2723 cu
2040 2676 2145 2724 iunt
2164 2676 2303 2725 ultro.
2351 2678 2460 2727 Jem
2481 2680 2555 2727 di·
2636 2705 2641 2709 ·

1495 2738 1635 2784 mitto
1668 2739 1960 2787 exercitum?
2066 2756 2101 2789 r.
2133 2738 2233 2788 Ubi
2253 2740 2325 2787 vis
2356 2740 2450 2791 Eu.
2490 2743 2557 2799 iv,

1498 2805 1550 2850 7.
1569 2805 1652 2850 43.
1674 2806 1739 2851 44
1775 2802 1932 2851 Facile
1954 2803 2121 2866 pelias,
2143 2804 2225 2851 ubi
2244 2803 2378 2853 velis.
2408 2806 2557 2854 Thra·

1499 2880 1569 2922 so,
1614 2866 1696 2912 ubi
1734 2866 1820 2923 vis,
1866 2868 2041 2916 accede
2094 2867 2186 2915 Eu.
2229 2885 2278 2930 v,
2314 2872 2365 2918 9.
2386 2874 2469 2920 50.
2492 2875 2557 2921 58

1497 2928 1746 2978 Nune.ubi
1768 2946 1842 2979 me
1864 2931 1962 2982 mic
1982 2946 2081 2979 nou
2100 2931 2297 2989 videbit,
2330 2932 2433 2995 jem
2465 2934 2557 2981 bue

1496 3001 1716 3050 recurret,
1751 3002 1824 3041 sat
1856 2996 1955 3045 seio
1989 2994 2089 3044 Ad.
2126 2995 2191 3057 iv,
2210 2999 2259 3044 1.
2282 3001 2345 3047 10
2394 2997 2551 3045 Perii!

1499 3058 1714 3106 horresco
1730 3073 1933 3123 semper,
1955 3060 2039 3108 ubi
2058 3059 2242 3123 pultare
2281 3061 2420 3109 besee
2475 3062 2550 3108 so·

1497 3120 1599 3183 res)
1636 3122 1820 3185 occipio
1857 3124 1998 3172 miser
2051 3125 2148 3172 Ad.
2190 3124 2257 3185 iv,
2275 3128 2324 3173 4.
2345 3129 2409 3174 23
2506 3124 2559 3173 bi

1499 3186 1656 3242 voltis,
1678 3200 1867 3233 uxorem
1890 3188 2001 3236 dste
2034 3188 2125 3237 Pb.
2149 3187 2211 3244 iv,
2227 3192 2278 3237 7.
2302 3193 2364 3239 14

1564 3250 1662 3299 Ubi
1694 3251 1995 3315 (Postquam.
2030 3251 2281 3317 Quando).
2348 3251 2427 3299 Ita
2456 3250 2559 3300 Da·

1499 3328 1609 3361 vum
1634 3315 1775 3361 modo
1796 3315 1960 3364 timere
1980 3317 2122 3380 sensi,
2144 3316 2225 3364 ubi
2262 3316 2453 3379 nuptias
2484 3316 2560 3363 fu·-

1499 3384 1627 3427 tutas
1668 3394 1769 3427 esse
1815 3380 1999 3428 audivit
2051 3380 2116 3431 A.
2157 3381 2191 3445 i,
2212 3385 2261 3431 2.
2289 3386 2321 3431 2
2367 3380 2465 3429 Ubi
2501 3393 2561 3429 ea

1501 3457 1642 3491 causa
1679 3445 1767 3491 erit
1827 3446 2015 3493 ademta
2080 3446 2171 3502 his,
2222 3443 2441 3493 desinent
2491 3443 2559 3495 A.

1499 3521 1550 3564 v,
1583 3511 1630 3557 1.
1669 3512 1735 3557 18
1788 3506 1983 3566 Eludet,
2020 3509 2103 3557 ubi
2142 3516 2189 3556 te·
2230 3510 2410 3557 victum
2452 3524 2559 3557 sen·

1500 3570 1614 3617 serit
1662 3571 1755 3621 Eu.
1791 3572 1825 3628 i,
1852 3577 1899 3623 1.
1929 3578 1988 3624 10
2034 3573 2195 3622 Mater
2235 3572 2319 3621 ubi
2351 3572 2560 3635 accepit,

1501 3635 1647 3698 coepit
1688 3636 1896 3685 studiose
1934 3637 2089 3684 omniu
2132 3636 2317 3685 docere.
2383 3635 2437 3683 Is
2479 3636 2561 3684 ubi

1499 3698 1624 3747 hanc
1646 3700 1793 3749 forma
1814 3700 1947 3749 videt
1966 3702 2165 3749 honesta
2185 3701 2231 3747 vi
2288 3700 2430 3755 'nem,
2452 3714 2560 3763 pre-

1503 3762 1619 3809 tium
1636 3778 1845 3827 sperans,
1857 3764 1991 3814 illico
2127 3764 2225 3813 ucit
2306 3780 2352 3811 ιι.
2366 3764 2399 3820 i,
2414 3768 2465 3813 2.
2477 3766 2563 3815 36.

1501 3830 1566 3876 52
1612 3826 1801 3877 Interea
1835 3828 1930 3877 loci
1972 3845 1999 3877 a
2077 3828 2323 3879 macellum
2363 3827 2445 3877 ubi
2476 3828 2562 3875 sd·

1501 3892 1729 3940 venimus.
1794 3891 1885 3941 Ille
1905 3893 1984 3940 ubi
2008 3892 2143 3941 miser
2164 3892 2408 3942 famelicus
2427 3890 2560 3939 videt

1500 3970 1578 4003 me
1631 3972 1733 4005 esse
1767 3957 1819 4005 in
1864 3964 1997 4005 tento
2035 3958 2244 4005 honore:
2296 3956 2368 4005 ibi
2419 3956 2561 4003 bomo

1501 4020 1649 4083 coepit
1679 4019 1771 4068 Eu.
1802 4020 1857 4077 ii,
1878 4024 1928 4070 2.
1949 4025 2031 4070 24.
2054 4025 2121 4070 29
2168 4020 2277 4069 Jam
2315 4028 2415 4068 tum
2451 4034 2561 4067 cum

1501 4084 1702 4147 primum
1728 4084 1873 4147 jussit
1906 4099 1979 4133 me
2011 4086 2072 4134 sd
2112 4100 2161 4132 se
2193 4084 2446 4143 srcessien
2478 4082 2564 4131 ubi

1501 4149 1629 4205 veni,
1651 4164 1857 4206 causam,
1894 4158 1950 4196 ut
1970 4148 2033 4198 ibi
2067 4163 2318 4210 manerem,
2339 4146 2564 4212 repperit.

1501 4211 1601 4260 Ubi
1622 4212 1779 4275 friget,
1802 4213 1894 4261 huc
1930 4212 2078 4262 evasit
2098 4212 2189 4262 Eu.
2227 4212 2301 4270 iii,
2323 4216 2373 4263 3.
2405 4216 2457 4261 6.
2497 4216 2557 4260 11

1502 4276 1594 4325 Ina
1620 4276 1766 4340 illico,
1788 4278 1869 4326 ubi
1907 4292 1981 4327 me
2013 4278 2219 4341 accepit,
2241 4277 2349 4325 laete
2369 4292 2477 4325 vero
2499 4276 2561 4323 ed

1503 4356 1554 4389 se
1575 4341 1770 4392 abducit
1790 4343 1997 4392 domum.
2062 4342 2161 4393 Ubi
2190 4357 2277 4392 nos
2296 4340 2565 4396 laverimus,
