3192 4975
607 429 884 497 eoixnfiii

606 598 764 648 quam,
789 578 886 634 ille,
907 583 961 628 ut
982 575 1148 624 redeat
1167 573 1260 626 He.
1274 575 1325 636 ii,
1339 581 1390 628 2.
1405 579 1470 628 20
1500 575 1659 631 Omne

607 647 735 712 quod
773 651 844 694 est
862 639 1038 690 interea
1076 647 1280 705 ternpus,
1316 642 1582 706 priusquam
1606 643 1657 690 id

576 713 824 770 ..rescitum
882 713 971 764 est,
1024 706 1153 754 lucro
1207 714 1296 758 est.
1378 707 1658 772 Priusquam

607 777 728 826 hanc
753 787 937 820 uxorem
967 770 1080 818 duxi
1112 769 1208 822 He.
1233 770 1300 827 iii,
1327 775 1371 820 1.
1393 777 1439 822 7.
1461 777 1522 824 14
1558 771 1659 820 Ux-

605 857 732 891 orem
773 839 897 886 hanc
940 834 1068 900 prius
1104 839 1210 884 uam
1253 836 1406 894 duxit,
1457 844 1660 886 vestrum

605 918 808 958 amntem
850 899 1023 965 pertuli
1127 917 1167 948 e.
1190 918 1238 958 v,
1259 905 1305 950 1.
1329 904 1389 952 17
1441 899 1660 950 Transito

529 985 540 992 ·
607 970 666 1017 ad
701 983 890 1016 uxorem
922 979 1090 1029 meam,
1133 972 1187 1012 ut
1226 965 1480 1014 conveniat
1519 965 1663 1030 hanc,

641 1032 874 1097 riusquam
927 1029 1036 1077 hinc
1091 1030 1229 1077 abeat
1269 1019 1383 1081 'Ph.
1425 1029 1494 1087 iv,
1535 1037 1585 1079 5.
1629 1035 1659 1081 7

605 1049 750 1146 Runc
771 1094 1126 1145 conveniundus
1149 1093 1369 1144 Phormio
1391 1101 1481 1158 est,
1512 1093 1661 1158 prius·-

641 1177 744 1210 uam
789 1159 1020 1223 dilapidet
1062 1165 1241 1208 nostras
1276 1159 1469 1224 triginta
1511 1158 1661 1209 minas

651 1229 697 1275 h.
718 1243 766 1283 v,
787 1230 837 1274 7.
861 1228 893 1273 4
951 1221 1202 1271 EnImvero
1247 1222 1516 1289 priusquam
1557 1225 1661 1274 haec

607 1294 694 1342 dat
726 1284 934 1350 reniam,
977 1288 1095 1336 mihi
1138 1303 1436 1351 prospiciam.
1502 1288 1687 1354 Prius·‚

607 1372 749 1420 quarn
769 1353 879 1402 huic
901 1352 1156 1416 respondes
1179 1359 1370 1414 temere,
1391 1353 1520 1401 audi.
1559 1353 1661 1402 Ne·

641 1437 699 1469 ue
720 1417 1000 1482 respondeo,
1019 1417 1288 1482 priusquam
1305 1424 1499 1482 gnatum
1521 1419 1661 1468 video

651 1487 702 1536 h.
724 1501 770 1540 v,
794 1489 842 1534 8.
864 1486 947 1533 47.
966 1487 1051 1532 48.
1074 1487 1140 1532 56
1218 1480 1228 1488 ’

675 1549 782 1599 Pro.
814 1546 956 1598 Proh.
995 1543 1292 1610 (Interject.)
1325 1546 1418 1596 Pro
1439 1545 1660 1610 Jupiter!

608 1612 668 1660 Α.
692 1614 756 1669 iv,
781 1618 829 1663 3.
856 1616 936 1662 17.
982 1609 1074 1660 Ειι.
1096 1610 1163 1667 iii,
1189 1617 1235 1660 5.
1258 1615 1307 1661 2.
1357 1611 1456 1664 Ad.
1481 1611 1514 1668 i,
1529 1615 1579 1662 2.
1600 1616 1660 1662 ³1

607 1671 702 1726 Pro
725 1692 937 1742 supreme
958 1673 1177 1752 Jupiter!
1203 1674 1296 1724 Ad.
1321 1675 1375 1736 ii,
1402 1681 1446 1726 1.
1468 1681 1534 1728 42
1567 1675 1663 1726 Pro

607 1742 827 1804 Jupiter!
865 1739 1063 1788 hominis
1086 1739 1360 1788 stultitiam!
1395 1741 1492 1789 Ad.
1515 1741 1587 1798 iii,
1614 1745 1661 1790 3.

609 1811 673 1856 12
729 1806 820 1854 Pro
858 1803 928 1852 Di
965 1804 1276 1853 immortales!
1328 1803 1426 1854 Ad.
1450 1805 1519 1860 iii,
1541 1811 1588 1856 4.
1618 1811 1662 1860 1.

609 1871 700 1920 Ph.
723 1886 768 1926 v,
792 1873 840 1918 8.
864 1874 928 1918 10
960 1867 1053 1917 Pro
1077 1867 1255 1918 Divum
1278 1869 1444 1919 fidem!
1481 1869 1578 1918 Ad.
1600 1871 1667 1932 iv,

605 1939 654 1984 7.
673 1939 737 1984 28
774 1933 864 1984 Pro
877 1933 1054 1990 Deum,
1071 1940 1212 1996 atque
1229 1935 1470 1983 hominum
1487 1935 1628 1982 fidem
1648 1933 1659 1982 !

609 1999 704 2048 He.
726 1999 779 2054 ii,
802 2003 850 2047 1.
874 2002 899 2047 1
937 1999 1030 2048 Pro
1051 1997 1266 2062 Jupiter!
1301 1999 1550 2048 clamorem
1579 2015 1665 2048 au-

609 2065 691 2114 dio
725 2065 818 2112 He.
843 2064 910 2120 iii,
936 2067 982 2112 1.
1007 2067 1067 2112 37
1125 2063 1219 2111 Pro
1241 2061 1400 2112 Deum
1425 2064 1663 2112 immorta-

609 2125 754 2178 lium!
791 2129 882 2177 Ph.
903 2127 956 2184 ii,
979 2131 1027 2176 3.
1048 2131 1080 2177 4
1135 2127 1262 2176 Proh
1301 2127 1478 2186 Deum,
1523 2137 1665 2194 atque

609 2195 849 2245 hominum
873 2191 1045 2240 fidem!
1082 2190 1146 2239 A.
1168 2193 1204 2248 i,
1229 2199 1277 2242 5.
1299 2198 1349 2243 2.
1372 2196 1450 2242 11.
1483 2193 1606 2242 Hea.
1629 2193 1665 2252 i,

613 2264 662 2308 1.
701 2263 734 2308 9
783 2257 909 2306 Proh
951 2257 1093 2304 fidem
1128 2255 1289 2305 Deum
1308 2257 1320 2306 !
1356 2257 1537 2306 facinus
1579 2259 1666 2306 soe·

611 2325 724 2371 dum
744 2323 756 2368 !
794 2321 883 2369 Eu.
906 2336 951 2370 v.
972 2325 1020 2369 5.
1047 2325 1072 2370 1
1644 2331 1657 2338 ”

679 2388 788 2436 Pro.
831 2381 1095 2450 (Praepos.)
1163 2383 1234 2431 Ex
1270 2381 1510 2433 Perinthia
1546 2386 1665 2434 fate·

615 2459 691 2501 tur
730 2449 1032 2507 transtulisse,
1073 2455 1214 2513 atque
1257 2463 1392 2497 usum
1437 2465 1522 2513 pro
1567 2452 1665 2499 suis

612 2516 677 2567 A.
699 2510 826 2565 P'rol.
850 2520 912 2565 14
968 2514 1267 2577 Pamphilum
1302 2529 1384 2576 pro
1419 2530 1558 2563 uxore
1581 2516 1667 2563 ha-

610 2582 719 2630 bere
740 2582 862 2629 hanc
884 2578 1173 2644 peregrinam
1205 2575 1266 2628 A.
1288 2577 1322 2636 i,
1348 2582 1395 2629 1.
1416 2582 1510 2629 119
1542 2580 1592 2627 Si
1616 2587 1663 2629 te

614 2647 725 2695 inde
755 2646 1022 2701 exemerIm‚
1056 2659 1145 2705 ego
1168 2658 1252 2705 pro
1271 2650 1318 2691 te
1341 2643 1510 2691 molam
1547 2643 1609 2692 A.
1632 2646 1667 2706 i,

611 2717 660 2763 2.
686 2716 751 2761 29
806 2712 962 2768 Quam
995 2724 1084 2771 ego
1115 2708 1272 2755 animo
1303 2709 1490 2771 egregie
1511 2724 1667 2757 caram

612 2792 699 2842 pro
722 2792 861 2824 uxore
883 2774 1122 2822 habuerIm
1155 2770 1220 2820 A.
1239 2770 1275 2826 i,
1299 2777 1346 2819 5.
1368 2777 1430 2822 38
1464 2772 1666 2821 Renun-

612 2842 760 2899 flabo,
782 2849 836 2887 ut
856 2855 940 2903 pro
973 2840 1064 2886 hoc
1088 2835 1208 2883 malo
1232 2836 1345 2883 mihi
1379 2838 1462 2884 det
1492 2839 1665 2885 malum

613 2904 678 2957 A.
698 2907 748 2962 ii,
772 2912 820 2955 5.
841 2908 905 2953 20
937 2902 1060 2967 Ego,
1083 2900 1346 2963 Pamphile,
1365 2902 1454 2949 hoc
1473 2902 1556 2950 tibi
1581 2920 1666 2966 pro

613 2971 801 3019 servitio
841 2968 991 3017 debeo
1024 2963 1086 3012 A.
1107 2964 1170 3019 iv,
1195 2969 1241 3013 1.
1268 2968 1332 3013 52
1385 2964 1465 3013 An
1505 2975 1560 3013 ut
1582 2984 1665 3031 pro

615 3036 756 3099 hujus
779 3032 984 3097 peccatis
1004 3045 1092 3093 ego
1113 3028 1395 3093 supplicium
1411 3030 1667 3081 sufferam?

618 3098 710 3149 Pro
731 3106 924 3162 peccato
947 3110 1116 3159 magno
1134 3096 1326 3159 paulum
1348 3111 1400 3143 su
1440 3096 1570 3159 plicii
1592 3113 1667 3144 sa-

613 3164 672 3213 tis
696 3172 768 3213 est
788 3162 908 3227 patri
940 3160 1004 3209 A.
1029 3176 1076 3223 v,
1097 3164 1144 3209 3.
1170 3164 1246 3209 17.
1265 3164 1328 3209 32
1425 3160 1441 3209 i
1461 3169 1667 3211 metuam

613 3237 810 3293 patrem,
853 3226 1004 3273 habeo
1048 3240 1132 3285 pro
1167 3223 1250 3271 illa
1285 3239 1332 3271 re
1369 3224 1497 3272 illum
1535 3226 1667 3288 quod

615 3308 831 3341 moneam
853 3291 997 3354 probe
1029 3286 1090 3338 A.
1111 3304 1157 3343 V,
1177 3292 1225 3337 4.
1251 3293 1310 3339 15
1368 3286 1545 3336 Eduxit
1564 3306 1664 3338 ma-

612 3364 682 3407 ter
701 3372 782 3419 pro
803 3370 902 3403 sua.
969 3349 1085 3399 Heri
1107 3351 1256 3399 minas
1276 3350 1440 3415 viginti
1459 3369 1544 3415 pro
1567 3370 1665 3401 am-

613 3422 764 3469 bobus
785 3418 897 3466 dedi
931 3414 1084 3481 Emi,
1103 3420 1152 3465 2.
1175 3421 1258 3466 76.
1279 3420 1344 3465 89
1396 3416 1489 3465 Pro
1508 3418 1592 3466 illo
1618 3428 1665 3468 te

613 3486 800 3533 ducam.
871 3481 1056 3543 Forma,
1076 3488 1126 3527 et
1147 3489 1259 3527 aetas
1281 3480 1387 3557 ³9⁸9.
1404 3490 1494 3544 est,
1523 3483 1664 3533 facile

614 3546 1036 3663 ‘Stplsssfiffuffi
1049 3544 1342 3674 {5¹:335ss
1355 3550 1663 3677 ¹2:233&

606 3678 799 3743 jubeam
843 3694 919 3725 me
960 3676 1072 3725 illuc
1115 3676 1352 3724 deducier.
1416 3675 1515 3727 An.
1568 3678 1663 3726 Pro

619 3741 922 3793 Eunuchon'?
975 3738 1067 3789 Ch.
1101 3740 1178 3789 Sic
1199 3747 1274 3787 est
1303 3738 1396 3791 Eu.
1418 3740 1492 3804 iii,
1513 3748 1560 3793 5.
1582 3747 1664 3793 24.

613 3814 676 3859 25
714 3808 804 3856 Pro
828 3814 876 3857 te
899 3808 990 3855 huc
1013 3805 1244 3854 deductus
1269 3806 1374 3853 est?
1409 3804 1502 3857 Eu.
1525 3806 1590 3863 iv,
1612 3812 1663 3857 4.

610 3878 674 3925 41
711 3872 848 3921 Hanc
871 3871 959 3919 tibi
976 3870 1104 3918 dono
1122 3871 1203 3926 do,
1224 3886 1378 3933 neque
1400 3879 1561 3933 repeto
1576 3888 1663 3935 pro

611 3938 694 3991 illa
715 3938 967 4003 quicquam
989 3936 1073 3983 abs
1095 3942 1143 3981 te
1165 3936 1301 3996 pretii
1325 3934 1416 3982 Eu.
1437 3936 1502 3996 iv,
1524 3940 1573 3985 6.
1599 3941 1661 3987 11

613 3998 1284 4113 ¹³20
1302 3999 1662 4111 0122233322505:

615 4105 727 4189 luni,
751 4149 890 4197 quem
911 4100 1110 4177 adduxti
1123 4123 1215 4192 prd'
1229 4126 1458 4175 Eunucho
1481 4128 1662 4177 adoles-

615 4199 870 4246 centulum.
936 4195 1057 4252 Quis
1091 4194 1230 4241 homo
1263 4208 1348 4257 pro
1371 4194 1550 4239 moecho
1573 4210 1663 4240 un-

615 4276 754 4325 quam
777 4262 898 4313 vidit
915 4260 965 4307 in
999 4260 1139 4306 domo
1163 4257 1419 4317 meretricia
1436 4258 1665 4321 prehendi

615 4324 916 4392 quenquam?
953 4320 1045 4373 Eu.
1065 4339 1112 4381 v,
1134 4329 1182 4373 5.
1201 4326 1251 4373 7.
1275 4326 1336 4373 18
1385 4321 1434 4371 1³
1467 4338 1550 4386 pto
1582 4320 1664 4371 ino

1413 457 1450 498 .·
1529 475 1536 486 -
1578 443 1819 494 lun-ux

1733 575 1963 626 Eunucho
1985 577 2046 626 ad
2067 575 2295 644 Thaidem
2310 579 2546 630 deductus
2565 589 2653 632 est.
2701 581 2792 636 La.

1735 639 1828 690 Pro
1872 641 2153 691 Eunuchon'
2174 644 2185 692 l
2244 643 2330 692 Pa.
2373 643 2453 694 Sic
2492 653 2581 694 est.
2652 645 2791 701 Hunc

1733 722 1818 770 pro
1840 708 2022 756 moecho
2043 716 2207 771 postea
2229 709 2622 773 comprehendere
2646 711 2791 774 intus,

1733 779 1784 820 et
1825 773 2138 821 constrinxere
2184 773 2278 824 Eu.
2313 791 2360 830 v,
2392 779 2441 824 6.
2472 779 2553 823 21.
2573 781 2639 826 22
2694 777 2789 828 Hie

1771 851 1821 883 ro
1852 836 1933 884 illo
1976 853 2163 886 munere
2203 835 2289 886 tibi
2320 839 2469 888 honos
2500 845 2574 886 est
2604 841 2792 890 habitus

1780 916 1831 952 u.
1852 917 1899 959 v,
1918 905 1969 951 7.
2002 905 2066 950 22
2122 901 2196 950 At
2235 919 2325 976 ego
2368 919 2450 966 pro
2494 902 2613 952 istoc
2656 907 2789 958 hune

1735 965 2079 1014 comedendum
2101 975 2151 1016 et
2183 967 2491 1016 dendendum
2527 969 2657 1016 vobis
2678 985 2790 1032 pro-

1734 1028 1850 1091 pino
1883 1029 1973 1078 Eu.
1995 1047 2043 1086 v.
2066 1035 2116 1080 9.
2139 1037 2205 1081 56
2236 1030 2313 1080 Ne
2334 1031 2414 1080 ille
2470 1047 2520 1080 ro
2541 1048 2591 1081 se
2610 1033 2791 1084 dictum

1735 1093 1983 1142 existumet
2014 1091 2140 1146 Hea.
2164 1095 2293 1144 Ptol.
2316 1099 2381 1146 30
2478 1111 2589 1160 rope
2612 1096 2713 1160 jun
2735 1107 2792 1148 ut

1735 1172 1820 1220 pro
1844 1175 1986 1207 uxore
2008 1159 2214 1209 haberet.
2278 1157 2373 1210 Pro
2395 1177 2445 1208 se
2476 1161 2675 1226 quisque
2712 1179 2789 1214 se·

1736 1222 1849 1271 dulo
1877 1223 2082 1272 faciebat
2112 1223 2235 1276 Hea.
2256 1225 2291 1282 i,
2315 1229 2362 1274 l.
2382 1230 2467 1276 46.
2494 1227 2559 1276 74
2612 1225 2687 1274 Ea
2716 1243 2789 1278 re·

1736 1285 1848 1336 licta
1867 1287 1976 1336 hnic
1998 1289 2240 1338 arrhaboni
2263 1294 2335 1337 est
2365 1305 2452 1364 pro
2476 1288 2561 1337 illo
2582 1303 2793 1355 argento.

1735 1349 1829 1399 Pro
1852 1351 2139 1402 Menedemo
2156 1368 2282 1402 nuuc
2305 1354 2390 1401 tibi
2412 1369 2503 1418 ego
2525 1357 2791 1417 respondeo

1740 1413 1864 1464 Hea.
1884 1415 1956 1474 iii,
1977 1421 2025 1466 3.
2046 1421 2129 1466 42.
2150 1422 2216 1468 49
2248 1415 2435 1466 Faciam
2460 1416 2574 1466 boni
2597 1419 2684 1467 tibi
2704 1421 2795 1468 ali..

1735 1481 1850 1544 quid
1890 1496 1973 1544 pro
2008 1481 2098 1530 ista
2132 1497 2201 1548 re,
2228 1498 2282 1530 ac
2304 1481 2471 1530 lubens
2504 1479 2629 1530 Hea-
2649 1482 2717 1542 iv,
2738 1491 2793 1535 5.

1737 1549 1798 1594 15
1853 1545 1988 1604 >Quas
2059 1545 2232 1608 minas)
2285 1562 2370 1610 pro
2412 1543 2648 1596 alimentis
2686 1565 2796 1598 esse

1736 1623 1863 1659 nunc
1884 1611 2008 1658 duco
2064 1617 2163 1660 atas
2195 1609 2319 1660 Hea.
2338 1611 2410 1674 iv,
2430 1615 2479 1660 7.
2502 1615 2535 1660 8
2581 1609 2700 1662 Duo
2722 1621 2793 1664 ta-

1737 1672 1865 1723 lenta
1880 1691 1970 1749 pro
1992 1691 2041 1724 re
2061 1684 2221 1740 nostra
2234 1690 2324 1740 ego
2340 1691 2443 1724 esse
2460 1677 2650 1742 decrevi
2664 1679 2793 1728 satis.

1738 1737 1835 1795 Qui
1858 1739 1946 1787 sibi
1968 1757 2045 1788 me
2067 1757 2149 1804 pro
2169 1739 2387 1798 ridiculo,
2404 1756 2461 1790 ac
2476 1739 2792 1806 delectamur,

1738 1809 1787 1850 to
1811 1811 1947 1866 putat
1966 1800 2093 1852 He'a.
2118 1821 2163 1862 v,
2188 1810 2237 1854 1.
2256 1809 2339 1854 67.
2359 1809 2423 1855 79
2456 1803 2617 1854 Eduxi
2640 1822 2792 1871 apar-

1736 1868 1873 1917 vulo:
1909 1869 2069 1928 habui,
2091 1869 2243 1917 amavi
2267 1885 2351 1935 pro
2372 1885 2495 1918 meo.
2558 1868 2674 1922 Non
2706 1887 2791 1922 ne-

1736 1947 1867 1982 cesse
1889 1933 2040 1981 habeo
2078 1933 2239 1982 omnia
2260 1949 2344 1998 pro
2378 1950 2483 1982 meo
2508 1932 2616 2010 jure
2648 1951 2793 1999 agere,

1735 1996 1832 2046 Ad.
1857 1996 1890 2059 i,
1908 2000 1952 2045 1.
1975 2002 2055 2047 23.
2073 2003 2136 2050 27
2170 1997 2269 2056 Qui
2291 1998 2379 2046 tibi
2399 2015 2547 2062 magis
2564 1999 2673 2048 licet
2693 2017 2791 2050 me-

1736 2077 1811 2110 am
1834 2061 2021 2120 habere,
2045 2079 2131 2126 pro
2152 2080 2247 2127 qua
2266 2079 2356 2128 ego
2378 2071 2621 2127 argentum
2642 2066 2755 2113 dedi
2771 2067 2791 2116 >2

1737 2123 1835 2174 Ad.
1858 2125 1910 2184 ii,
1935 2133 1979 2178 1.
2002 2132 2064 2176 25
2124 2127 2217 2176 Pro
2247 2128 2429 2192 virgine
2464 2127 2566 2176 dari
2586 2139 2789 2193 nuptum

1738 2206 1834 2239 non
1857 2198 2018 2255 potest
2039 2193 2133 2240 Ad.
2155 2191 2229 2250 iii,
2248 2197 2299 2242 2.
2317 2196 2383 2243 48
2414 2191 2592 2242 Sedulo
2606 2211 2795 2260 moneo,

1738 2271 2326 2370 {uiamssff'cg'tssss‘iu
2339 2257 2799 2372 ’ἓῗέξέἓῗοῑῖ>ἀ“ἐῗ’

1738 2383 1806 2442 iii,
1829 2389 1875 2434 4.
1910 2389 1974 2434 32
2027 2385 2133 2434 Tua
2169 2394 2267 2436 arte
2309 2386 2479 2450 viginti
2520 2388 2660 2438 minae
2740 2405 2790 2437 ro

1739 2449 1929 2512 psaltria
1970 2450 2148 2513 periere
2180 2450 2280 2500 Ad.
2304 2451 2371 2515 iv,
2393 2455 2442 2502 7.
2465 2456 2527 2501 25
2578 2451 2651 2501 Tu
2686 2453 2793 2501 ilos

1740 2514 1859 2561 duos
1880 2514 1990 2563 olim
2014 2530 2099 2578 pro
2136 2532 2183 2565 re
2207 2516 2403 2567 tollebar
2438 2525 2518 2563 tua
2549 2516 2650 2567 Ad.
2673 2533 2721 2574 v,
2740 2522 2794 2569 3.

1738 2581 1803 2627 23
1858 2576 1967 2627 Hoc
1986 2579 2128 2628 fructi
2159 2596 2247 2644 pro
2282 2580 2440 2631 labore
2476 2582 2536 2629 ab
2566 2582 2643 2629 his
2674 2582 2795 2641 fero,

1739 2642 1901 2690 odium
1932 2642 2029 2693 Ad.
2050 2662 2099 2706 v,
2115 2648 2164 2695 4.
2184 2650 2247 2695 16
2280 2644 2374 2694 Pro
2431 2654 2530 2694 atre
2550 2647 2662 2695 huic
2683 2656 2756 2697 est
2774 2665 2791 2698 ι

1739 2706 1891 2755 bonus
1912 2716 1983 2757 est
2015 2707 2110 2760 Ad.
2127 2728 2174 2769 v,
2196 2716 2243 2759 8.
2264 2715 2330 2761 28
2416 2728 2507 2759 unc
2528 2712 2631 2759 haec
2652 2710 2795 2776 plane

1738 2779 1811 2821 est
1830 2788 1915 2836 pro
1938 2789 2061 2821 nova
2092 2774 2187 2825 He.
2212 2774 2338 2823 Prol.
2360 2782 2388 2825 5
2438 2775 2522 2825 An
2542 2776 2795 2843 quicquam

1776 2851 1825 2884 ro
1865 2837 1961 2885 istis
1990 2838 2127 2887 factis
2158 2840 2355 2904 dignum
2388 2847 2437 2887 te
2470 2841 2566 2890 dici
2600 2842 2793 2905 potest?

1739 2852 1853 2949 {lon
1876 2909 1923 2949 te
1945 2919 2029 2967 pro
2063 2902 2139 2951 his
2174 2920 2355 2953 curasse
2384 2904 2541 2965 rebus,
2579 2922 2639 2954 ne
2676 2907 2801 2970 quid,

1739 2980 1860 3029 aegre
1881 2976 2004 3016 esset
2020 2966 2168 3016 mihi?
2193 2968 2285 3017 He.
2308 2966 2361 3025 ii,
2382 2974 2429 3019 1.
2452 2974 2533 3021 12.
2556 2974 2620 3020 30
2653 2971 2801 3024 Pueri

1738 3029 1859 3079 inter
1897 3048 1999 3081 sese
2033 3048 2175 3096 quam
2202 3050 2285 3097 pro
2308 3032 2488 3082 levibus
2521 3035 2673 3083 noxiis
2704 3036 2794 3085 iras

1738 3097 1934 3159 gerunt!
1971 3096 2063 3145 He.
2086 3096 2156 3157 iii,
2184 3102 2228 3149 1.
2252 3102 2316 3148 30
2356 3099 2468 3147 Sine
2491 3098 2648 3148 labore
2670 3100 2795 3151 hanc

1738 3160 1931 3223 gratiam
1956 3169 2021 3217 te,
2045 3169 2099 3209 ut
2118 3162 2209 3210 sibi
2228 3164 2313 3212 des
2335 3179 2418 3227 pro
2436 3163 2539 3225 illa,
2567 3179 2694 3212 nunc
2716 3182 2795 3217 ro-

1740 3233 1819 3289 gat
1867 3225 1961 3273 He.
1983 3224 2051 3282 iii,
2074 3232 2121 3277 3.
2144 3230 2208 3276 30
2264 3227 2386 3277 Cum
2428 3226 2547 3275 sciet
2583 3228 2793 3278 alienum

1739 3304 1931 3351 puerum
1977 3289 2081 3339 tolli
2124 3308 2211 3355 pro
2264 3308 2350 3341 suo
2414 3292 2509 3341 He.
2538 3293 2607 3350 iv,
2641 3296 2689 3341 1.
2722 3300 2791 3345 61

1738 3352 1891 3417 Egon’
1928 3360 1977 3402 te
2011 3371 2096 3419 pro
2130 3358 2222 3405 boc
2250 3357 2416 3407 nuntio
2446 3357 2561 3421 quid
2584 3358 2793 3407 donem?

1736 3417 1852 3481 quid
1872 3419 1889 3467 ἓ
1924 3420 2071 3481 quid?
2106 3422 2266 3471 nescio
2299 3422 2393 3470 He.
2415 3420 2461 3485 ν’,
2482 3426 2531 3471 4.
2554 3426 2586 3471 9
2627 3422 2712 3470 Sta
2730 3423 2795 3473 il-

1737 3481 1847 3531 lico.
1913 3482 2005 3533 Ge.
2047 3484 2200 3533 Hem!
2258 3483 2371 3533 satis
2458 3502 2507 3532 ro
2550 3484 2750 3559 imperio
2775 3488 2791 3537 !

1735 3563 2029 3661 iiiiiliiltildioessi
2040 3549 2355 3661 Pbleniebdiuiri,
2366 3558 2793 3665 'ugxggxztglgtrss

1737 3677 1946 3725 reddere.
2013 3676 2104 3725 Ge.
2127 3676 2175 3725 N
2178 3694 2241 3725 on
2264 3683 2419 3739 potest
2440 3678 2557 3726 satis
2578 3695 2665 3745 pro
2689 3697 2789 3729 me·

1734 3740 1823 3789 rito
1846 3742 1905 3788 ab
1924 3742 2007 3789 illo
2030 3742 2116 3789 tibi
2134 3741 2289 3789 referri
2309 3742 2477 3805 gratia.
2524 3742 2619 3793 Ph.
2637 3742 2789 3793 Immo

1736 3806 1863 3853 enim
1885 3822 2021 3853 nemo
2044 3806 2155 3853 satis
2176 3822 2261 3869 pro
2284 3808 2449 3855 merito
2473 3810 2668 3872 gratiam
2688 3806 2788 3873 regi

1735 3870 1873 3918 refert
1915 3870 2004 3918 Ph.
2025 3870 2076 3926 ii,
2095 3874 2145 3919 2.
2168 3874 2251 3920 22.
2273 3874 2357 3921 23.
2379 3877 2445 3925 24
2497 3872 2607 3923 Nisi
2648 3874 2799 3937 Pbaeg

1736 3934 1837 3981 dria
1854 3934 1979 3982 haud
1999 3934 2198 3983 cessavit
2217 3952 2303 4000 pro
2326 3944 2374 3986 te
2390 3936 2506 3985 eniti
2538 3937 2629 3988 Ph.
2647 3938 2714 3994 iii,
2740 3942 2790 3987 1.

1738 4002 1795 4048 11
1834 3998 1912 4047 An
1935 3998 2047 4065 quia
2066 4016 2151 4065 pro
2173 4017 2269 4050 uno
2292 4002 2388 4051 duo
2402 4010 2512 4050 sunt
2530 4001 2643 4050 mihi
2658 4004 2793 4051 dati?

1736 4061 1827 4114 Ph.
1850 4064 1914 4121 iv,
1937 4068 1985 4115 2.
2012 4068 2072 4114 12
2124 4064 2195 4113 Te
2227 4082 2358 4115 suam
2395 4067 2575 4131 rogavit
2604 4081 2789 4117 rursum

1737 4134 1791 4177 ut
1814 4144 1999 4193 ageres:
2014 4128 2211 4178 'causam
2233 4139 2285 4179 ut
2307 4148 2388 4195 pro
2410 4147 2460 4179 se
2482 4130 2657 4177 diceres
2691 4130 2785 4181 Ph.

1737 4209 1783 4249 v,
1807 4198 1855 4243 5.
1879 4198 1911 4243 8
1958 4192 2157 4243 Factum
2198 4203 2271 4245 est
2304 4196 2384 4243 abs
2416 4202 2462 4241 te
2498 4194 2663 4242 sedulo
2694 4211 2793 4257 pro,

1735 4256 1890 4307 fratre.
1954 4258 2004 4305 Is
2042 4276 2125 4323 pro
2162 4276 2245 4309 sua
2266 4256 2429 4321 ‚amica
2454 4256 2617 4309 lenoni
2648 4258 2797 4311 dedit·

1739 4322 2160 4397 Ph.v,8213.50
