3192 4975
511 414 696 479 clxvi

576 580 790 629 Inscitia.
857 578 1033 629 Verum
1067 579 1194 627 idem
1218 578 1259 627 si
1289 580 1423 629 vobis
1461 593 1567 644 prc-

512 648 636 703 flest,
667 661 750 692 vos
773 660 869 692 non
889 643 1060 705 facere,
1098 644 1284 693 inscitia
1306 654 1378 693 est
1409 646 1498 694 Eu.
1518 664 1568 704 v,

513 716 563 761 9.
593 714 655 760 41
714 710 836 766 Quae
872 708 1058 756 inscitIa
1093 716 1181 766 est,
1217 711 1462 757 advorsum
1487 712 1571 759 sti-

513 775 690 823 mulum
711 773 896 822 calces?
930 772 1020 819 Ph.
1043 774 1076 830 i,
1099 778 1147 822 2.
1170 778 1234 824 27
1281 774 1325 822 Ο
1347 774 1565 838 Jupiter!

512 846 750 886 tantamne
772 854 874 885 esse
891 837 942 884 in
963 836 1121 885 animo
1143 838 1375 887 inscitiam
1397 840 1408 887 !
1445 840 1570 890 Hea.

515 904 566 951 iv
613 908 658 951 1.
682 907 742 951 17

569 938 798 1015 ’Inscitum
863 965 1108 1027 Inscitum,
1146 967 1311 1015 offerre
1350 967 1568 1031 injuriam

513 1032 600 1079 tibi
622 1049 696 1079 nie
711 1032 990 1087 immerenti,
1013 1032 1222 1095 iniquom
1235 1041 1308 1080 est
1339 1033 1435 1083 He.
1449 1051 1497 1091 v,
1519 1038 1566 1083 l.

577 1160 804 1209 Inscribo.
869 1159 1094 1224 Inscripsi
1123 1161 1252 1210 illico
1291 1162 1416 1209 aedes
1450 1178 1567 1210 mer·

515 1226 635 1274 cede
667 1226 789 1273 Hea.
810 1225 845 1280 i,
867 1229 913 1272 1.
938 1229 1004 1273 92

581 1290 760 1339 Insere.
824 1288 990 1335 Vidin’
1027 1306 1115 1352 ego
1138 1296 1186 1337 te
1211 1290 1356 1338 modo
1378 1306 1566 1338 manum

512 1354 562 1401 in
597 1355 748 1401 sinum
771 1354 881 1401 huic
913 1355 1144 1403 meretrici
1175 1355 1408 1404 inserere?
1443 1354 1568 1405 Hea.

512 1420 566 1469 iii
610 1424 655 1468 3.
681 1424 712 1468 3

571 1456 804 1533 'Inservim
870 1482 946 1530 Ita
969 1490 1022 1530 ut
1038 1482 1183 1529 filium
1203 1482 1373 1547 aequali
1388 1499 1473 1531 suo
1498 1484 1568 1531 vi-

515 1549 607 1598 deo
632 1548 850 1596 inservire
885 1546 1007 1597 Hea.
1031 1548 1098 1603 iii,
1124 1553 1166 1596 1.
1190 1554 1222 1597 9

581 1614 789 1661 Insidiae.
857 1611 988 1659 Dico
1011 1628 1099 1674 ego
1123 1613 1235 1659 mihi
1257 1612 1448 1659 insidias
1472 1612 1568 1659 fieri

419 1696 424 1702 ·
515 1678 610 1728 Eu.
635 1679 704 1733 iii,
728 1683 778 1727 3.
797 1681 863 1727 26
896 1675 1103 1725 Insidias
1126 1684 1294 1723 nustrae
1317 1676 1431 1725 fecit
1453 1679 1568 1730 ado-

515 1743 770 1798 lescentiae,
790 1757 844 1789 ac
869 1740 978 1787 vicit
1011 1742 1103 1791 Ph.
1127 1742 1181 1803 ii,
1206 1746 1252 1791 1.
1275 1746 1340 1790 44

581 1806 801 1853 Insidior.
869 1804 1068 1853 Hiscine
1121 1812 1190 1864 tu,
1243 1806 1426 1861 amab0,
1471 1821 1569 1853 non

515 1880 680 1921 contra
700 1871 981 1919 insidiabere
1003 1871 1020 1917 ?
1055 1868 1150 1917 He.
1175 1870 1209 1926 i,
1237 1873 1284 1918 1.
1311 1874 1368 1918 13

580 1936 800 1997 Insignis,
824 1950 868 1983 e.
939 1934 1184 1982 Hunccine
1218 1941 1270 1981 ut
1291 1933 1570 1981 contumeli-

517 2017 593 2049 am
631 2010 725 2048 tam
762 2000 990 2062 insignem
1014 1999 1062 2047 in
1087 2014 1158 2045 me
1180 1997 1404 2062 accipiam
1425 2000 1444 2046 ?
1478 1998 1570 2045 Eu.

514 2066 578 2127 iv,
599 2071 648 2116 7.
674 2071 697 2113 1
751 2064 952 2113 Causam
983 2064 1235 2127 quaerebat,
1271 2064 1571 2127 quamobrem

513 2132 698 2193 insigne
721 2128 896 2193 aliquid
921 2130 1095 2176 faceret
1116 2128 1187 2175 his
1221 2127 1310 2177 Eu.
1335 2146 1380 2184 v,
1407 2132 1452 2176 6.
1475 2132 1537 2176 31

581 2194 825 2243 Insirnulo.
893 2194 1036 2249 Quod
1069 2193 1200 2239 illurn
1224 2192 1463 2239 insimulat
1483 2193 1571 2239 du-

516 2276 636 2319 rum,
657 2260 708 2306 id
733 2275 828 2303 non
851 2265 924 2305 est
959 2258 1080 2305 Hea.
1104 2258 1137 2311 i,
1159 2262 1206 2305 2.
1233 2261 1296 2305 30
1337 2257 1386 2302 Si
1411 2258 1571 2303 herum

515 2322 805 2371 insimulabis
847 2322 1066 2376 avaritiae,
1109 2321 1230 2367 male
1271 2319 1434 2367 audies
1479 2320 1571 2370 Ph.

516 2387 568 2445 ii,
592 2392 638 2435 3.
667 2390 728 2434 12

580 2450 771 2498 Insisto.
839 2448 979 2496 Hanc
1000 2448 1170 2495 habere
1195 2447 1448 2496 orationem
1471 2463 1569 2496 me-

516 2531 622 2564 cum
665 2531 694 2561 a
734 2513 965 2576 principio
1003 2513 1171 2558 institit
1211 2513 1305 2559 He.
1341 2513 1412 2569 iii,
1437 2518 1484 2562 3.
1508 2518 1567 2560 21

517 2581 673 2637 Quam
703 2579 914 2626 insistam
937 2578 1056 2623 viam
1077 2577 1093 2622 ?
1127 2576 1218 2623 Eu.
1241 2578 1290 2633 ii,
1315 2581 1364 2624 3.
1388 2583 1417 2626 3
1464 2578 1574 2633 Qua

515 2659 720 2708 quaerere
742 2642 951 2690 insistam
965 2641 1074 2689 via?
1110 2641 1200 2688 Ph.
1218 2641 1254 2704 i,
1268 2647 1315 2691 4.
1334 2645 1394 2690 15
1429 2641 1572 2704 Vide,

515 2725 578 2756 ne
600 2708 828 2773 impulsus
850 2707 916 2754 ira
931 2721 1074 2770 prave
1094 2705 1278 2754 insistas
1311 2704 1406 2753 He.
1422 2706 1498 2763 iii,
1522 2713 1568 2756 5.

581 2837 816 2887 Insolens.
866 2835 998 2893 Quid
1015 2841 1065 2884 tu
1083 2833 1316 2898 Athenas,
1335 2835 1568 2884 insolens?

518 2901 582 2951 A.
603 2921 650 2958 v,
673 2908 720 2953 4.
742 2907 774 2951 4

582 2967 843 3016 Insomnia.
907 2965 1009 3012 Aut
1044 2964 1148 3027 jam
1187 2971 1445 3013 revertere:
1489 2971 1572 3012 aut

514 3047 624 3080 mox
660 3041 804 3079 noctu
837 3038 886 3079 te
927 3030 1088 3093 adiget
1120 3030 1307 3076 horsum
1338 3029 1572 3076 insomnia

514 3095 606 3146 Eu.
630 3097 680 3152 ii,
703 3101 748 3145 1.
773 3100 833 3144 13

581 3162 849 3225 Insperans.
917 3158 1030 3207 Feci
1048 3157 1204 3224 hodie·
1217 3165 1268 3206 ut
1289 3157 1473 3214 fierent,
1494 3157 1569 3206 in-

519 3233 734 3290 sperante
756 3227 848 3272 hoc
881 3223 947 3272 A.
968 3223 1040 3277 iii,
1062 3227 1109 3271 4.
1132 3227 1196 3271 24

583 3291 874 3352 Insperatus,
897 3304 942 3342 a,
965 3303 1060 3333 um.
1125 3285 1206 3332 An
1239 3302 1328 3349 ego
1361 3285 1568 3333 occasio-

516 3369 624 3401 nem
649 3350 742 3400 tar‘n
765 3360 989 3415 optatam,
1016 3361 1108 3397 tam
1130 3351 1412 3414 insperatam
1433 3351 1568 3397 amit-

517 3426 661 3465 terem
680 3417 698 3463 ?
731 3416 822 3464 Eu.
845 3417 915 3478 iii,
937 3422 984 3464 5.
1009 3419 1069 3464 57
1107 3414 1270 3462 Celem
1295 3423 1390 3462 tarn
1412 3414 1569 3478 inspe-

514 3489 664 3529 ratum
689 3480 946 3544 gaudium?
982 3479 1102 3527 Hea.
1125 3479 1197 3537 iii,
1224 3484 1268 3529 1.
1291 3485 1318 3527 5

581 3546 808 3609 InspiciO.
877 3544 1116 3608 Denique,
1171 3543 1406 3606 inspicere
1465 3550 1568 3591 tana

515 3627 656 3674 quarn
691 3612 741 3658 in
765 3610 1024 3672 speculum,
1062 3609 1109 3656 in
1141 3609 1260 3655 vitas
1285 3607 1434 3670 jubeo
1469 3608 1568 3658 Ad.

514 3676 584 3731 iii,
609 3679 657 3725 3.
681 3680 740 3724 61
780 3676 1040 3730 Postremo,
1075 3681 1298 3736 tanquam
1327 3673 1378 3720 in
1401 3688 1569 3734 specu·

517 3739 630 3795 lum,
653 3740 704 3788 in
739 3742 921 3802 patinas
943 3739 1172 3800 inspicere
1201 3737 1347 3800 jubeo
1381 3736 1478 3784 Ad.
1500 3736 1570 3795 iii,

518 3809 566 3853 3.
587 3809 652 3854 75
687 3805 906 3862 Perfecit,
943 3803 1032 3850 sibi
1069 3810 1121 3849 ut
1140 3801 1426 3866 inspiciundi
1449 3811 1574 3849 esset

516 3870 656 3932 copia
690 3869 784 3920 Eu.
807 3869 934 3917 Prol.
956 3873 1017 3916 21

584 3934 781 3996 [nstigo.
847 3933 960 3980 Non
985 3930 1138 3980 hercle
1160 3947 1217 3978 ex
1253 3945 1302 3976 re
1342 3929 1474 3976 istius
1495 3945 1571 3976 me

515 3997 751 4060 instigasti
785 3999 874 4046 Ph.
898 4013 944 4059 v,
965 4001 1012 4045 7.
1033 4001 1097 4045 76
1147 3993 1274 4057 Age,
1305 3994 1343 4042 si
1375 3994 1452 4042 hic
1474 4009 1572 4041 non

513 4061 690 4110 insanit
710 4064 820 4110 satis
841 4077 924 4108 sua
945 4069 1130 4123 sponte,
1153 4059 1324 4121 instiga
1360 4057 1417 4105 A.
1438 4059 1506 4114 iv,
1521 4062 1571 4106 2.

517 4131 551 4174 9
583 4127 866 4190 Loquarne?
889 4126 1139 4173 incendam
1163 4141 1173 4170 ε
1199 4131 1377 4170 taceam
1397 4123 1414 4169 ?
1436 4123 1572 4169 insti-

517 4205 624 4251 gem
658 4191 746 4237 Ph.
766 4191 802 4246 i,
824 4195 873 4239 4.
890 4195 922 4238 9
957 4189 1002 4238 N
1008 4191 1024 4236 i
1046 4189 1318 4252 instigemus
1339 4187 1498 4248 etiarn,
1519 4195 1574 4234 ut

515 4253 673 4301 nullus
713 4254 844 4302 locus
879 4254 1165 4317 relinquatur
1196 4249 1356 4315 preci?
1392 4251 1480 4300 Ph.
1503 4251 1584 4316 iii,

515 4325 562 4370 8.
588 4325 648 4370 14

1478 426 1721 479 iNDEx

1710 580 1931 631 Instituo.
1997 580 2164 630 Petam·
2196 580 2326 639 hinc,
2349 582 2479 629 unde
2500 594 2527 630 a
2549 570 2701 647 prir'nd

1644 645 1827 694 institui
1868 646 1959 697 Ph.
1992 645 2057 708 iv,
2077 651 2125 696 2.
2151 650 2212 696 14
2268 646 2515 709 Sapienter
2558 650 2699 699 vitam

1643 710 1850 757 instituit
1882 710 1943 761 A.
1986 711 2021 766 i,
2044 716 2091 760 1.
2112 714 2177 759 40
2230 711 2282 759 Si
2326 719 2490 773 perget
2532 712 2703 760 laedere

1644 774 1729 831 ita,
1748 782 1799 821 ut
1820 776 1973 823 facere
1986 774 2185 823 instituit
2221 776 2313 823 Eu.
2330 775 2456 823 Prol.
2478 780 2537 824 19
2570 776 2698 825 Num

1646 840 1829 897 mirum,
1848 840 2073 900 revocarI,
2088 855 2273 888 cursum
2297 856 2401 887 cum
2418 840 2705 891 institueris?

1647 903 1736 951 Ph.
1763 920 1807 959 v,
1824 909 1872 953 6.
1890 909 1921 953 8
1956 904 2062 953 vah
2083 904 2093 951 !
2120 920 2445 968 quenquamne
2460 905 2698 953 hominem

1645 968 1697 1014 in
1732 969 1939 1015 animum
1976 969 2237 1025 instituere,
2264 975 2347 1016 aut
2380 970 2565 1031 parare?
2604 968 2701 1017 Ad.⁴

1645 1032 1681 1089 i,
1706 1036 1750 1081 1.
1775 1038 1836 1081 13
1888 1033 1966 1080 Ita
2002 1049 2105 1080 sum
2142 1033 2362 1091 irritatus,
2398 1033 2601 1079 animum
2648 1043 2700 1081 ut

1645 1112 1875 1160 nequeam
1898 1100 1961 1145 ad
1998 1098 2302 1161 cogitandum
2337 1098 2577 1145 instituere
2609 1098 2701 1146 Ph.

1645 1160 1700 1219 ii,
1728 1167 1769 1211 Ι.
1796 1167 1858 1211 10

1712 1221 1862 1274 lusto:
1929 1224 2060 1272 Num
2097 1242 2185 1287 ego
2221 1226 2380 1273 insto?
2414 1224 2543 1275 Hea.
2561 1226 2627 1283 iv,
2649 1231 2701 1275 4.

1647 1293 1709 1339 16
1744 1290 1850 1354 Ego
1866 1286 1982 1338 illud
2004 1291 2167 1337 sedulo
2180 1305 2352 1353 negare
2373 1291 2552 1338 sactum
2572 1308 2584 1337 ε
2621 1292 2703 1339 ille

1645 1353 1789 1402 instat
1823 1355 1998 1403 factum
2038 1353 2102 1402 A.
2141 1355 2175 1415 i,
2217 1358 2393 1407 1.,120
2442 1355 2703 1417 Postquam

1646 1419 1795 1467 acrius
1834 1428 1965 1481 pater
2001 1418 2144 1465 instat
2176 1418 2271 1466 He.
2298 1419 2335 1480 i,
2352 1424 2400 1469 2.
2422 1424 2487 1467 46
2528 1420 2701 1483 Neque
2728 1426 2737 1432 '

1644 1485 1774 1547 quod
1813 1492 1969 1547 partus
2001 1483 2205 1529 instabat
2239 1498 2386 1545 prope
2420 1483 2519 1532 Ad.
2560 1484 2627 1539 iii,
2652 1488 2702 1532 2.

1644 1553 1677 1597 9
1708 1548 1759 1595 Si
1782 1549 1927 1595 altera
1944 1547 2029 1594 illa
2043 1547 2189 1609 magis
2202 1547 2395 1607 instabit
2414 1547 2504 1597 Ph.
2526 1547 2573 1593 iv
2597 1555 2644 1596 5.
2668 1554 2698 1597 5

1644 1614 1780 1676 Syre,
1803 1613 1925 1660 insta
1958 1610 2055 1659 Ad.
2076 1612 2129 1673 ii,
2150 1616 2199 1661 4.
2228 1615 2285 1660 14
2337 1610 2595 1675 Nunquam
2616 1614 2704 1660 de·

1645 1678 1765 1723 stitit
1779 1678 1969 1732 instare,
1994 1684 2047 1724 ut
2066 1676 2270 1723 dicerem
2289 1693 2302 1721 ε
2338 1677 2551 1733 suadere,
2574 1692 2703 1725 orare

1644 1740 1711 1789 A.-
1733 1742 1797 1797 iv,
1823 1747 1868 1789 1.
1892 1746 1954 1790 37
1989 1740 2078 1787 Ille
2099 1740 2327 1788 continuo
2348 1740 2516 1788 irasci:
2544 1756 2698 1804 neque

1626 1822 1815 1868 ⁴negare
1850 1806 2040 1853 audere.
2071 1804 2214 1851 Thais
2246 1820 2384 1867 porro
2420 1804 2615 1861 instare,
2651 1810 2704 1853 ut

1646 1870 1737 1917 Eu.
1758 1871 1824 1925 iv,
1840 1870 1873 1925 i,
1890 1876 1919 1918 5
1945 1870 2103 1931 Magis
2117 1885 2262 1916 unum
2286 1870 2425 1915 etiam
2442 1870 2626 1925 instare,
2650 1877 2703 1917 ut

1646 1935 1787 1981 hodie
1822 1934 2161 1981 conficerentur
2197 1933 2377 1995 nuptiae
2410 1932 2532 1981 Hes.
2568 1950 2615 1995 v,
2652 1939 2700 1982 1.

1646 2004 1711 2048 22
1745 1998 1920 2046 Nescio
1944 1998 2056 2060 quid
2081 1998 2360 2060 suspIcarier
2380 1999 2527 2061 magis
2548 1999 2701 2062 coepi=

1648 2064 1838 2125 instare,
1861 2071 1914 2109 ut
1934 2064 2063 2111 dicat
2095 2062 2189 2109 He.
2218 2079 2261 2117 V,
2286 2066 2333 2109 3.
2360 2066 2425 2111 29
2475 2072 2482 2081 “

1712 2128 2000 2176 instrenuus.
2068 2127 2173 2174 Etsi
2196 2126 2311 2174 illud
2334 2126 2597 2189 inceptum,
2631 2134 2703 2175 ta-¹

1647 2208 1755 2239 men
1778 2193 1923 2239 animi
1945 2200 2017 2239 est
2038 2192 2257 2254 pudentis
2295 2192 2495 2253 signum,
2526 2199 2577 2239 et
2605 2208 2703 2239 non

1648 2256 1878 2305 instrenui
1912 2257 2033 2303 Hea.
2059 2256 2092 2311 i,
2118 2261 2162 2303 1.
2188 2260 2253 2304 68

1714 2321 1918 2368 Instruo.
1985 2320 2055 2369 Ut
2076 2321 2216 2368 hosce
2235 2319 2468 2378 instruxit,
2491 2320 2618 2383 ipsus
2640 2321 2705 2368 sia

1648 2385 1697 2431 bi
1734 2387 1862 2433 cavit
1894 2386 2001 2433 loco
2035 2384 2127 2432 Eu.
2162 2386 2229 2443 iv,
2255 2390 2303 2435 7.
2331 2391 2391 2434 12
2444 2384 2517 2431 Tu
2562 2387 2703 2434 hosce

1648 2448 1826 2498 instrue
1859 2448 1951 2498 Eu.
1976 2450 2041 2506 ir,
2062 2454 2111 2499 7.
2137 2453 2197 2498 11
2235 2449 2302 2499 Ut
2326 2450 2459 2506 scias,
2482 2464 2623 2512 quam
2646 2466 2704 2499 ea

1649 2530 1775 2562 nunc
1798 2517 2021 2562 instructa
2044 2515 2237 2578 pulchre
2255 2517 2315 2562 ad
2338 2514 2589 2579 perniciem
2614 2517 2705 2562 siet

1651 2579 1775 2627 Hea.
1798 2579 1871 2635 iii,
1895 2585 1939 2628 1.
1960 2583 2023 2627 41
2078 2579 2111 2627 J
2114 2596 2188 2626 arn
2210 2579 2437 2628 instructa
2458 2588 2568 2626 sunt
2588 2581 2705 2627 mihi

1646 2643 1698 2690 in
1721 2645 1862 2691 corde
1884 2643 2085 2691 consilia
2104 2646 2260 2691 omnia
2295 2644 2385 2691 Ph.
2407 2643 2458 2700 ii,
2480 2648 2527 2691 2.
2552 2650 2581 2693 7

1714 2707 1956 2757 Insuesco.
2026 2709 2125 2766 Qui
2168 2709 2371 2762 mentiri,
2417 2718 2500 2754 aut
2542 2709 2703 2757 fallere

1644 2771 1843 2820 insuerit
1866 2782 2044 2836 patrem
2075 2773 2171 2820 Ad.
2196 2773 2229 2830 i,
2258 2779 2301 2820 1.
2326 2777 2389 2822 30

1712 2837 1891 2885 Insula.
1958 2837 2141 2884 Navem
2180 2837 2221 2884 is
2256 2839 2397 2900 fregit
2426 2837 2556 2900 apud
2599 2835 2701 2884 An-

1646 2901 1779 2948 drum
1804 2901 2001 2948 insulam
2036 2900 2099 2948 A.
2126 2901 2160 2963 i,
2178 2906 2223 2950 3.
2251 2906 2311 2951 17

1712 2966 1941 3014 Insulsus.
2006 2965 2183 3014 Fatuus
2225 2973 2315 3029 est,
2355 2966 2575 3024 insulsus,
2610 2973 2705 3014 tar-

1646 3029 1733 3077 dus
1768 3031 1859 3078 Eu.
1884 3048 1931 3093 v,
1949 3034 1998 3080 9.
2022 3034 2088 3078 49
2200 3041 2207 3046 '

1711 3095 1911 3142 Insult0.
1976 3093 2025 3141 N
2030 3109 2069 3140 ae
2109 3101 2157 3141 tu
2196 3094 2308 3141 istas
2346 3093 2540 3156 (fores.)
2574 3094 2707 3151 faxo,-

1644 3158 1851 3208 calcibus
1888 3174 2015 3222 saepe
2052 3158 2295 3206 insultabis
2332 3158 2499 3205 frustra
2534 3157 2623 3206 Eu.
2647 3159 2706 3216 ii,

1708 3287 1888 3336 Insum.
1952 3285 2118 3334 Tristis
2142 3285 2361 3333 severitas
2382 3285 2507 3334 inest
2529 3286 2576 3332 in
2598 3287 2707 3334 vol--

1646 3357 1697 3398 tu
1729 3351 1795 3400 A.
1820 3369 1868 3412 V,
1890 3356 1938 3401 2.
1968 3356 2028 3400 16
2060 3351 2111 3398 Si
2130 3350 2389 3413 periculum
2416 3352 2559 3399 ullum
2580 3351 2629 3398 in
2653 3360 2708 3399 te*

1643 3415 1768 3463 inest
1799 3417 1892 3464 He.
1917 3416 1985 3470 iii,
2009 3421 2055 3465 1.
2078 3420 2143 3464 46
2185 3416 2245 3462 In
2270 3431 2426 3464 amore
2460 3417 2563 3464 haec
2601 3432 2705 3462 oms

1643 3479 1726 3528 nia
1751 3482 1913 3528 insunt
1952 3481 2063 3528 vitia
2096 3480 2185 3528 Eu.
2210 3481 2243 3536 i,
2269 3485 2314 3529 l.
2342 3484 2404 3529 14
2454 3480 2613 3527 Multa
2646 3481 2702 3526 in

1644 3546 1836 3594 homine
1858 3546 1992 3609 signa
2011 3546 2173 3593 insunt
2205 3544 2302 3592 Ad.
2327 3561 2371 3600 v,
2396 3547 2444 3592 3.-
2468 3547 2531 3592 36
2589 3544 2699 3590 Sus-

1645 3617 1840 3672 pectans
1874 3611 2078 3658 fabulam
2105 3609 2303 3672 pictam,
2326 3607 2407 3654 ubi
2429 3607 2580 3655 inerat
2600 3609 2702 3670 pic-

1644 3681 1749 3722 tura
1768 3677 1869 3723 haec
1905 3675 1996 3722 Eu.
2021 3674 2091 3728 iii,
2114 3681 2162 3722 5.
2185 3677 2249 3721 36
2299 3672 2387 3734 Ut,
2409 3672 2461 3719 ni
2499 3673 2568 3719 vis
2590 3673 2707 3720 boni

1644 3739 1695 3786 in
1716 3739 1820 3802 ipsa
1842 3741 2012 3786 inesset
2029 3739 2177 3785 forma
2210 3737 2300 3783 Ph.
2322 3737 2359 3794 i,
2377 3741 2425 3786 2.
2438 3741 2503 3786 58
2538 3737 2699 3785 Dixin'

1644 3819 1754 3915 eigo,
1768 3804 1929 3914 {nl-{mc
1952 3802 2260 3916 ingssgavssis
2281 3801 2492 3913 atticam
2514 3803 2701 3866 elegan-

1682 3883 1783 3914 am.
1869 3885 1915 3914 u.
1936 3885 1963 3913 v
2034 3901 2047 3914 .
2200 3883 2220 3913 1
2242 3883 2289 3913 re
2328 3882 2418 3913 nna
2481 3883 2557 3914 ma
2589 3883 2703 3914 num

1644 3933 1793 3980 inesse
1813 3933 1859 3978 in
1884 3948 1942 3980 ea
1960 3902 2137 3979 sucrum
2170 3931 2293 3980 Hea.
2315 3932 2385 3988 iii,
2408 3901 2458 3981 3:
2479 3937 2543 3980 48
2558 3884 2705 3989 gQuae·

1645 4013 1737 4060 ego
1760 3996 1853 4044 illis
1876 3997 2027 4045 inesse
2048 3997 2189 4045 video
2224 3996 2319 4044 Ad.
2344 4013 2390 4052 V,
2414 4001 2462 4044 3.
2486 4001 2549 4044 40

1710 4061 1925 4126 Insuper.
1991 4061 2121 4118 Quin
2154 4061 2293 4110 etiarn
2318 4062 2508 4122 insuper
2530 4059 2701 4114 scelus.

1644 4134 1821 4174 vestem
1843 4127 2019 4174 miserae
2054 4125 2246 4174 discidit
2277 4126 2365 4173 Eu.
2390 4125 2455 4180 iv,
2474 4128 2521 4172 3.
2547 4129 2575 4172 3
2630 4122 2699 4170 Νἰ

1646 4191 1861 4238 miserum
1882 4191 2076 4254 insuper
2104 4191 2246 4238 etiam
2278 4188 2399 4252 patri
2431 4188 2699 4235 indicares?

1646 4253 1742 4301 Eu.
1779 4271 1822 4312 v,
1845 4260 1894 4304 6.
1920 4261 1980 4306 13
2032 4256 2187 4304 Etiam
2223 4255 2412 4316 insuper
2444 4251 2699 4300 defrudet?

1647 4317 1741 4367 Ad.
1764 4319 1819 4383 ii,
1836 4323 1887 4370 2.
1908 4324 1971 4369 38
