3192 4975
571 447 704 498 001

1549 438 1791 490 INDEX

572 591 696 649 Ad,
715 597 764 642 8.
786 595 812 642 1
862 587 1054 640 Adeon'
1087 603 1166 639 me
1191 589 1411 658 ignavum
1450 592 1631 653 putes?
1704 589 1811 654 ejus*
1836 589 1898 637 sit
1932 587 2199 645 amittendi.
2234 603 2329 647 uec
2360 587 2595 636 retinendi
2630 588 2771 651 copis

573 665 630 706 ut
663 671 819 720 neque
851 672 931 704 me
958 655 1269 711 consuetudo.
1303 670 1458 718 neque
1485 670 1633 717 emor,

499 767 506 774 ,
572 735 730 785 neque
753 720 906 784 pudor
924 727 1234 777 commovent,
1251 735 1406 782 neque
1423 735 1633 768 commo-

573 794 706 846 neat,
723 791 778 832 ut
795 799 970 833 servem
1006 784 1184 832 fidem?
1235 783 1297 831 A.
1331 783 1370 839 i.
1391 789 1439 834 5.
1461 788 1544 834 44.
1567 788 1631 834 45

572 849 746 912 Neque
767 847 850 912 pol
870 848 1058 900 consilii
1077 847 1232 896 locum
1271 849 1442 904 habeo,
1475 861 1634 911 neque

574 913 738 962 auxilii
758 912 948 976 cupium
983 913 1044 960 Δ.
1064 910 1120 968 ii,
1141 915 1190 961 1.
1211 915 1278 961 20
1314 911 1486 975 Neque
1508 911 1633 969 istie,

574 993 731 1090 R‘qi?
751 977 866 1090 {¹³3³
885 976 1638 1103 ‘ffzsssflsszzssfssssib'sswsss

627 1075 642 1091 ο
714 1075 731 1098 9
785 1075 800 1090 ο
1505 1075 1520 1094 s

571 1103 680 1168 ipss
705 1121 776 1154 res
809 1117 1000 1152 moueat
1031 1104 1094 1153 A.
1130 1103 1200 1160 iii,
1223 1108 1271 1153 8.
1298 1108 1360 1153 19
1409 1103 1640 1164 Arbitror,

571 1183 731 1233 neque
751 1169 884 1216 inum
913 1169 1034 1216 huuc
1067 1175 1293 1230 perpetuo
1323 1168 1514 1224 habere,
1553 1182 1635 1215 ne·

609 1250 669 1281 ue
689 1249 766 1281 me
787 1232 970 1296 perpeti
1003 1231 1069 1280 A.
1091 1231 1158 1288 iii,
1174 1236 1222 1280 3.
1245 1236 1309 1280 32
1343 1231 1516 1295 Neque
1537 1247 1639 1278 mo-

573 1247 688 1346 gum
711 1296 1032 1360 benignitatis,
1055 1311 1116 1344 ne
1152 1311 1231 1357 ue,
1263 1295 1380 1359 quid
1409 1311 1486 1344 me
1519 1310 1640 1352 ores,

573 1362 754 1424 cogites
789 1361 854 1411 A.
889 1376 938 1421 v,
972 1366 1016 1410 1.
1037 1363 1068 1410 7
1176 1359 1258 1407 ibi!
1293 1360 1443 1422 prins,
1483 1375 1640 1422 neque

571 1425 739 1474 fortius
757 1442 772 1473 z
790 1440 950 1473 verum
973 1425 1012 1472 si
1031 1423 1252 1488 incipies,
1271 1439 1428 1487 neque
1450 1431 1640 1487 perten-

573 1491 660 1540 des
680 1488 862 1537 naviter
892 1488 986 1540 Eu.
1009 1487 1044 1545 i,
1067 1493 1116 1538 1.
1140 1495 1188 1538 5.
1211 1494 1244 1538 6
1277 1488 1400 1545 Quae
1424 1504 1496 1536 res
1518 1487 1568 1534 in
1589 1503 1642 1536 se

573 1567 732 1666 352¹:
756 1553 898 1665 {1:⁰³}
899 1552 967 1665 ’Ὗ
973 1569 1062 1666 '¹'1'2
1073 1567 1314 1664 ”52:33
1315 1553 1645 1680 Ἓᾘῗὲἓῖ

575 1689 676 1730 tere
711 1697 866 1744 neque
899 1681 1110 1728 sciebat:
1149 1695 1300 1743 neque
1334 1696 1416 1742 per
1454 1688 1641 1728 atatem

575 1744 720 1794 etism
741 1752 959 1808 potuerat
991 1743 1088 1792 Eu.
1110 1745 1146 1802 i,
1169 1748 1218 1792 2.
1241 1748 1304 1793 38
1340 1744 1472 1801 Qui·
1485 1759 1643 1807 neque

577 1815 632 1856 tu
651 1824 748 1856 uno
769 1824 870 1856 eres
892 1815 1142 1870 contenta,
1161 1823 1317 1872 neque
1351 1809 1477 1856 solus
1507 1808 1645 1856 dedit

575 1871 670 1920 Eu.
693 1872 728 1929 i,
751 1876 802 1922 2.
821 1877 887 1922 42
943 1872 1112 1920 Habeo
1139 1871 1220 1919 hic
1251 1873 1486 1920 neminem
1501 1889 1517 1929 ;
1557 1888 1643 1920 ne-

575 1950 672 2050 ἓὶῗ
689 1935 1098 2048 1ᾟῖωέἢέᾞὶ
1111 1935 1645 2063 0ζὲῗὲωᾶᾱέὲέ

575 2064 685 2113 fulsi
719 2065 996 2128 quicquam,
1035 2079 1190 2128 neque
1230 2080 1333 2111 meo
1366 2065 1496 2112 cordi
1541 2080 1645 2113 esse

577 2144 854 2192 quenquam
875 2128 1102 2178 cariorem
1135 2128 1228 2176 Eu.
1262 2128 1294 2183 i,
1317 2133 1368 2180 2.
1395 2133 1489 2178 120
1543 2129 1645 2177 Ne-

577 2209 672 2257 que
707 2193 934 2241 ridiculus
975 2207 1096 2248 esse,
1140 2207 1297 2254 neque
1339 2193 1504 2256 pingas
1547 2193 1646 2256 pati

575 2272 771 2320 possum
804 2257 898 2307 Eu.
934 2257 990 2315 ii,
1012 2261 1062 2306 2.
1088 2260 1148 2306 13
1198 2255 1370 2320 Neque
1404 2257 1533 2320 virgo
1573 2265 1647 2304 est

575 2337 805 2384 usquam:
843 2336 1000 2384 neque
1036 2336 1144 2385 ego,
1180 2321 1265 2383 qui
1298 2320 1426 2368 'iilam
1465 2337 1492 2368 e
1528 2337 1645 2369 con-

574 2392 744 2448 spectu
783 2383 919 2430 amisi
955 2399 1060 2439 meo
1116 2384 1210 2432 Eu.
1249 2384 1302 2446 ii,
1325 2389 1373 2434 8.
1397 2389 1428 2434 2
1471 2385 1645 2448 Neque

576 2463 764 2515 pugnas
795 2454 966 2503 narrat,
996 2460 1152 2511 neque
1173 2447 1416 2498 cicatrices
1437 2464 1545 2497 suas
1568 2466 1645 2497 os·-

577 2520 767 2574 teutst3
805 2527 960 2575 neque
996 2512 1086 2560 tibi
1123 2513 1311 2562 obstutt
1351 2529 1508 2561 verum
1553 2514 1643 2562 Eu.

576 2575 652 2632 iii,
681 2582 736 2627 2.
774 2581 862 2625 29.
893 2581 959 2625 30
1015 2576 1166 2640 Virgo
1212 2577 1454 2639 lucrumst,
1487 2593 1644 2641 neque

575 2655 684 2689 eum
710 2641 905 2703 rogites,
923 2640 1040 2704 quid
1061 2641 1139 2698 sit,
1161 2642 1308 2690 nudet
1343 2642 1501 2689 dicere
1546 2642 1643 2691 Eu.

575 2704 644 2761 iv,
666 2708 716 2755 8.
741 2709 804 2756 17
854 2706 1000 2756 Quod
1035 2706 1146 2762 scis,
1180 2705 1353 2759 nescis.
1383 2720 1539 2767 neque
1578 2707 1641 2754 de

572 2768 845 2817 Eunucho=
875 2784 1032 2832 neque
1060 2770 1124 2817 de
1151 2770 1267 2816 vitio
1305 2769 1497 2831 virginis
1545 2770 1640 2820 Eu.

575 2832 645 2895 iv,
665 2836 714 2883 4.
737 2839 801 2882 55
849 2834 996 2890 Quod
1017 2849 1108 2896 ego
1129 2848 1370 2896 nunquam
1393 2833 1491 2880 vidi
1521 2834 1640 2892 fieri,

573 2912 732 2961 neque
753 2896 896 2945 velim
928 2896 1021 2944 Eu.
1053 2913 1103 2952 v,
1123 2902 1174 2945 5.
1197 2900 1263 2946 16
1295 2895 1374 2944 Ne
1397 2912 1456 2944 ue
1491 2914 1552 2945 ue
1567 2899 1641 2947 illi

575 2962 745 3025 prosis,
765 2968 816 3009 et
839 2969 891 3008 tu
913 2975 1078 3024 pereas
1109 2960 1202 3009 Eu.
1226 2978 1272 3017 v,
1295 2967 1344 3010 5.
1367 2965 1432 3010 23
1517 2978 1640 3026 eque

574 3026 691 3089 egri,
712 3040 869 3088 neque
891 3024 1018 3072 urbis
1031 3024 1194 3073 odium
1211 3040 1288 3073 me
1305 3040 1512 3089 unquam
1534 3042 1640 3090 per·

573 3090 696 3152 cipit
727 3089 818 3137 Eu.
839 3106 888 3151 v,
909 3093 958 3138 6.
975 3094 1007 3140 2
1040 3088 1213 3153 Neque
1230 3097 1282 3137 tu
1305 3089 1442 3138 istum
1458 3099 1639 3139 metuas

571 3168 636 3201 ne
657 3161 784 3203 emet
806 3152 971 3202 mulier
1003 3152 1094 3201 Eu.
1117 3170 1164 3214 v,
1180 3159 1229 3203 9.
1251 3158 1316 3202 50
1350 3152 1546 3203 Factum
1561 3156 1639 3205 hic

572 3232 676 3266 esse
696 3217 749 3264 id
770 3232 866 3264 non
887 3223 1050 3278 neget,
1081 3232 1237 3281 neque
1270 3233 1321 3264 se
1354 3217 1403 3267 id
1440 3218 1637 3283 pigeres

571 3289 624 3328 et
643 3274 820 3329 deiude
867 3279 992 3327 Heu.
1015 3279 1144 3329 Prol.
1170 3286 1232 3330 19
1278 3281 1384 3330 Hoc
1413 3298 1504 3345 ego
1527 3284 1636 3331 muli

571 3360 672 3391 non
711 3342 892 3406 pridem
927 3344 1120 3393 inveni:
1156 3360 1188 3392 n
1251 3361 1311 3393 ue
1345 3346 1488 3395 etiem
1521 3348 1638 3395 dum

572 3407 664 3455 scit
685 3414 817 3469 pater
849 3406 972 3455 Hes.
996 3407 1047 3463 ii,
1071 3413 1118 3458 1.
1141 3414 1202 3460 17
1287 3423 1408 3473 eque
1427 3426 1486 3458 eo
1511 3427 1638 3461 nunc

571 3470 706 3528 dico,
723 3488 819 3537 quo
852 3471 976 3519 Heu.
999 3472 1069 3528 iii,
1091 3478 1142 3523 2.
1157 3478 1222 3527 43
1256 3475 1355 3531 Qui
1369 3489 1524 3539 neque
1533 3474 1637 3537 jus.

571 3546 728 3599 neque
773 3537 968 3594 bonum,
1011 3545 1154 3601 utque
1210 3553 1398 3602 equum
1443 3540 1636 3587 sciunt?

570 3599 698 3648 Heu.
719 3599 784 3655 iv.
808 3606 856 3651 1.
880 3604 946 3649 29
991 3600 1152 3663 Atque
1173 3617 1266 3677 ego
1286 3602 1357 3650 ini
1378 3618 1533 3666 neque
1555 3606 1638 3665 do,

570 3678 727 3727 neque
749 3666 1025 3728 despondeo
1058 3665 1184 3714 Hes.
1207 3682 1274 3728 iv,
1292 3673 1341 3716 5.
1362 3670 1424 3717 81
1462 3666 1637 3718 Irrides

569 3727 622 3776 in
648 3744 696 3777 re
717 3735 849 3776 tanta
869 3729 887 3775 ?
911 3745 1068 3794 neque
1102 3746 1176 3778 me
1210 3730 1464 3794 quicquum
1496 3730 1635 3794 adju-

571 3792 690 3840 ves?
722 3792 844 3842 Heu.
871 3809 918 3855 v,
938 3798 987 3843 2.
1009 3798 1074 3845 29
1121 3794 1242 3842 Haec
1285 3794 1410 3843 fratri
1449 3810 1635 3847 mecum

567 3872 666 3905 nou
688 3857 992 3915 conveniunt,
1015 3874 1170 3921 neque
1190 3859 1384 3922 placent
1416 3857 1514 3906 Ad.
1533 3861 1567 3917 i,
1587 3866 1635 3909 1.

569 3925 636 3971 ⁸4
669 3920 776 3970 Nec
798 3922 968 3969 metuit
1023 3938 1254 3985 ueuqusm
1277 3940 1288 3969 ε
1311 3938 1468 3986 neque
1481 3924 1526 3971 le
1559 3940 1634 3974 em

568 3993 709 4048 putat
729 3992 887 4034 tenere
907 4001 958 4035 se
982 4003 1010 4033 u
1032 3986 1122 4034 lam
1158 3985 1258 4036 Ad.
1295 3986 1330 4041 i,
1351 3990 1400 4037 2.
1423 3992 1453 4035 5
1557 4004 1635 4036 am

568 4064 600 4095 n
665 4066 745 4114 ue,
767 4056 822 4099 ut
843 4050 986 4099 celari
1009 4056 1171 4113 posset
1207 4056 1391 4113 tempus
1429 4051 1635 4113 spat-ium

567 4061 718 4161 afflu-
759 4114 906 4162 dabnt
955 4112 1051 4166 He.
1088 4113 1159 4175 iii,
1178 4117 1230 4163 8.
1255 4118 1316 4164 14
1349 4114 1523 4178 Neque
1560 4116 1633 4165 ilii

568 4176 874 4235 benevolens,
894 4193 1049 4241 neque
1071 4184 1230 4235 notus,
1264 4193 1418 4243 neque
1444 4195 1632 4243 cogna-

571 4245 666 4300 tus,
707 4249 838 4288 extre
878 4258 1021 4290 unam
1075 4243 1327 4301 aniculam,
1381 4244 1633 4309 quisquam

563 4302 732 4353 edetst
761 4305 852 4353 Pb.
891 4306 925 4363 i,
947 4312 995 4357 2.
1017 4309 1102 4363 4¹1.
1121 4308 1190 4362 48
1240 4307 1308 4359 Ut
1327 4314 1482 4373 neque
1516 4310 1635 4362 mihi

1706 655 1795 705 Ph.
1834 655 1870 712 i,
1892 657 2026 704 &24
2072 653 2247 717 Neque
2280 659 2378 700 tum
2412 654 2505 701 hoc
2532 663 2635 718 esse
2658 654 2769 700 mibi

1707 718 1945 782 objectum
1970 717 2173 766 melum!
2226 717 2317 766 Ph.
2356 718 2428 775 iii,
2448 722 2499 766 2.
2519 721 2580 766 17
2632 716 2681 764 Ν
2687 733 2772 764 un-

1707 797 1912 847 quamne
1936 782 2079 830 bodie
2100 782 2335 831 concedes
2358 781 2490 837 mihi,
2512 796 2669 844 neque
2697 782 2771 828 in-

1708 847 1928 910 telliges?
1976 846 2069 896 Ph.
2108 862 2154 903 v,
2176 851 2229 894 3.
2247 849 2311 894 23
2362 844 2533 908 Neque
2570 860 2661 908 ego
2701 845 2772 909 ig-

1709 927 1874 967 nosco,
1893 925 2050 974 neque
2070 909 2294 973 promitto
2308 909 2587 986 quicquum:
2609 924 2776 984 'neque

1709 973 2775 1102 ¹”R122222.P¹1=a;;{agimffissqssfi’zoe

1712 1104 1796 1152 ebs
1820 1111 1867 1152 te
1890 1103 2120 1152 biduum?
2174 1101 2265 1150 Eu.
2300 1101 2336 1154 i.
2358 1107 2408 1150 2.
2431 1105 2524 1151 101
2575 1101 2779 1164 Nequeo

1713 1168 1827 1216 setis
1848 1167 2021 1223 mirari,
2042 1182 2196 1230 neque
2231 1164 2467 1229 conjicere
2508 1164 2602 1216 Eu.
2638 1165 2707 1222 iii,
2728 1171 2783 1214 4.

1714 1237 1747 1284 9
1781 1231 1985 1295 Nequeo
2009 1232 2159 1279 mirei-i
2196 1231 2328 1284 satis,
2364 1245 2461 1292 quo
2512 1227 2603 1276 Eu.
2640 1231 2707 1285 iv,
2730 1235 2784 1279 8.

1716 1300 1781 1346 1⁹
1814 1295 2065 1344 Enimvero
2083 1294 2278 1343 reticere
2294 1309 2483 1357 nequeo
2517 1293 2639 1341 Hes.
2663 1293 2717 1349 ii,
2732 1299 2783 1344 a.

1714 1364 1781 1409 79
1814 1359 2033 1408 Vostrum
2054 1375 2085 1406 u
2148 1374 2238 1406 ueo
2258 1357 2408 1404 mirari
2425 1358 2538 1404 satis
2554 1356 2782 1405 rationem

1716 1423 1817 1475 Ad.
1840 1423 1922 1481 iii,
1944 1429 1991 1473 8.
2010 1427 2076 1473 20
2176 1437 2329 1485 equeo
2372 1421 2486 1468 satis
2528 1420 2783 1469 decernere

1716 1485 1819 1538 Ad.
1842 1487 1906 1544 iv,
1928 1493 1980 1538 2.
1998 1493 2028 1538 5
2066 1485 2263 1550 Nequeo
2289 1500 2493 1533 mearum
2516 1499 2665 1532 rerum
2692 1486 2782 1534 iui-

1718 1551 1835 1600 tium
1856 1552 2005 1600 ullum
2028 1551 2237 1599 invenire
2259 1550 2483 1598 idoneum
2515 1548 2610 1596 He.
2632 1547 2711 1605 iii,
2734 1555 2785 1600 8.

1719 1621 1746 1666 1
1782 1615 2001 1679 Nequeo,
2024 1616 2139 1679 quin
2158 1614 2406 1662 lactumem
2424 1613 2563 1660 miser
2593 1612 2689 1660 He.
2712 1613 2785 1670 iii,

1716 1683 1765 1730 8.
1787 1685 1849 1730 25
1884 1680 2087 1744 Nequeo
2108 1679 2219 1727 satis
2242 1678 2459 1742 proloqui
2506 1676 2600 1727 He.
2633 1676 2700 1736 iv,
2732 1681 2784 1726 4.

1716 1747 1781 1794 23
1814 1743 2019 1808 Nequeo
2044 1752 2092 1793 te
2113 1758 2318 1800 exorare,
2342 1749 2397 1790 ut
2416 1741 2641 1789 maneas?
2678 1740 2780 1790 Ne-

1718 1824 1843 1872 queo
1864 1824 2070 1866 exornre,
2092 1816 2144 1855 ut
2164 1823 2239 1854 me
2268 1813 2459 1854 maneat
2506 1806 2598 1853 Ph.
2636 1803 2707 1861 iii,
2728 1811 2782 1855 2.

1716 1879 1767 1921 4.
1790 1877 1854 1922 27
1887 1872 2077 1920 Etenim
2099 1871 2227 1920 solus
2242 1885 2459 1933 nequeo:
2484 1879 2670 1918 accurre
2688 1869 2781 1918 huc

1714 1937 1812 1985 Ph.
1845 1952 1895 1993 v,
1914 1941 2052 1986 ⁷090
2101 1936 2211 1984 Hoc
2240 1935 2326 1999 qui
2363 1935 2546 1997 nequit.
2580 1933 2783 1981 fateatur

1716 1999 1897 2048 nescire
1928 1999 2029 2050 Ad.
2048 1999 2085 2056 i,
2111 2005 2156 2050 1.
2177 2005 2238 2048 51
2285 1999 2507 2046 Animum
2524 2005 2579 2044 ut
2597 2012 2779 2060 neque-

1716 2080 1793 2112 nm
1814 2065 1877 2111 nd
1898 2065 2201 2128 cogitandum
2222 2063 2468 2110 instituere
2520 2063 2613 2110 Ph.
2652 2061 2703 2119 ii,
2734 2066 2778 2110 1.

1720 2134 1783 2178 lo
1828 2129 1877 2176 si
1914 2144 2124 2192 nequeas
2146 2128 2359 2190 paululo,
2382 2135 2433 2174 nt
2452 2126 2619 2190 quanti
2638 2140 2783 2188 queas

1715 2193 1811 2244 Eu.
1860 2191 1896 2247 i.
1920 2198 1967 2243 1.
1990 2198 2057 2242 30
2110 2192 2179 2241 Ut
2220 2193 2374 2239 triduo
2419 2191 2510 2238 hoc
2551 2198 2780 2254 perpetuo

1716 2257 2353 2370 {mimiessssffwnss‘iiiii
2372 2270 2557 2366 3553?
2576 2254 2783 2382 &2232

1716 2383 1896 2432 diutius
1918 2386 2071 2434 celare
2104 2385 2199 2433 He.
2220 2384 2287 2439 iv,
2307 2389 2355 2434 1.
2374 2388 2440 2432 60

1782 2449 1832 2497 Ν
1832 2449 2132 2513 equiequsm.
2196 2449 2301 2514 Age
2321 2449 2481 2505 modo,
2496 2447 2638 2495 hodie
2655 2462 2777 2504 sero,

1714 2528 1772 2562 nc
1795 2514 2107 2577 nequicquam
2132 2514 2259 2563 voles
2292 2514 2415 2561 Heu.
2436 2513 2489 2567 ii,
2512 2515 2559 2559 8.
2586 2516 2677 2561 103

1780 2577 2013 2640 Nequior.
2076 2578 2275 2627 Nihilne
2318 2579 2367 2625 in
2408 2584 2608 2623 mentem
2628 2576 2645 2622 ,²
2695 2575 2781 2624 Ct.

1712 2640 1976 2753 §unquam
1996 2642 2265 2708 quicquam.
2296 2642 2381 2707 Sy.
2399 2638 2553 2689 Tanto
2570 2640 2771 2705 nequior

1761 2708 1812 2755 d.
1833 2706 1901 2763 iv,
1930 2712 1979 2756 1.
2006 2712 2067 2757 12

1776 2770 2023 2834 Nequitia.
2088 2770 2205 2827 Hui,
2246 2778 2471 2834 quantam
2523 2768 2773 2817 fenestram

1711 2834 1773 2881 ed
1810 2835 2071 2899 nequitiem
2106 2835 2420 2899 patefeceris!
2469 2833 2593 2883 Hes.
2632 2831 2701 2888 iii,
2726 2837 2777 2881 1.

1709 2903 1788 3010 ᾖ
1825 2898 1983 2947 Etiam
2017 2916 2125 2947 eum
2157 2900 2219 2947 sd
2252 2899 2511 2964 nequitiam
2540 2897 2775 2945 abducere

1795 2995 1809 3010 .
1832 2963 1887 3011 iii
1930 2968 1979 3013 8.
1998 2968 2029 3013 4

1775 3025 1826 3073 N
1828 2999 1980 3076 entus.
2044 3027 2240 3081 Vereor,
2284 3043 2347 3074 ne
2380 3027 2508 3075 istoc
2541 3025 2771 3073 fortitudo

1708 3090 1761 3137 in
1782 3106 1970 3139 nervom
1988 3098 2201 3153 erumpat
2216 3092 2422 3154 denique
2456 3091 2545 3139 Pb.
2566 3090 2622 3144 ii.
2638 3094 2687 3139 2.
2708 3094 2767 3139 11

1710 3155 1769 3203 In
1792 3170 1979 3203 nervom
2003 3155 2161 3218 potius
2184 3154 2268 3201 ibit
2302 3154 2391 3201 Ph.
2414 3154 2477 3210 iv,
2499 3157 2550 3202 4.
2576 3159 2636 3202 15
2661 3153 2773 3202 Sive

1709 3220 1831 3267 adeo
1853 3220 1997 3282 digna
2018 3234 2089 3267 res
2110 3226 2197 3275 est,
2221 3218 2301 3265 ubi
2324 3226 2379 3265 tu
2412 3233 2579 3266 nervos
2611 3218 2773 3266 interr·-

1709 3284 1794 3331 dns
1817 3290 1925 3331 tuos
1957 3283 2053 3331 Eu.
2074 3283 2132 3340 ii,
2150 3288 2200 3332 3.
2221 3288 2288 3332 20

1774 3345 1971 3396 Nescio.
2004 3347 2164 3396 Laetus
2184 3354 2279 3409 est,
2299 3347 2459 3395 nescio
2481 3345 2597 3410 quid
2622 3345 2683 3396 A.
2717 3345 2772 3400 ii.

1707 3414 1757 3459 2.
1775 3410 1952 3477 ῧςΕςο,
1968 3412 2083 3475 quid
2100 3427 2271 3467 narres,
2289 3410 2451 3460 nescio
2472 3410 2537 3461 A.
2554 3410 2623 3466 iii.
2642 3416 2689 3460 1.
2712 3415 2773 3460 1⁹

1709 3476 2026 3532 Quamobrem
2043 3478 2061 3525 ἔ
2080 3477 2168 3526 Pa.
2186 3476 2363 3525 Nescio
2381 3493 2395 3523 ε
2412 3476 2502 3523 nisi
2514 3474 2626 3523 mibi
2638 3472 2771 3522 Deos

1708 3540 1822 3587 satis
1844 3542 1941 3589 scio
1959 3540 2105 3589 fuisse
2125 3541 2265 3614 iratos
2297 3540 2358 3587 A.
2392 3540 2459 3595 iv,
2486 3543 2529 3587 1.
2548 3542 2616 3615 ρο
2650 3536 2771 3613 ‘Ne-

1706 3602 2769 3730 mammeti&ffizzssfsstffi

1708 3732 1795 3780 tibi
1818 3748 1921 3781 sum
1940 3732 2113 3780 oblitus
2144 3731 2307 3789 hodie,
2343 3746 2399 3781 sc
2427 3732 2575 3793 volui,
2612 3731 2769 3779 dicere

1705 3794 1769 3845 A.
1814 3812 1863 3859 v,
1901 3802 1945 3846 1.
1985 3800 2050 3846 22
2102 3795 2281 3844 Nescio
2326 3796 2408 3859 qui
2444 3812 2585 3847 senex
2626 3794 2767 3842 modo

1706 3860 1837 3909 venit
1878 3859 1947 3909 A..
1963 3875 2011 3917 v,
2032 3866 2085 3911 2.
2108 3864 2171 3909 14
2230 3859 2410 3911 Nescio
2432 3861 2547 3924 quid
2568 3859 2764 3913 circum·

1708 3930 1891 3987 spectat
1941 3924 2035 3973 Eu.
2061 3924 2111 3981 ii,
2134 3929 2185 3974 2.
2207 3930 2274 3975 60
2337 3924 2517 3975 Nescio
2552 3924 2667 3987 quid
2706 3924 2768 3971 de

1705 4004 1863 4037 umore
1886 3989 2109 4053 loquitur.
2143 3988 2344 4053 Egone?
2378 3989 2538 4039 neseio
2558 3986 2767 4043 hercule,

1705 4068 1863 4128 neque
1900 4055 2030 4103 uude
2052 4068 2175 4110 eam,
2192 4070 2353 4119 neque
2392 4068 2613 4116 quorsum
2646 4066 2767 4100 eum.

1706 4116 1839 4173 Quid
1861 4118 1879 4165 ?
1914 4118 2045 4183 virgo
2068 4116 2182 4180 cuju
2202 4120 2315 4167 est?
2349 4118 2439 4166 Ch.
2460 4114 2639 4165 Nescio
2662 4115 2766 4162 her-

1704 4184 1780 4231 cle
1851 4181 1946 4231 Eu.
1968 4183 2023 4238 ii.
2045 4187 2094 4231 8.
2115 4188 2163 4232 7.
2180 4187 2265 4233 1³.
2289 4186 2354 4231 29
2413 4179 2609 4235 Nescio,
2644 4179 2764 4242 quid

1704 4246 1921 4309 profecto
1944 4248 2139 4295 absente
2161 4245 2301 4293 nobis
2324 4244 2559 4293 turbatum
2582 4250 2655 4291 est
2678 4244 2767 4290 do·

1704 4310 1787 4360 mi.
1831 4311 1939 4377 Ego
1962 4312 2093 4365 iuum
2114 4310 2271 4363 nescio
2292 4307 2538 4375 quisuerit
2582 4306 2676 4359 Eu.
2697 4305 2763 4369 iv,
