3192 4975
637 428 867 496 -1628

685 587 962 652 imperiose
981 586 1223 653 loquens,
1243 588 1468 655 quisquis
1505 605 1580 672 es.
1604 591 1742 642 Mer.

691 664 1011 714 Casaubonus.

683 791 688 801 ,
751 740 984 802 Satis-pro
999 737 1220 802 imperio]
1243 738 1361 789 Hoc
1383 741 1581 803 legerat
1605 738 1743 789 Rufi·

680 830 810 868 nus.
851 830 968 864 nam
1008 816 1149 879 apud
1187 816 1474 879 Josephum
1513 822 1741 877 vertens,

683 890 1092 955 δεσποτικώτερον,
1136 892 1286 952 dixit,
1313 907 1400 956 pro
1435 892 1652 955 imperio,
1685 892 1738 941 id

679 973 786 1029 est,
817 967 1124 1030 imperiose3
1147 973 1202 1017 et
1224 968 1273 1016 id
1299 968 1504 1031 quidem
1524 968 1739 1029 optime,

683 1049 742 1091 ut
763 1044 926 1093 multa
947 1044 1066 1093 alin.
1129 1043 1218 1093 Sic
1236 1050 1291 1101 et
1314 1044 1506 1093 Livius.
1545 1044 1718 1093 Faber.

681 1148 688 1155 -
710 1132 714 1137 ·
747 1122 812 1167 20
837 1120 980 1182 Cedo,
997 1121 1111 1182 quid
1127 1126 1308 1181 portas,
1339 1120 1524 1169 obsecro
1542 1116 1568 1169 :2
1597 1124 1739 1182 atque

681 1195 736 1243 id
753 1196 796 1243 si
813 1198 964 1259 potes,
985 1194 1330 1259 verbo'eoepedz‘]
1361 1196 1498 1245 Mire
1523 1209 1739 1257 expres·

683 1270 754 1319 sit
775 1268 1018 1321 affectum
1055 1271 1122 1320 de
1166 1274 1353 1320 timore
1395 1270 1737 1334 properantis.

686 1346 816 1394 Cedo
836 1346 948 1409 quid
967 1352 1147 1410 portas,
1165 1348 1381 1397 obsecro?
1414 1349 1506 1409 Ut,
1539 1351 1553 1375 ‘
1569 1347 1626 1395 Si
1650 1362 1736 1396 ve·

683 1435 744 1469 ra
763 1419 948 1483 feram,
981 1422 1022 1471 si
1045 1421 1567 1487 magnarssependam
1604 1422 1737 1471 Nam

669 1495 807 1554 ferre
828 1502 882 1545 et
897 1503 1111 1561 portare,
1127 1498 1193 1548 de
1210 1499 1433 1563 negotiis
1451 1498 1736 1614 majoribus

681 1570 890 1622 dicitur.
926 1572 1168 1624 Donatus.

639 1644 644 1649 “
727 1648 904 1697 Verbo
915 1650 1109 1713 expedi]
1129 1652 1316 1714 Deest,
1336 1664 1456 1701 uno.
1486 1612 1638 1701 Idem.

717 1724 997 1787 .Eloquere]
1028 1725 1199 1775 Aliter
1220 1726 1466 1783 ostendit,
1491 1725 1616 1789 quid
1638 1730 1737 1781 est,

654 1798 818 1862 *verbo
833 1800 1019 1863 expedi,
1036 1800 1260 1849 dicendo
1281 1803 1508 1863 eloquere.
1539 1799 1706 1849 Idem.

682 1923 690 1935 „
744 1874 912 1921 Modo'
932 1876 1058 1937 apud
1087 1874 1299 1937 portum]
1363 1875 1564 1923 Patrem
1617 1873 1739 1930 vidi,

680 1945 915 1997 dicturus
939 1948 1095 2010 Geta,
1119 1954 1414 2011 preventus
1447 1952 1527 1996 est
1556 1946 1622 1997 ab
1657 1961 1739 2010 eo,

679 2036 836 2085 quem
853 2021 1392 2085 timor-intelligentem
1411 2020 1635 2090 fecerat.
1647 2023 1735 2074 Id.

627 2140 639 2143 -
743 2100 897 2164 Hem]
932 2100 1156 2164 Propria
1195 2108 1252 2150 et
1289 2114 1382 2149 sun
1404 2100 1592 2164 cuique
1616 2112 1734 2163 per-

679 2190 823 2225 sonae
858 2176 1122 2227 exhibuit:
1167 2175 1488 2225 celeritatem
1512 2190 1578 2223 ex
1602 2189 1733 2237 pree-

679 2254 823 2316 sngio
857 2254 1108 2303 metuenti
1140 2251 1460 2315 Antiphoni:
1495 2258 1553 2301 et
1575 2250 1735 2300 tardi-

678 2335 840 2378 tatem
877 2330 1176 2379 intellectus
1193 2368 1196 2375 .
1213 2328 1376 2393 quieti
1403 2328 1631 2391 pectoris
1654 2343 1733 2377 se-

677 2418 802 2452 curo
826 2404 1103 2451 Phaedriae.
1136 2403 1286 2453 Idem.

741 2484 806 2530 22
843 2476 1166 2544 Quidvugam]
1216 2479 1335 2530 Jam
1360 2476 1451 2527 fiet
1475 2476 1731 2542 Antipho,

678 2564 734 2604 et
757 2556 921 2620 udhuc
941 2570 1043 2605 non
1062 2555 1312 2618 intelligit
1336 2555 1595 2605 Phaedria.
1629 2555 1708 2604 Id.

741 2633 907 2694 Hujus
943 2637 1130 2695 patrem
1167 2631 1340 2680 vidisse
1381 2645 1474 2691 me,
1508 2635 1734 2692 patruum

676 2707 832 2771 tumn]
869 2707 1004 2757 Mire
1038 2706 1206 2756 Poeta
1239 2705 1534 2768 Antiphoni¹
1564 2706 1731 2754 minus

675 2796 829 2846 quam
850 2788 1080 2845 oportet,
1095 2788 1150 2830 et
1167 2780 1422 2830 Phaedriae
1440 2781 1556 2844 plus
1575 2793 1729 2843 quam
1744 2803 1757 2818 ν

563 2863 570 2872 ’
673 2863 906 2920 oportet,
947 2856 1074 2908 facit
1114 2857 1255 2920 loqui
1291 2857 1564 2909 nuntium.
1634 2855 1731 2904 Ille

567 2959 576 2965 -
673 2933 808 2980 enim
851 2946 985 2994 pene
1039 2932 1240 2996 divinat
1285 2945 1350 2980 ex
1394 2938 1556 2994 metu,
1593 2930 1730 2980 bunc

673 3007 882 3055 tardum
905 3007 1157 3055 securitas
1178 3006 1323 3056 facit.
1364 3006 1515 3055 Idem.

737 3083 903 3144 Huius
940 3088 1128 3146 patrem
1165 3083 1342 3132 vidisse
1381 3097 1472 3138 me,
1506 3087 1730 3144 patruum

671 3159 830 3221 tuum]
865 3159 1060 3207 Reddit
1091 3159 1302 3221 utrique
1329 3157 1594 3219 proprium
1621 3172 1635 3204 ε
1672 3164 1729 3206 ut

673 3240 728 3281 et
749 3233 835 3282 ille
868 3232 957 3296 qui
990 3233 1226 3288 timebat,
1260 3233 1440 3294 paucis
1475 3230 1730 3295 intellige·

671 3313 756 3360 ret
775 3327 788 3354 ι
811 3315 867 3357 et
897 3307 983 3355 ille
1005 3307 1091 3370 qni
1109 3321 1320 3356 securus
1338 3310 1472 3368 erut,
1493 3306 1729 3368 pluribus

675 3383 997 3435 edoceretur.
1031 3383 1180 3432 Idem.

687 3493 698 3499 -
737 3462 801 3508 23
837 3458 968 3506 Nom
989 3459 1110 3521 quod
1145 3473 1232 3518 ego
1259 3459 1368 3507 huic
1395 3473 1519 3506 nune
1547 3459 1727 3524 subito]

673 3535 803 3584 Nam
845 3541 936 3584 aut
969 3535 1296 3598 subjunctive
1325 3535 1625 3598 conjunctio
1646 3543 1730 3584 est

670 3610 924 3673 superiori
945 3611 1108 3671 dicto,
1142 3610 1278 3674 qnod
1303 3611 1394 3670 ait,
1415 3611 1526 3673 quid
1545 3625 1687 3672 agam
1702 3607 1728 3660 1²

669 3693 762 3735 aut
811 3684 1082 3749 ἂναστροφὴ
1125 3694 1218 3736 est.
1285 3685 1416 3734 Nam
1458 3689 1599 3748 quod,
1634 3699 1727 3748 pro

669 3764 916 3826 quodnam.
949 3762 1118 3812 Idem.

699 3877 704 3884 .
735 3837 868 3888 Huic
886 3839 1040 3888 subito
1062 3839 1212 3894 exitio
1232 3835 1508 3897 remedium]
1543 3835 1727 3898 Subito,

669 3917 725 3960 et
748 3912 1072 3970 adverbium,
1095 3921 1151 3961 et
1171 3927 1358 3960 nomen
1380 3919 1478 3960 est.
1515 3913 1530 3940 ‘
1545 3913 1724 3962 -Quum

667 3986 838 4036 subito
855 4001 1125 4050 assurgens
1141 3985 1304 4036 fluctu
1323 3987 1582 4038 nimbosus
1608 3987 1725 4035 Ori-

668 4060 774 4109 on.’
810 4062 962 4112 Idem.
1533 4103 1538 4110 .

734 4136 979 4186 Inveniam
1021 4137 1186 4199 miser]
1227 4137 1397 4196 Quum
1435 4149 1522 4196 ego
1565 4151 1725 4198 supra

669 4209 879 4273 dixerit,
917 4214 1177 4274 ἐμφαντικῶς
1209 4211 1430 4274 addidit,
1450 4206 1613 4260 miser.=
1643 4212 1723 4261 Id.

678 4295 696 4338 ¹.
731 4290 798 4342 24
835 4289 971 4347 Quod
992 4291 1036 4340 si
1057 4303 1110 4341 eo
1131 4305 1245 4344 meoe
1263 4289 1479 4352 fortuna
1501 4287 1721 4356 redeunt]

1381 450 1594 499 No'rAE
1645 432 2039 502 vunonem
2090 452 2169 503 m
2202 454 2205 459 ·

1818 592 2037 655 Tragice
2073 600 2271 643 ametor
2296 594 2393 643 hoc
2416 595 2681 657 negotium
2704 594 2869 651 fortu-

1818 682 1910 717 nas
1928 681 2103 717 omnes
2125 670 2260 719 dixit
2278 684 2411 719 esse.
2450 670 2601 719 Idem.

1880 746 2111 795 Fortunoe
2153 746 2371 808 redeunt]
2440 747 2584 795 Bene
2635 749 2866 798 redeunt·
2848 784 2862 798 .

1815 822 1960 884 quasi
1974 822 2030 870 -in
2057 822 2226 885 pejus,
2241 829 2299 871 >et
2319 836 2348 869 a
2370 836 2611 885 processu
2632 831 2793 887 retro,
2812 830 2869 874 et

1816 896 1870 943 in
1894 895 2149 945 deterius.·
2176 896 2328 947 Idem.

1822 992 1827 997 ·
1878 972 2139 1033 Phanium,
2160 972 2245 1021 abs
2268 978 2313 1022 te
2334 978 2387 1023 ut
2404 974 2668 1036 distrahar]
2714 974 2873 1025 Ama·

1815 1046 1950 1096 ‚toria
1970 1042 2297 1109 προσφώνησις
2316 1063 2409 1111 per
2428 1047 2746 1111 ἀποστροφήν.
2784 1050 2869 1102 Id.

1877 1123 1981 1172 Abs
1996 1129 2045 1173 te
2060 1130 2115 1173 ut
2136 1125 2402 1189 distrahar]
2436 1127 2557 1176 Non
2574 1127 2727 1190 dixit,
2741 1130 2774 1176 ὀ
2794 1142 2871 1177 me

1812 1200 2095 1249 detraheris.
2164 1201 2237 1250 Et
2257 1202 2376 1249 vide
2408 1201 2621 1251 verbum
2654 1202 2759 1251 vim
2784 1217 2873 1253 co·

1813 1274 2059 1323 haerentis
2079 1275 2369 1327 ostendere.
2401 1274 2553 1326 Idem.

1876 1354 1939 1397 25
1966 1350 2126 1399 Noua
2163 1356 2235 1400 est
2277 1340 2401 1399 mihi
2441 1352 2577 1399 vita
2572 1351 2871 1415 expetenda]

1814 1424 1965 1473 Nulla
1985 1439 2078 1488 pro
2097 1441 2206 1473 non.
2250 1424 2360 1475 Aut
2374 1426 2549 1473 nullius
2566 1425 2868 1477 conditionis.

1812 1499 1959 1563 quasi
1982 1499 2144 1561 dicat,
2179 1500 2264 1549 Ne
2294 1498 2508 1549 deorum
2532 1500 2740 1565 quidem
2764 1502 2871 1549 vita

1811 1573 1934 1622 mihi
1956 1574 2120 1623 dulcis
2146 1586 2225 1625 est
2250 1576 2361 1625 sine
2386 1581 2459 1625 te.
2492 1576 2643 1625 Idem.
2797 1566 2805 1571 ⁵

1860 1650 2031 1699 ·Nulla
2063 1655 2140 1699 est
2156 1650 2275 1699 milii
2294 1652 2397 1699 vita
2418 1650 2705 1715 expetenda]
2744 1651 2869 1703 Sine

1810 1721 2031 1773 Phanio.
2066 1725 2221 1774 Idem.

1872 1802 1940 1847 26
1976 1798 2129 1849 Tanto
2164 1801 2320 1862 magis
2356 1804 2404 1849 te
2433 1798 2723 1863 advigilare]
2786 1801 2870 1851 Aa

1810 1872 1911 1921 vim
1948 1875 2207 1923 auctivam
2238 1890 2381 1924 nunc
2401 1876 2589 1926 babet:
2627 1884 2687 1927 ut
2702 1878 2871 1927 adlau-

1809 1946 1985 2007 dabile,
2005 1948 2301 1998 admirabile.
2336 1950 2503 1999 Idem.

1874 2019 2042 2072 Fortis
2096 2024 2315 2079 Fortuna
2357 2026 2575 2089 adiuvat]
2617 2028 2869 2091 Παροιμία.

1813 2097 1883 2145 Et
1944 2098 2092 2179 fortis
2136 2100 2467 2157 accusativus
2510 2105 2725 2181 pluralis
2769 2114 2866 2155 est.

1811 2171 1961 2221 Idem.

1876 2248 2049 2297 Fortes
2070 2250 2285 2301 Fortuna
2304 2252 2522 2316 adiuvat]
2541 2254 2865 2303 Sententiam

1809 2322 1941 2372 hanc
1980 2325 2249 2387 proverbii.
2276 2328 2387 2377 vice
2428 2329 2611 2377 Cicero
2646 2344 2762 2379 cum
2786 2332 2868 2379 ἑλ-

1808 2397 1961 2460 helihel
1998 2398 2150 2448 effert
2188 2416 2273 2451 ιιι.
2311 2401 2378 2451 de
2438 2404 2674 2454 Finib.4.
2722 2408 2738 2431 ⁴
2760 2406 2865 2455 Sed

1808 2474 2032 2525 Fortuna
2055 2474 2238 2528 fortes.
2262 2493 2421 2542 quare
2445 2493 2635 2528 conare
2654 2482 2867 2544 quaesuo?

1808 2564 1925 2600 cum
1944 2551 2293 2616 explicatione
2311 2567 2374 2602 ιι.
2387 2553 2598 2602 Tuscul.
2618 2559 2667 2604 4.
2683 2571 2696 2603 ε
2714 2557 2868 2604 ‘For-

1808 2632 1887 2675 tes
1908 2629 2042 2677 enim
2066 2643 2165 2676 non
2192 2628 2341 2678 modo
2376 2630 2604 2680 Fortuna
2632 2631 2866 2694 adjuvat,

1807 2708 1867 2750 ut
1888 2709 1971 2752 est
1990 2704 2043 2752 in
2066 2711 2245 2753 vetere
2270 2706 2562 2767 proverbio,
2580 2707 2670 2755 sed
2701 2709 2865 2764 multo
2964 2714 2971 2720 “

1806 2780 1969 2842 magis
2013 2780 2165 2842 ratio,
2208 2795 2325 2844 quae
2369 2780 2672 2844 quibusdam
2716 2783 2864 2847 qnasi

1809 2870 1981 2917 praece
1989 2859 2089 2919 ptis
2108 2855 2380 2905 confirmat
2396 2857 2495 2904 vim
2507 2855 2866 2909 fortitudinia.¹

1807 2931 1994 2983 Qualia
2036 2931 2124 2994 qui
2153 2937 2357 2993 Amat,⁵
2380 2932 2683 2997 plerumque
2722 2935 2865 2998 apud

1804 3006 1925 3056 Joh.
1963 3005 2240 3056 Weitzium
2290 3006 2570 3070 diligenter
2614 3007 2866 3072 congesta

1806 3081 2052 3143 reperiet.
2094 3081 2257 3129 nostri
2292 3081 2430 3129 enim
2464 3081 2693 3133 instituti
2729 3086 2865 3134 ratio

1804 3155 1928 3202 illuc
1970 3168 2071 3202 non
2111 3155 2355 3217 pertinet.
2392 3157 2528 3219 quod
2564 3160 2721 3208 semel
2755 3175 2864 3208 mo-

1804 3231 2028 3278 nendum
2049 3236 2147 3280 est.
2181 3232 2440 3280 Boeelerus.

1870 3305 2041 3354 Fortes
2062 3307 2278 3356 Fortuna
2298 3307 2517 3371 adiuvat]
2561 3310 2684 3358 Sall.
2703 3310 2735 3337 ‘
2742 3311 2862 3360 Non

1806 3384 1939 3432 votis
1992 3399 2160 3448 neque
2205 3387 2475 3450 suppliciis
2522 3388 2861 3448 muliebribus

1803 3460 1995 3508 auxilia
2028 3460 2242 3510 deorum
2278 3469 2541 3524 parentur.
2578 3464 2865 3527 vigilando,

1802 3535 2024 3598 agendo,
2068 3535 2199 3584 bene
2236 3538 2570 3600 consulendo,
2610 3553 2863 3604 prospere

1804 3611 1974 3659 omnia
2018 3610 2227 3659 cedunt.
2280 3611 2368 3660 ubi
2408 3613 2659 3662 socordiae
2701 3623 2863 3680 atque

1802 3684 2021 3752 ignaviae
2074 3689 2127 3731 te
2173 3683 2466 3741 tradideriS,
2522 3688 2859 3752 nequicquam

1802 3758 1928 3807 deos
1950 3757 2192 3820 implores
2213 3775 2225 3806 ε
2271 3759 2390 3808 irati
2414 3759 2693 3824 infestique
2710 3764 2862 3814 sunt.’

1803 3833 1905 3881 Οὔκ
1940 3830 2005 3880 ἔνι
2040 3832 2079 3878 δ’
2113 3829 2172 3880 αὖ
2200 3831 2283 3880 τὸν
2312 3833 2548 3896 ἀργοῦντα
2578 3835 2684 3886 οὐδὲ
2705 3836 2863 3900 φίλοις

1802 3905 2069 3957 ἐπιτάττειν
2098 3906 2211 3972 ὑπὲρ
2240 3909 2382 3957 αὐτοῦ
2406 3929 2456 3959 τι
2478 3915 2644 3974 ποιεῖν,
2664 3913 2779 3973 μήτι
2799 3931 2860 3975 γε

1800 3985 1901 4033 τοῖς
1922 3986 2057 4032 θεοῖς.
2094 3985 2219 4032 Mer.
2246 3985 2564 4037 casaubonus.

1866 4065 1945 4112 27,
1966 4061 2079 4108 Non
2099 4075 2205 4110 sum
2223 4063 2347 4124 apud
2367 4062 2461 4124 me]
2498 4062 2561 4110 Id
2586 4063 2777 4127 agitur,
2800 4073 2859 4115 ut

1800 4150 1957 4200 supra
1978 4135 2219 4192 diximus,
2246 4137 2675 4200 quemadmodum
2710 4139 2861 4198 Anti..

1800 4213 1901 4276 pho
1943 4225 2169 4274 praesens
2212 4226 2313 4260 non
2358 4206 2456 4261 sit:
2498 4228 2649 4276 quem
2684 4226 2857 4276 neque

1799 4286 2045 4338 convenit
2080 4293 2265 4339 contra
2311 4292 2511 4350 patrem
2548 4288 2741 4356 aliquid
2778 4289 2857 4341 di.
