3192 4975
1285 436 1366 486 nt
1411 434 1889 487 Tuannvmar.

469 598 596 643 nem,
619 584 788 637 rom!
824 584 948 635 bona
968 584 1160 637 memini
1190 585 1348 635 videre
1379 585 1446 635 A.
1465 586 1516 643 il,

469 658 521 703 5.
549 655 607 701 17
658 651 706 699 Is
727 650 807 699 ubi
827 651 950 699 hanc
981 651 1130 698 forma
1165 652 1294 699 ridet
1324 653 1519 699 honesta

469 716 692 778 virginem
745 714 838 763 Eu.
873 715 908 770 i,
943 720 992 765 2.
1029 720 1094 764 52
1147 715 1338 763 Summa
1372 716 1520 763 forma

470 794 954 893 gemaechonsergam
976 779 1106 890 ‹liomi
1125 780 1305 891 ’'532¹’st
1353 778 1447 829 Eu.
1467 780 1520 835 ii,

503 876 518 893 .
688 859 816 891 orma
850 857 915 891 un
954 859 1042 893 usi
1072 859 1160 892 nos
1231 860 1354 900 ,nos
1390 858 1517 892 ama-

469 914 590 955 tores
610 908 776 957 colunt
807 858 952 956 Hes?
955 908 1004 965 ii,
1027 912 1076 957 4.
1099 913 1132 957 9
1186 908 1364 957 Mulier
1389 924 1519 957 com·

467 972 623 1023 moda.
655 973 742 1036 Sy.
765 973 830 1020 Et
841 972 1032 1035 quidem
1046 971 1200 1021 hercle
1219 973 1368 1021 forma
1385 972 1520 1021 lucu·

468 1036 596 1085 lenta
643 1037 768 1087 Hea.
790 1038 858 1093 iii,
877 1041 930 1087 2.
954 1040 1016 1086 12
1065 1036 1152 1095 Ut,
1173 1039 1222 1085 ni
1246 1038 1316 1085 vis
1337 1037 1447 1085 boni
1466 1037 1520 1085 in

467 1101 575 1163 ipsa
595 1100 771 1149 inesset
805 1101 954 1149 forma
991 1101 1089 1150 Ph.
1113 1102 1148 1163 i,
1169 1106 1220 1151 2.
1243 1107 1306 1151 58
1355 1102 1522 1150 'radet

466 1164 844 1228 quotidianarum
865 1166 1027 1213 hamm
1063 1166 1308 1215 formarum
1355 1167 1446 1215 Eu.
1467 1165 1520 1223 ii,

467 1233 515 1277 3.
540 1234 574 1278 6
605 1228 728 1277 Cum
747 1230 904 1292 ipsum
919 1246 993 1277 me
1009 1230 1153 1287 noris,
1203 1246 1308 1279 uam
1329 1233 1521 1295 elegans

466 1292 714 1343 formarum
736 1300 970 1356 spectator
987 1295 1136 1342 siem?
1215 1311 1262 1344 u.
1285 1294 1358 1352 iii,
1385 1302 1433 1345 5.
1460 1298 1520 1345 18

533 1357 895 1407 Formidolosus.
937 1358 1070 1407 Num
1085 1359 1414 1408 formidolosus
1435 1359 1522 1406 ob·

469 1436 600 1470 secto
621 1438 688 1484 es,
709 1426 771 1470 mi
792 1424 969 1471 homo?
1003 1423 1094 1474 Ch.
1116 1424 1269 1489 Egon’
1293 1423 1520 1473 formido-

467 1486 634 1534 losus?
667 1486 758 1537 Eu.
779 1487 845 1549 iv,
864 1491 916 1536 6.
941 1492 1020 1537 18.
1058 1492 1120 1538 19

532 1549 794 1609 Formosus,
837 1566 884 1608 a,
923 1568 1022 1601 nm.
1129 1550 1270 1600 Vah!
1343 1556 1522 1615 quanto

467 1629 594 1663 nunc
614 1616 856 1664 formosior
889 1616 1048 1667 videre
1088 1616 1219 1681 mihi,
1252 1630 1394 1680 quam
1431 1615 1519 1663 du·

467 1680 612 1727 dum!
644 1679 734 1729 Eu.
756 1682 823 1738 iv,
846 1687 894 1729 6.
913 1685 946 1730 4

532 1742 662 1795 Fors.
695 1744 810 1793 Fors
830 1745 1032 1793 fortuna.
1105 1743 1410 1793 Incommode
1431 1743 1524 1792 illis

471 1806 566 1855 fors
587 1809 818 1858 obtulerat
837 1810 1090 1857 adventum
1126 1824 1282 1857 meum
1331 1809 1426 1859 He.
1449 1809 1524 1866 iii,

468 1874 519 1919 3.
545 1877 607 1921 10
656 1873 872 1938 Quaeque
903 1875 996 1921 sors
1016 1874 1204 1925 fortuna
1237 1882 1328 1931 est,
1361 1874 1524 1937 inquit

469 1935 564 1984 He.
587 1936 658 1992 iii,
681 1944 726 1987 3.
748 1943 815 1987 26
858 1939 972 1987 Fors
990 1938 1094 1985 fuat
1121 1938 1235 2001 pol!
1271 1938 1367 1987 He.
1387 1939 1452 1993 iv,
1475 1942 1522 1987 3.

467 2003 500 2048 4
547 2000 692 2057 Quod
713 2003 806 2049 fors
826 2002 960 2057 feret,
981 2003 1182 2050 feremus
1205 2018 1340 2066 oequo
1364 2003 1520 2051 animo

471 2064 562 2114 Ph.
583 2066 621 2121 i,
643 2070 691 2115 2.
713 2071 776 2116 88
811 2067 855 2115 Ο
879 2067 1094 2114 fortuna!
1137 2082 1166 2113 ο
1187 2068 1282 2114 fors
1303 2068 1490 2115 fortuna
1509 2065 1521 2113 l

471 2128 566 2176 Ph.
589 2146 636 2185 v,
653 2134 702 2177 6.
725 2136 752 2179 1
802 2130 941 2179 Forte
962 2132 1148 2179 fortuna
1168 2132 1305 2178 affuit
1326 2132 1402 2179 hic
1426 2146 1523 2177 me-

469 2208 526 2239 us
565 2194 742 2241 amicus
806 2194 900 2243 Eu.
919 2195 957 2252 i,
977 2199 1027 2244 2.
1051 2200 1114 2243 54
1163 2195 1300 2241 Forte
1339 2197 1524 2243 fortuna

468 2257 598 2304 domi
625 2265 724 2305 erat
745 2260 938 2322 quidam
961 2259 1217 2307 Eunuchus
1266 2258 1358 2307 Eu.
1383 2259 1454 2323 iii,
1475 2264 1524 2307 5.

537 2383 728 2434 Forsan.
759 2387 986 2437 Forsitan.
1005 2418 1020 2442 2
1048 2386 1239 2451 Aliquis
1270 2388 1424 2435 forsan
1447 2400 1523 2435 me

471 2456 608 2562 Putet
644 2466 739 2500 non
773 2461 936 2517 putare
956 2454 1046 2502 hoc
1069 2468 1226 2500 verum
1265 2451 1327 2501 A.
1349 2468 1397 2514 v,
1417 2456 1464 2501 5.
1493 2455 1518 2501 1

511 2514 682 2563 orsitan
704 2518 782 2565 hic
804 2519 918 2566 mihi
949 2533 1137 2582 parvam
1172 2519 1346 2566 habeat
1381 2518 1520 2565 fidem

473 2577 567 2629 Eu.
591 2578 628 2642 i,
649 2584 697 2629 2.
722 2587 815 2632 117
849 2583 1060 2632 Forsitan
1081 2597 1168 2630 nos
1187 2583 1382 2645 rejiciat.
1432 2581 1522 2630 Ph.

471 2641 536 2700 iv,
559 2649 606 2692 5.
628 2650 657 2692 5

537 2706 768 2758 Fortasse.
831 2708 1027 2758 Forma!
1061 2711 1142 2759 So.
1167 2710 1307 2758 Bona
1326 2710 1522 2756 fortasse

471 2769 535 2821 A.
557 2771 596 2826 i.
623 2777 666 2821 1.
689 2778 753 2822 92
801 2774 1010 2822 Detineo
1033 2783 1081 2822 te
1101 2775 1294 2822 fortasse
1343 2772 1436 2820 Eu.
1469 2772 1523 2827 ii,

473 2839 523 2885 2.
546 2840 611 2885 49
655 2836 716 2884 In
736 2837 863 2886 diem
883 2839 1004 2886 istuc
1038 2846 1112 2886 est
1149 2838 1359 2892 fortasse,
1395 2836 1524 2899 quod

471 2899 687 2947 minitare
719 2902 809 2950 Eu.
831 2918 876 2959 v,
897 2908 947 2952 7.
971 2906 1032 2952 19
1075 2901 1148 2949 Tu
1187 2902 1398 2956 fortasse,
1417 2914 1528 2960 quae

473 2963 600 3010 facta
619 2964 696 3011 hle
717 2966 828 3026 sint,
849 2966 1000 3014 nescis
1048 2965 1142 3013 Eu.
1163 2981 1210 3026 v,
1231 2970 1280 3014 9.
1305 2968 1365 3012 31
1414 2963 1526 3010 For-

475 3033 597 3074 tasse
629 3027 918 3091 aliquantum
953 3029 1160 3091 iniquior
1189 3035 1289 3076 erat
1346 3027 1470 3076 Hea.
1489 3027 1526 3083 i,

475 3095 524 3140 2.
545 3095 608 3139 27
662 3093 737 3140 Tu
761 3095 970 3151 fortasse,
999 3093 1115 3158 quid
1153 3109 1227 3140 me
1263 3092 1363 3148 fiat,
1395 3090 1527 3155 parvi

473 3155 661 3218 pendis,
683 3158 798 3204 dum
846 3158 967 3206 Hea.
989 3157 1055 3214 iv,
1077 3161 1126 3206 3.
1149 3161 1210 3206 37
1261 3155 1362 3203 Hui
1382 3155 1392 3202 !
1435 3163 1526 3202 tar-

473 3221 562 3270 dus
585 3235 651 3268 es.
684 3223 774 3271 Ch.
793 3221 1000 3271 Fortasse
1034 3222 1158 3272 Hea.
1177 3222 1245 3282 iv,
1261 3227 1310 3270 5.
1330 3224 1396 3268 29
1429 3219 1526 3266 Lu-

475 3284 551 3331 dis
571 3286 764 3334 fortasse
785 3303 861 3336 me
907 3287 1029 3335 Hea.
1050 3287 1113 3342 iv,
1135 3291 1184 3335 6.
1205 3290 1268 3335 20
1312 3284 1526 3332 Fortasse

475 3349 748 3397 excludetur
765 3351 888 3399 foras
919 3350 1018 3401 Ad.
1042 3351 1078 3411 i,
1097 3355 1145 3399 2.
1168 3354 1232 3398 39
1263 3348 1412 3396 Aliud
1433 3350 1524 3396 for-

475 3419 599 3478 tasse
616 3413 721 3462 aliis
737 3417 842 3468 vitii
857 3423 929 3464 est
960 3415 1054 3463 He.
1075 3414 1130 3476 ii,
1144 3419 1197 3467 2.
1213 3419 1278 3464 28
1315 3413 1527 3460 Fortasse

476 3492 621 3544 unum
659 3479 852 3542 aliquod
896 3481 1085 3530 verbum
1129 3480 1248 3526 inter
1290 3493 1370 3525 eas
1411 3478 1526 3528 iram

471 3543 596 3608 lianc
612 3545 863 3592 conciverit
891 3543 989 3594 He..
999 3544 1070 3606 iii,
1095 3547 1139 3591 1.
1162 3546 1224 3592 33
1260 3541 1449 3588 Audisti
1469 3557 1526 3588 ex

477 3605 638 3669 aliquo
674 3609 882 3658 sortasse·
915 3608 1010 3658 He.
1033 3610 1102 3669 ir,
1127 3611 1172 3656 1.
1195 3611 1256 3656 35
1292 3605 1434 3662 Quod
1457 3606 1528 3652 sa·

477 3670 702 3718 ciendum
739 3674 932 3722 fortasse
968 3674 1028 3720 sit
1062 3679 1173 3735 post
1215 3671 1312 3722 He.
1334 3671 1400 3727 iv,
1422 3673 1472 3718 3.
1496 3673 1526 3718 3

477 3731 594 3780 Non
625 3736 821 3784 multum
842 3739 1002 3798 habet,
1037 3737 1167 3800 quod
1203 3737 1302 3791 det,
1334 3734 1528 3782 fortasse

478 3798 572 3850 Ph.
592 3798 628 3854 i,
651 3803 698 3848 2.
720 3805 784 3850 06
816 3801 894 3848 De
907 3803 1072 3849 eadem
1093 3803 1181 3850 hac
1203 3801 1396 3848 fortasse
1417 3813 1529 3846 cau-

477 3875 534 3910 sa
577 3862 670 3913 Ph.
692 3880 739 3921 v,
761 3870 808 3914 7.
831 3869 861 3914 7
911 3865 1012 3913 Vos
1031 3881 1106 3914 me
1127 3865 1354 3914 indotatis
1388 3863 1530 3910 modo

476 3927 761 3990 patrocinari
793 3928 986 3977 fortasse
1021 3929 1306 3978 arbitramini
1355 3927 1446 3976 Ph.
1484 3943 1530 3984 v,

541 4055 698 4107 Forte.
760 4057 919 4117 Forte,
954 4057 1022 4104 ita
1050 4063 1104 4104 nt
1135 4057 1212 4116 sit,
1244 4056 1394 4104 filium
1427 4069 1531 4118 per-

479 4120 656 4170 duxere
692 4123 808 4172 illuc
873 4122 940 4169 A.
961 4122 998 4184 i,
1023 4125 1070 4170 1.
1092 4125 1156 4170 53
1211 4121 1349 4169 Forte
1389 4135 1532 4166 unam

479 4186 658 4249 aspicio
677 4187 1102 4246 adolescentulam,
1117 4185 1291 4233 forma!
1343 4184 1408 4234 A.
1428 4185 1462 4241 i,
1487 4188 1535 4233 1.

483 4254 550 4300 91
600 4252 740 4302 Forte
759 4252 830 4300 ibi
851 4250 993 4314 hujus
1015 4251 1154 4299 video
1173 4248 1422 4313 Byrrhiam
1471 4247 1535 4294 A.

485 4313 541 4377 ii,
561 4317 612 4363 2.
630 4319 696 4366 20
727 4315 934 4366 Βῖὶοηε
955 4329 1076 4380 opus
1097 4315 1158 4364 sit
1176 4316 1238 4363 ad
1257 4315 1418 4372 herum
1429 4311 1534 4376 jus·

2430 421 2651 489 cxxxi

1588 584 1846 649 jurandum
1879 583 1999 635 mihi
2047 584 2107 636 A.
2131 586 2195 644 iv,
2217 591 2267 637 3.
2289 590 2351 638 13
2403 586 2525 637 Tum
2566 586 2649 639 tuo

1594 651 1926 778 :razaza
1944 650 2389 766 ².¹2¹’¹¹2“.⁹2³'”;¹{⁰
2410 653 2651 769 aaa:

1593 788 1769 837 custos,
1793 796 1853 828 ue
1876 780 1984 843 quis
2006 780 2124 829 forte
2146 780 2457 829 internuntius
2474 782 2599 831 clam
2619 798 2653 833 a

1593 844 1741 892 milite
1776 844 1837 893 ad
1865 844 2003 892 istam
2037 844 2266 893 cursitet?
2330 845 2419 893 Eu.
2440 846 2493 908 ii,
2515 851 2563 895 2.
2585 853 2651 897 56

1594 906 1734 957 Forte
1770 908 1915 957 habui
1950 916 2152 957 scortum
2206 909 2297 957 Eu.
2318 908 2392 972 iii,
2414 913 2461 961 1.
2482 914 2546 959 34
2600 913 2653 961 81

1595 972 1817 1022 Chremes
1836 973 1931 1021 hue
1951 973 2073 1023 forte
2092 974 2349 1031 advenerit,
2374 979 2427 1021 ut
2466 973 2559 1025 Eu.
2582 974 2653 1033 111,

1593 1041 1644 1086 2.
1660 1040 1726 1088 48
1774 1036 1885 1086 Nisi
1904 1037 1945 1088 si
1966 1038 2049 1085 illa
2070 1038 2209 1101 forte,
2228 1039 2350 1087 hanc
2374 1054 2425 1087 se
2446 1038 2655 1089 intendit

1594 1116 1697 1150 esse
1728 1100 1819 1149 Eu.
1842 1101 1909 1156 iii.
1930 1106 1977 1151 3.
2000 1106 2063 1152 18
2114 1101 2221 1150 Nisi
2242 1102 2284 1151 si
2304 1104 2496 1151 domum
2532 1103 2653 1153 sorte

1593 1166 1655 1213 ad
1674 1182 1761 1213 nos
1775 1166 1915 1217 rediit
1946 1166 2039 1215 Eu.
2061 1166 2125 1231 iv,
2142 1170 2190 1216 3.
2211 1171 2273 1217 21
2309 1166 2464 1215 Etiam
2484 1168 2655 1215 caves?

1594 1243 1657 1278 ne
1678 1230 1838 1279 videat
1858 1230 1979 1279 forte
2013 1231 2123 1281 hinc
2162 1238 2209 1279 te
2242 1245 2271 1278 a
2309 1238 2442 1295 patre
2482 1231 2651 1295 aliquis

1593 1294 1755 1342 exiens
1786 1295 1911 1343 Hea.
1932 1295 1987 1352 ii,
2010 1300 2058 1345 2.
2080 1300 2113 1345 6
2143 1294 2319 1343 Alteras
2341 1295 2455 1343 dum
2478 1304 2651 1352 narrat.

1595 1359 1715 1407 forte
1738 1360 1899 1408 audivi
1948 1358 2069 1411 Hea.
2089 1360 2145 1417 ii,
2168 1364 2217 1409 3.
2240 1364 2300 1409 31
2354 1360 2448 1407 Hic
2470 1360 2511 1408 si
2534 1362 2651 1419 quid

1595 1424 1731 1471 nobis
1746 1424 1865 1471 forte
1888 1424 2069 1473 adversi
2084 1424 2291 1473 evenerit
2351 1424 2473 1473 Hea.
2512 1424 2563 1480 ii,
2601 1429 2649 1474 3.

1511 1492 1529 1515 ’
1597 1491 1693 1537 114
1726 1488 1774 1536 Si
1794 1488 1910 1551 quid
1932 1488 2071 1551 hujus
2087 1488 2239 1537 simile
2254 1488 2372 1536 forte
2396 1489 2651 1551 aliquando

1595 1553 1804 1601 evenerit
1825 1552 1947 1601 Hea.
1962 1552 2035 1609 iii,
2058 1559 2107 1603 2.
2128 1557 2193 1602 40
2215 1552 2359 1609 Nam,
2380 1560 2430 1599 ut
2440 1568 2653 1601 numera·

1596 1617 1735 1665 batur
1763 1618 1883 1664 forte
1916 1624 2173 1681 argentum,
2207 1618 2459 1665 intervenit
2510 1618 2651 1665 homo

1594 1679 1697 1731 Ad.
1722 1682 1795 1739 iii,
1818 1686 1867 1730 3.
1890 1686 1953 1730 52
2016 1682 2068 1730 Si
2106 1683 2227 1729 forte
2269 1682 2410 1729 frater
2446 1682 2651 1739 redierit,

1596 1745 1697 1793 viso
1746 1746 1839 1795 Ad.
1860 1746 1926 1803 iv,
1948 1750 1997 1798 2.
2018 1750 2081 1795 10
2114 1746 2243 1794 Hinc
2266 1746 2385 1793 forte
2408 1762 2477 1793 ea·
2487 1748 2545 1793 ad
2566 1747 2651 1793 ob-

1595 1810 1827 1859 stetricem
1851 1817 1950 1857 erat
1970 1810 2109 1858 missa
2138 1810 2233 1858 Ad.
2257 1810 2325 1871 iv,
2341 1814 2391 1860 4.
2409 1815 2440 1859 8
2459 1808 2536 1857 Ne
2556 1810 2650 1857 for-

1596 1880 1645 1921 te
1667 1875 1935 1939 imprudens
1956 1874 2143 1932 faciam,
2164 1876 2292 1939 quod
2317 1873 2435 1921 nolit
2466 1873 2563 1922 Ad.
2586 1876 2653 1931 iv,

1595 1944 1645 1987 5.
1665 1943 1727 1989 77
1763 1938 1909 1995 Illud,
1933 1940 2061 2002 quod
2084 1940 2257 1987 cecidit
2292 1939 2429 1995 forte,
2466 1938 2519 1987 id
2552 1946 2651 1987 arte

1595 2010 1651 2050 ut
1670 2004 1871 2067 corrigas
1903 2004 1998 2053 Ad.
2020 2004 2085 2060 iv,
2106 2009 2155 2053 7.
2178 2008 2240 2053 23
2292 2002 2349 2050 Id
2370 2004 2408 2050 si
2430 2004 2549 2050 sorte
2562 2010 2653 2059 est,

1597 2069 1755 2115 nescio
1830 2067 1925 2117 He.
1946 2067 2019 2123 iii,
2044 2073 2089 2116 1.
2109 2073 2171 2116 41
2220 2067 2271 2114 Si
2308 2067 2428 2113 forte
2467 2067 2653 2114 morbus

1596 2132 1794 2193 amplior
1813 2131 1966 2179 factus
1988 2131 2077 2179 siet
2110 2131 2201 2177 He.
2224 2131 2295 2187 iii,
2320 2135 2368 2179 1.
2394 2135 2457 2178 50
2494 2131 2589 2177 Sed
2612 2131 2652 2177 si

1595 2194 1703 2257 quis
1745 2194 1867 2241 forte
1898 2194 2079 2245 malitia
2110 2195 2256 2241 fretus
2290 2208 2374 2240 sua
2419 2192 2509 2241 Ph.
2530 2194 2584 2255 ii,
2606 2200 2654 2243 1.

1593 2262 1660 2307 43
1696 2258 1790 2306 Ubi
1814 2257 1910 2305 abii
1932 2258 2015 2303 abs
2026 2264 2090 2317 te,
2110 2256 2167 2304 fit
2181 2256 2305 2305 forte
2328 2256 2513 2304 obviam
2538 2257 2657 2305 mihi

1597 2323 1821 2371 Phormio
1878 2322 1969 2369 1²11.
1990 2321 2054 2378 iv,
2078 2325 2124 2369 3.
2149 2326 2211 2371 12
2284 2320 2358 2367 Eo
2408 2336 2655 2385 perperam

1596 2386 1709 2433 olim
1732 2386 1846 2444 dixi,
1868 2402 1931 2433 ne
1951 2400 2036 2432 vos
2056 2386 2174 2433 forte
2196 2385 2513 2448 imprudentes
2536 2386 2651 2433 foris

1595 2452 1840 2500 effutiretis
1874 2451 1964 2499 Ph.
1988 2467 2033 2509 v,
2052 2455 2100 2500 1.
2120 2454 2184 2500 18
2209 2450 2364 2507 Quam
2386 2465 2511 2514 saepe
2529 2449 2655 2499 forte

1597 2526 1769 2566 temere
1807 2516 2047 2572 eveniunt,
2087 2522 2193 2580 qnae?
2226 2531 2323 2562 non
2353 2517 2527 2563 audeas
2566 2531 2653 2578 op-

1596 2581 1720 2629 tare!
1780 2579 1871 2628 Ph.
1895 2595 1942 2635 v,
1969 2586 2015 2629 1.
2039 2585 2103 2628 30
2148 2579 2360 2628 Nescius
2414 2595 2592 2642 verum,
2614 2579 2656 2627 si

1597 2647 1741 2700 forte,
1762 2645 1872 2691 dico
1906 2644 1999 2692 Ph.
2024 2659 2071 2706 v,
2089 2648 2139 2693 2.
2164 2649 2225 2693 10

1667 2709 1835 2762 Fortis,
1858 2723 1901 2754 e.
1934 2707 2197 2755 Consilium
2220 2721 2395 2769 qnaero.
2428 2707 2519 2756 Ch.
2544 2707 2582 2754 F
2583 2722 2657 2754 or-

1597 2773 1659 2820 tis
1704 2772 1769 2819 A.
1800 2773 1869 2827 iv,
1892 2776 1937 2820 2.
1965 2775 2026 2818 19
2072 2770 2141 2818 Ut
2160 2770 2308 2821 vitum
2329 2771 2495 2817 fortem
2520 2771 2661 2820 decet

1597 2835 1662 2882 A.
1684 2836 1736 2892 ii,
1758 2839 1806 2882 6.
1832 2839 1892 2884 14
1948 2834 1992 2882 Ο
2014 2835 2083 2880 vir
2103 2835 2252 2896 fortis,
2274 2842 2414 2898 atque
2446 2833 2653 2880 amicus!

1600 2900 1691 2948 Ph.
1716 2901 1768 2953 ii,
1789 2903 1839 2948 2.
1864 2903 1926 2947 10
1981 2897 2057 2944 Ita
2078 2899 2150 2946 uti
2166 2898 2309 2946 fortes
2326 2899 2465 2945 decet
2486 2897 2659 2944 milites

1600 2964 1691 3011 Eu.
1713 2964 1783 3025 iv,
1804 2967 1855 3011 7.
1878 2966 1942 3011 44
1976 2961 2126 3009 Fortis
2146 2963 2334 3010 fortuna
2348 2961 2544 3024 adjuvat
2562 2960 2656 3009 Ph.

1599 3029 1633 3084 i,
1657 3031 1707 3076 4.
1731 3031 1797 3076 26
1834 3025 1884 3072 Si
1921 3026 2113 3089 quidem
2147 3026 2303 3074 hercle
2337 3025 2507 3088 possit,
2536 3024 2657 3072 nihil

1600 3091 1744 3154 prius,
1766 3105 1921 3151 neque
1943 3089 2105 3136 fortius
2138 3091 2231 3136 Eu.
2251 3090 2287 3152 i,
2309 3095 2355 3139 1.
2379 3095 2409 3138 5

1664 3154 1879 3202 Fortiter.
1944 3152 2157 3200 Fortiter.
2226 3153 2310 3216 Sy.
2387 3153 2619 3215 Perquam
2640 3151 2653 3198 1

1600 3218 1713 3282 quia
1734 3217 1943 3265 miseram
1964 3216 2203 3264 mulierem
2224 3217 2371 3266 vieitz
2400 3217 2484 3264 hui
2504 3217 2515 3263 l
2549 3232 2655 3280 per—

1597 3283 1784 3332 fortiter
1811 3281 1907 3330 Ad.
1928 3282 1992 3338 iv,
2016 3286 2064 3330 2.
2086 3285 2149 3331 27

1664 3346 1925 3395 Fortitudo.
1990 3345 2181 3402 Vereor,
2204 3362 2265 3394 ne
2287 3347 2417 3394 istaec
2431 3343 2655 3392 fortitudo

1597 3411 1652 3458 in
1672 3426 1863 3459 nervom
1878 3418 2093 3473 erumpat
2107 3411 2311 3473 denique
2344 3410 2436 3460 Ph.
2458 3409 2513 3464 ii.
2531 3413 2579 3458 2.
2594 3413 2657 3457 11

1664 3474 1887 3523 Fortuna.
1950 3474 2101 3525 Fortis
2122 3475 2309 3522 fortuna
2338 3475 2535 3536 adjuvat
2568 3473 2659 3521 Ph.

1600 3539 1635 3602 i,
1656 3544 1705 3589 4.
1727 3544 1791 3588 26
1843 3540 1926 3587 An
1957 3540 2191 3587 fortunam
2234 3538 2515 3591 collaudem,
2552 3551 2659 3598 quae

1602 3605 1893 3666 gubernatrix
1906 3604 2029 3651 fuit?
2053 3603 2144 3652 Eu.
2169 3619 2215 3660 v,
2232 3608 2278 3652 9.
2300 3607 2361 3652 16
2396 3601 2522 3656 Quia
2537 3599 2659 3648 scie-

1604 3669 1725 3730 bam,
1742 3668 1932 3716 dubiam
1952 3669 2183 3714 fortunam
2200 3683 2300 3715 esse
2311 3665 2547 3714 scenicam
2569 3663 2663 3712 He.

1602 3733 1701 3783 Alt.
1724 3731 1850 3780 Ptol.
1872 3737 1903 3782 8
1958 3731 2178 3792 Gaudeo,
2216 3738 2393 3778 tantam
2428 3729 2662 3776 fortunam

1604 3811 1703 3845 esse
1726 3796 1800 3844 his
1822 3797 1979 3844 datam
2017 3797 2105 3844 Ph.
2127 3812 2175 3853 v,
2196 3800 2247 3844 6.
2270 3799 2331 3844 44
2377 3793 2421 3841 Ο
2458 3793 2662 3845 fortuna,

1603 3868 1659 3909 ut
1677 3875 1917 3924 nunquam
1940 3867 2168 3923 perpetuo
2190 3875 2240 3906 es
2263 3857 2414 3906 bona!
2462 3856 2557 3904 He.
2590 3855 2663 3911 iii,

1605 3929 1654 3975 3.
1676 3931 1743 3975 46
1776 3925 1821 3973 Ο
1843 3923 2056 3972 fortuna!
2092 3923 2139 3970 Ο
2178 3925 2269 3970 fors
2305 3920 2518 3970 fortuna!
2572 3919 2662 3966 Ph.

1604 4005 1653 4046 v,
1674 3995 1724 4039 6.
1748 3994 1778 4037 1
1824 3988 1903 4037 Ne
1924 3988 2065 4036 simili
2088 3995 2270 4036 utamur
2288 3987 2492 4047 fortuna,
2520 3991 2663 4047 atque

1604 4053 1679 4101 usi
1698 4069 1857 4102 sumus
1888 4053 1980 4104 Ph.
2004 4052 2131 4102 Prol.
2153 4057 2216 4102 32
2250 4051 2393 4108 Quod
2417 4049 2457 4097 si
2474 4063 2531 4096 eo
2548 4063 2663 4095 meae

1606 4118 1805 4166 fortuuae
1826 4118 2024 4166 redeunt
2063 4117 2155 4164 Pb.
2190 4117 2225 4172 i,
2247 4121 2297 4165 4.
2320 4118 2385 4164 24
2430 4114 2662 4176 Loquere,

1608 4182 1827 4231 obsecro!
1868 4197 2089 4246 quonam
2118 4181 2173 4228 in
2205 4180 2311 4228 loco
2344 4186 2453 4226 sunt
2492 4193 2583 4240 res,
2614 4182 2665 4224 et

1608 4246 1807 4294 fortunae
1828 4247 1979 4295 meae?
2009 4246 2101 4295 Pb.
2126 4245 2196 4303 iii,
2220 4249 2267 4294 1.
2288 4248 2321 4292 9
2372 4243 2443 4292 Ut
2462 4258 2538 4301 me
2558 4251 2665 4314 1υῇ-

1608 4326 1710 4360 rum
1730 4311 1983 4360 miseritum
2006 4318 2077 4362 est
2106 4310 2393 4365 fortunarum
2440 4308 2568 4368 Heu.
2598 4305 2667 4360 iu»
