3192 4975
589 408 674 459 00

591 557 772 615 modo?
833 555 924 609 Pa.
960 554 1237 605 Admodum
1291 555 1387 605 He.
1423 556 1498 615 iii,-
1527 563 1579 607 5.
1610 566 1645 611 8

589 623 748 673 Scies.-
763 623 922 669 nodo
945 626 1172 669 tit-tacere
1193 622 1346 685 possis
1378 622 1471 671 Ph.
1491 622 1528 685 i,
1543 628 1592 673 2.
1610 628 1645 674 9

589 686 836 737 Is-senem
868 700 956 749 per
986 684 1207 749 epistolas
1246 684 1460 750 pellexit,
1497 689 1643 737 modo

588 766 688 799 non
717 756 900 797 montes
933 750 1032 797 auri
1066 750 1292 812 pollicens
1335 750 1426 799 Ph.
1449 751 1484 807 i,
1504 757 1554 801 2.
1581 757 1643 803 18

587 815 788 877 Ineptis.
845 814 939 863 De.
972 812 1086 861 Sine
1126 816 1266 865 modo
1315 816 1405 864 Ph.
1431 815 1482 873 ii,
1505 821 1554 865 8.
1577 821 1641 867 78

587 879 706 927 Haec
727 880 862 939 fient.
911 877 1014 926 An.
1033 878 1103 927 Ut
1124 880 1267 927 modo
1285 879 1434 929 finnt:
1452 880 1545 929 Ge.
1565 880 1644 929 Fi-

585 951 670 992 ent
701 943 791 991 Ph.
814 944 882 1003 iv,
899 947 949 992 4.
972 947 1034 992 31
1076 944 1232 992 Modo
1254 951 1308 991 ut
1330 945 1419 993 hoc
1440 945 1643 993 consilio

585 1008 764 1071 possiet
799 1007 999 1069 discedi,
1030 1014 1084 1055 ut
1126 1008 1217 1058 Ph.
1237 1024 1290 1072 V,
1309 1012 1358 1058 2.
1382 1013 1414 1059 8
1469 1010 1641 1073 passim

589 1072 702 1121 alibi

595 1178 602 1187 .
647 1136 845 1185 Modus.
909 1136 1038 1185 Scias
1074 1152 1214 1199 posse
1249 1137 1420 1185 habere
1443 1135 1544 1199 jam
1567 1136 1642 1200 ip-

584 1216 686 1249 sum
707 1216 804 1249 suae
819 1200 930 1249 vitae
945 1201 1138 1249 modum
1171 1202 1234 1249 Δ.
1255 1200 1290 1257 i,
1311 1206 1356 1250 1.
1371 1204 1436 1251 68
1469 1200 1643 1265 Neque

581 1266 776 1315 modum
813 1265 1117 1330 benignitatis
1155 1264 1336 1328 cogitas
1377 1265 1446 1313 A.
1465 1282 1514 1321 v,
1538 1271 1585 1316 1.
1608 1271 1640 1317 7

582 1328 706 1386 Quas
737 1344 812 1379 res
843 1330 892 1377 in
925 1346 975 1379 se
1007 1345 1164 1393 neque
1184 1329 1457 1390 consilium,
1483 1346 1643 1393 neque

582 1395 774 1444 modum
817 1396 960 1443 habet
987 1394 1150 1443 :ullum
1181 1394 1274 1442 Eu.
1297 1394 1330 1449 i.
1358 1400 1402 1443 1.
1428 1398 1488 1443 12
1543 1394 1641 1444 Ubi

580 1458 778 1515 videbit,
793 1466 948 1508 tantos
960 1459 1044 1507 sibi
1061 1467 1239 1507 sumtus
1251 1459 1383 1506 domi
1401 1460 1641 1523 quotidia-

581 1538 669 1570 nos
691 1524 808 1578 fieri,
829 1540 917 1573 nec
939 1524 1040 1572 fieri
1077 1524 1266 1571 modum
1299 1522 1424 1571 Hen.
1447 1523 1512 1579 iv,
1534 1530 1584 1572 5.
1608 1529 1639 1574 7

581 1587 830 1637 Conservis
852 1589 928 1636 ‘ad
971 1588 1174 1636 eundem
1215 1587 1373 1637 istunc
1413 1588 1639 1651 praecipio

579 1653 771 1701 modum
806 1652 907 1701 Ad.
931 1653 1002 1716 iii,
1023 1658 1073 1701 3.
1099 1656 1164 1701 70
1217 1651 1320 1700 Aut
1351 1653 1467 1715 quid
1489 1652 1552 1699 sit
1571 1653 1640 1711 id,

580 1718 710 1779 quod
742 1717 974 1765 solicitere
1005 1718 1066 1765 ad
1111 1718 1238 1765 bunc
1283 1716 1510 1764 modum?
1545 1716 1641 1767 He.

578 1780 651 1837 iv.
665 1786 714 1830 Δ.
733 1785 797 1830 54
835 1782 946 1831 Sine
967 1798 1092 1830 nunc
1117 1796 1220 1833 meo
1241 1796 1316 1828 me
1338 1780 1494 1829 vivere
1513 1780 1640 1829 inte-

583 1860 664 1895 rea
680 1846 825 1893 modo
859 1845 922 1893 A.
943 1846 982 1904 i,
1006 1851 1052 1895 1.
1075 1850 1176 1895 126
1231 1844 1300 1896 Ut
1327 1844 1458 1893 nullo
1491 1848 1638 1894 modo

577 1908 772 1957 introire
794 1924 996 1973 possem,
1018 1909 1137 1974 quin
1169 1910 1262 1957 Eu.
1278 1926 1330 1971 v,
1351 1914 1401 1959 2.
1423 1914 1454 1959 2
1487 1910 1638 1974 Spero

579 1988 655 2021 me
675 1974 863 2031 ha‘bere,
880 1975 964 2038 qui
981 1976 1106 2023 hunc
1129 1988 1234 2022 meo
1255 1974 1516 2022 excruciem
1535 1991 1639 2022 mo·

576 2037 640 2085 do
677 2038 768 2087 Eu.
789 2056 836 2095 v,
855 2044 903 2089 3.
929 2043 988 2088 11
1025 2038 1136 2095 Quo
1153 2039 1296 2087 modo
1312 2039 1639 2092 adolescentu-

581 2101 970 2151 lus-meretricum
990 2103 1181 2166 ingenia
1213 2111 1264 2151 et
1295 2118 1446 2151 mores
1478 2112 1640 2168 posset

577 2180 770 2216 noscere
791 2167 896 2217 ‘Em
918 2185 968 2225 v,
988 2172 1038 2217 4.
1057 2172 1094 2217 9
1140 2167 1357 2217 Hoccine
1391 2184 1468 2215 me
1499 2169 1639 2220 mise-

579 2236 680 2279 rum
699 2248 797 2282 non
821 2231 962 2281 licere
979 2247 1086 2279 meo
1103 2234 1244 2279 modo
1256 2232 1500 2295 ingenium
1517 2232 1634 2281 frui!

575 2294 700 2343 Hea.
722 2296 777 2352 ii,
798 2301 848 2345 t.
870 2302 934 2345 21
987 2296 1058 2344 At
1087 2305 1134 2345 te
1156 2297 1204 2344 id
1227 2296 1360 2345 nullo
1383 2297 1524 2343 modo
1547 2312 1639 2360 pn-

573 2359 685 2407 duit
711 2360 866 2409 facere
897 2360 1020 2408 Hea.
1043 2377 1092 2423 v,
1110 2366 1159 2412 4.
1185 2365 1248 2410 19
1303 2361 1412 2409 Hoc
1444 2360 1637 2423 quidem

575 2423 1006 2488 ferundum'aliquo
1026 2426 1170 2473 ‚modo
1191 2434 1264 2473 est
1296 2424 1393 2471 Ad.
1413 2424 1482 2483 iii,
1501 2429 1551 2473 4.
1571 2430 1635 2475 23

577 2488 689 2544 Quo
713 2491 893 2538 modo?
925 2489 1024 2543 Ad.
1045 2488 1110 2546 iv,
1135 2495 1180 2540 1.
1210 2494 1270 2539 18
1324 2488 1486 2537 Nolim
1508 2496 1635 2538 cete·-

575 2567 729 2600 rarum
763 2570 910 2602 rerum
949 2563 994 2602 te
1027 2558 1270 2604 socordem
1303 2553 1469 2600 eodem
1493 2555 1635 2602 modo

574 2614 674 2664 Ad.
689 2617 756 2681 iv,
771 2625 820 2667 5.
833 2623 894 2670 61
929 2618 983 2667 si
1001 2620 1154 2668 facere
1178 2617 1351 2682 possim
1369 2617 1468 2665 ullo
1491 2619 1633 2666 modo

571 2679 668 2736 He,
691 2681 745 2739 ii,
767 2688 817 2732 2.
839 2687 904 2734 24
939 2684 1159 2741 Quonam
1181 2683 1324 2729 modo
1339 2697 1468 2730 nunc
1487 2689 1537 2730 te
1561 2684 1635 2730 of·

571 2746 766 2794 tendam
787 2749 1004 2796 affectam
1027 2749 1046 2796 ἓ
1078 2747 1172 2794 He.
1197 2745 1267 2802 iii,
1293 2751 1341 2794 1.
1363 2747 1424 2794 45
1459 2746 1510 2794 Si
1536 2747 1633 2796 ullo

573 2811 716 2860 modo
725 2819 798 2860 est
810 2820 861 2859 ut
873 2811 1040 2874 possit,
1051 2811 1181 2886 quod
1195 2825 1330 2873 spero
1343 2811 1442 2858 fore
1457 2811 1552 2859 He.
1567 2811 1634 2869 iv,

573 2877 622 2923 4.
646 2880 741 2926 102
779 2877 902 2924 Tum
923 2878 1048 2924 huuc
1068 2883 1351 2938 impuratum
1375 2875 1641 2937 poterimus

571 2947 730 2988 nostro
753 2942 896 2988 modo
932 2941 1097 2988 ulcisci
1127 2938 1220 2989 Ph.
1246 2956 1293 3000 v,
1309 2943 1360 2988 7.
1383 2944 1449 2988 69
1499 2940 1634 2997 Quin

571 3017 695 3052 novo
719 3007 858 3068 modo
881 3005 926 3052 ei
959 3005 1139 3054 faceres
1173 3003 1502 3054 contumeliam
1537 3006 1632 3054 Ph.

569 3082 618 3122 v.
633 3073 682 3117 ⁷.
701 3073 767 3119 79
800 3069 934 3126 Quot
952 3069 1103 3118 modis
1117 3077 1402 3129 contemtus,
1416 3075 1600 3134 spretus
1609 3071 1635 3124 ἓ,

569 3130 638 3180 A.
659 3133 696 3190 i,
721 3139 770 3182 5.
795 3138 856 3182 13
909 3133 1032 3190 Quae
1071 3150 1158 3182 nos
1199 3147 1381 3196 semper
1413 3135 1631 3183 omnibus

567 3199 784 3246 cruciant
797 3198 956 3246 modis
973 3197 1066 3252 Eu,
1083 3199 1137 3255 ii,
1155 3202 1203 3246 3.
1225 3201 1292 3246 92
1323 3195 1480 3246 Etiam
1501 3214 1634 3248 nunc⁴

568 3276 666 3308 non
687 3262 856 3317 credis,
889 3262 1098 3324 indignis
1122 3277 1208 3310 nos
1229 3275 1332 3310 esse
1353 3261 1508 3310 irrisas
1528 3276 1631 3310 mo·

569 3324 644 3372 dis
665 3326 683 3372 ἓ
727 3324 820 3372 Eu.
845 3325 915 3382 iv,
934 3328 985 3374 4.
1006 3330 1070 3376 43
1127 3325 1388 3388 Colligavit
1429 3327 1629 3390 primum

568 3401 676 3436 eum
701 3388 879 3436 miseris
902 3391 1054 3438 modis
1087 3389 1179 3440 Eu.
1203 3396 1319 3447 ηδ.
1343 3393 1406 3440 13
1461 3389 1629 3454 Indig-

568 3451 644 3500 nis
661 3464 766 3500 cum
788 3469 818 3502 e
851 3462 977 3502 omet
998 3455 1088 3503 sim
1108 3469 1220 3504 acce
1257 3463 1331 3502 tus
1353 3455 1506 3504 modis
1527 3455 1627 3504 Ad.

567 3515 620 3575 ii,
646 3521 693 3565 1.
717 3521 778 3567 12
819 3469 943 3567 gVah
967 3519 978 3565 !
1012 3519 1184 3583 quibus
1206 3520 1224 3566 i
1243 3520 1346 3570 lum,
1379 3517 1627 3569 lacerarem

567 3581 720 3633 mdis
745 3581 758 3630 l
791 3579 889 3630 Ad.
907 3583 979 3639 iii.
999 3589 1048 3634 2.
1071 3589 1130 3635 17
1167 3583 1305 3632 Miris
1325 3583 1478 3630 modis
1499 3586 1625 3632 odis-

569 3651 622 3694 se
653 3646 798 3712 coepit
835 3648 1090 3696 Sostratam
1121 3648 1220 3697 He..
1238 3649 1274 3705 i,
1293 3653 1342 3700 2.
1369 3652 1461 3697 104
1516 3647 1629 3702 Nisi

568 3710 649 3774 pol
695 3712 842 3759 filium
889 3713 1048 3760 multis
1094 3713 1246 3762 modis
1293 3711 1382 3759 'am
1427 3722 1627 3776 expecto

565 3775 662 3824 He.
685 3774 740 3840 ii‚-
758 3781 806 3824 3.
829 3781 860 3826 7
917 3776 1150 3826 Omnibus
1182 3793 1232 3824 m
1296 3777 1334 3824 is
1363 3777 1504 3826 miser
1523 3794 1629 3830 sum

559 3839 660 3888 He.
681 3840 750 3902 iv,
769 3845 820 3891 4.
841 3845 906 3890 79

629 3905 870 3953 Moechus.
937 3906 1007 3954 Ut
1039 3913 1086 3954 te
1108 3906 1359 3954 arbitretur
1380 3905 1470 3953 sibi
1491 3921 1626 3968 para·

569 3976 670 4017 tum
693 3971 940 4027 moechum,
978 3967 1019 4018 si
1037 3969 1179 4021 ,illam
1203 3969 1387 4017 duxerit
1417 3967 1480 4015 A.
1501 3969 1554 4026 ii,
1578 3975 1625 4020 1.

568 4039 632 4086 16
652 4034 787 4096 „Qnis
801 4036 948 4082 homo
968 4050 1051 4096 pro
1076 4036 1256 4085 moecho
1279 4049 1485 4096 unquam
1505 4035 1629 4083 vidit

563 4097 616 4144 in
637 4099 780 4147 domo
797 4099 1056 4147 meretricia
1079 4099 1306 4163 prehendi
1320 4113 1587 4161 quenquam
1606 4095 1624 4146 ?

569 4161 732 4219 Eas,
753 4169 802 4212 5.·
827 4167 890 4212 ,18
937 4163 1082 4212 Hunc
1125 4180 1212 4227 pro
1243 4162 1424 4210 moecho
1456 4170 1629 4225 postea

567 4227 964 4285 comprehendere
979 4229 1104 4276 intus
1135 4228 1228 4276 Eu.
1249 4245 1297 4283 v,
1322 4232 1370 4276 6.
1381 4231 1446 4276 22
1479 4225 1530 4274 Ν
1533 4243 1627 4281 unc

570 4287 774 4340 mitratur
795 4304 932 4352 porro
952 4307 1062 4344 sese.
1077 4293 1148 4358 id,
1181 4292 1313 4361 quod
1334 4291 1526 4342 moechis
1545 4309 1629 4346 so-

1563 408 1799 479 run-nx

1719 556 1789 609 ια
1818 554 1913 607 Eue
1937 574 1985 617 V,
2006 562 2057 609 ⁵·
2079 562 2141 609 ¹⁶

1783 623 1978 674 Moeror.
2034 620 2255 673 Moestus.
2323 620 2469 675 Nunc
2511 625 2685 677 misera
2724 628 2773 679 in

1718 704 1913 737 moerore
1934 696 2005 737 est
2041 686 2100 735 A.
2124 689 2188 744 iv,
2212 692 2261 737 2.
2285 693 2348 738 10
2379 689 2589 739 Domum
2622 709 2773 742 revor-

1720 760 1793 801 tor
1814 762 2002 803 moestus
2034 752 2159 802 Hea.
2181 751 2223 809 i,
2243 758 2289 805 1.
2310 758 2375 803 79

1783 817 2026 868 Molestia.
2091 816 2167 865 Ita
2188 818 2331 878 utfit,
2362 816 2443 865 nbi
2470 818 2588 882 quid
2606 820 2656 869 in
2677 822 2779 871 ani-

1718 897 1797 929 mo
1818 889 1892 931 est
1922 880 2151 929 molestiae
2182 880 2274 929 Eu.
2294 882 2365 945 iv,
2380 887 2431 933 2.
2452 888 2484 932 2
2538 882 2603 933 Et
2642 886 2779 945 mihi,

1716 954 1769 994 et
1788 946 1894 1003 tibi,
1918 953 1969 995 et
2000 946 2091 997 illis
2123 946 2349 994 demseris
2376 947 2637 997 molestiam
2669 950 2773 1001 Ad.

1718 1026 1766 1067 v,
1786 1016 1840 1061 3.
1859 1015 1923 1059 33
1958 1010 2039 1059 Illi
2060 1011 2323 1059 molestiam
2346 1010 2481 1059 affert
2510 1012 2606 1063 He.
2630 1013 2701 1077 iii,
2723 1019 2777 1065 2.

1717 1078 1750 1123 9
1810 1075 2049 1139 Virginem
2071 1070 2441 1139 quam'nm'abat,
2462 1090 2567 1126 eam
2590 1080 2777 1129 confeci

1715 1138 1818 1189 siae
1840 1140 2057 1191 molestia
2088 1140 2179 1190 Eu.
2204 1157 2252 1197 v,
2274 1145 2325 1189 ’4.
2343 1145 2378 1190 6
2430 1138 2619 1205 Neque,
2655 1158 2777 1207 pm-

1718 1210 1927 1267 terquam
1950 1220 2066 1267 quas
2087 1205 2190 1268 ipse
2210 1206 2339 1251 amor
2362 1205 2598 1255 molestias
2614 1208 2777 1267 habet.

1716 1268 1868 1315 addas
1902 1267 1995 1317 En.
2017 1270 2055 1325 i,
2081 1274 2128 1319 1.
2152 1274 2217 1318 32

1778 1333 2035 1391 Molestus,
2058 1349 2108 1395 a,
2138 1350 2235 1385 um.
2298 1332 2535 1385 Molestus
2567 1343 2694 1385 certe
2726 1336 2775 1385 ei

1716 1396 1867 1450 fuero,
1882 1396 1948 1449 A.
1966 1399 2033 1455 iv,
2057 1403 2104 1447 1.
2126 1402 2186 1447 17
2216 1396 2265 1445 Is
2282 1396 2605 1451 ubi=molestus
2627 1400 2778 1463 magis

1716 1468 1791 1509 est
1820 1462 1915 1513 Eu.
1937 1462 2146 1523 iii,1.24
2180 1460 2334 1517 Quam
2355 1461 2611 1515 molestus!
2646 1464 2773 1525 Hea-

1718 1525 1787 1581 iii,
1810 1530 1859 1575 3.
1886 1531 1912 1574 7
1965 1526 2015 1574 Si
2049 1526 2269 1576 molestus
2291 1527 2445 1589 pergis
2466 1540 2569 1575 esse
2598 1526 2699 1576 Ad.
2722 1528 2779 1590 ii,

1717 1594 1765 1639 1.
1788 1595 1851 1641 27
1884 1591 1955 1639 Tu
1979 1591 2203 1642 molestus
2221 1606 2283 1640 ne
2304 1589 2395 1641 sies
2429 1590 2521 1639 Ph.
2544 1592 2613 1649 iv,
2639 1598 2690 1642 8.
2710 1598 2775 1643 80

1718 1655 1823 1704 Aut
1860 1655 1989 1703 dicat
2030 1656 2159 1719 quod
2187 1656 2320 1713 volt3
2360 1663 2445 1703 aut
2480 1655 2679 1706 molesta
2702 1660 2776 1711 ‘ne

1716 1718 1807 1767 siet
1856 1718 1949 1767 Eu.
1978 1719 2051 1775 iii,
2084 1724 2133 1769 3.
2164 1723 2227 1769 23
2282 1718 2413 1767 Νιιιιι
2457 1718 2527 1767 illi
2566 1722 2775 1773 molesto

1714 1784 1960 1847 quidpiam
2000 1784 2073 1831 hae
2112 1790 2223 1831 sunt
2256 1784 2435 1847 nuptiae
2454 1782 2573 1841 ?4.,A..
2594 1785 2651 1846 ii,
2675 1792 2723 1837 6.
2742 1791 2774 1837 7

1717 1848 1810 1895 Sed
1845 1850 1935 1899 hoc
1970 1848 2086 1897 mihi
2121 1847 2367 1899 molestum
2390 1847 2561 1905 estu.
2576 1850 2612 1909 i,
2640 1854 2687 1902 1.
2714 1856 2775 1905 16

1714 1912 1842 1959 Mihi
1885 1912 2131 1959 molestum
2186 1911 2250 1963 A.
2282 1911 2335 1967 ii,
2368 1917 2418 1961 2.
2454 1917 2516 1962 21
2576 1910 2773 1971 Verum,

1714 1976 1797 2023 ubi
1841 1976 2085 2026 molestum
2127 1978 2356 2025 nouerit
2396 1976 2489 2027 Eu.
2522 1976 2588 2033 iii,
2622 1984 2671 2029 2.
2706 1984 2771 2029 31

1714 2040 1847 2097 Quin
1868 2041 1985 2090 mihi
2006 2040 2252 2090 molestum
2284 2049 2363 2089 est
2392 2041 2517 2095 Hea.
2538 2042 2611 2099 iii,
2632 2048 2683 2093 3.
2706 2048 2771 2093 21

1714 2104 1943 2155 Ausculta
1967 2105 2148 2169 paucis,
2172 2106 2265 2153 nisi
2288 2106 2534 2155 molestum
2556 2114 2649 2169 est,
2673 2107 2773 2165 De,-

1712 2184 1817 2217 mea
1847 2167 2012 2225 Ad..v.
2034 2173 2083 2217 3.
2104 2175 2171 2221 20
2224 2169 2403 2219 Adhuc
2438 2186 2538 2217 nou
2576 2172 2775 2221 molesta

1712 2241 1823 2281 sunt
1852 2232 1947 2281 Ad.
1966 2234 2002 2290 i,
2024 2238 2076 2283 2.
2097 2240 2162 2284 42
2212 2234 2391 2283 Tamen
2431 2234 2645 2285 nonnihil
2670 2253 2769 2289 mo.

1714 2297 1833 2345 lesta
1854 2306 1965 2345 sunt
1982 2299 2085 2345 haec
2110 2299 2225 2347 mihi
2258 2298 2356 2353 Ad.
2381 2300 2414 2361 i,
2438 2304 2487 2349 2.
2509 2304 2575 2350 62

1778 2361 1971 2409 Molior.
2037 2361 2166 2412 Dum
2208 2364 2481 2421 moliuntur,
2522 2364 2637 2417 dum
2688 2380 2769 2414 co·

1710 2433 1921 2482 uruntur,
1940 2442 2092 2475 annus
2114 2435 2187 2475 est
2218 2428 2343 2477 Heu.
2368 2428 2421 2490 ii,
2440 2433 2487 2477 2.
2514 2432 2574 2477 11

1775 2491 1963 2539 Mollio.
2030 2491 2218 2540 Adeon’
2263 2493 2455 2556 ingenio
2494 2509 2597 2540 esse
2650 2494 2769 2542 duro

1712 2561 1778 2610 te,
1800 2563 1943 2618 atque
1964 2557 2259 2614 inexorabili,
2290 2567 2345 2605 ut
2375 2573 2529 2621 neque
2552 2557 2771 2620 precibus

1710 2619 1884 2668 molliri
1905 2621 2081 2684 queas?
2118 2622 2209 2674 Ph.
2231 2622 2303 2684 iii,
2318 2627 2370 2670 2.
2393 2627 2455 2672 13
2511 2621 2769 2686 Postquam

1710 2684 1947 2738 hominem
1970 2685 2045 2740 his
2067 2687 2217 2734 verbis
2238 2687 2393 2740 sentio
2426 2686 2649 2736 mollirier
2675 2687 2771 2742 Ph.

1709 2748 1777 2805 iv,
1798 2753 1848 2798 3.
1870 2754 1933 2798 27
2688 2805 2695 2810 ,

1774 2813 2006 2865 Molliter.
2070 2814 2301 2877 Edepol,
2342 2814 2551 2880 Syrisce,
2595 2823 2642 2864 te
2682 2815 2769 2872 cu}

1706 2877 1818 2926 mti
1840 2879 2043 2926 molliter
2074 2877 2175 2929 Ad.
2197 2895 2245 2934 V,
2269 2884 2317 2929 1.
2339 2884 2369 2934 1

1728 2989 1733 2996 ,
1770 2941 2021 2996 Mollities.
2088 2942 2345 3005 Ejiciunda
2364 2941 2523 2996 hercle
2556 2943 2661 2996 haec
2694 2951 2771 3000 est

1706 3006 1929 3059 mollities
1952 3007 2095 3058 animi
2130 3007 2221 3060 Eu·
2239 3007 2294 3066 ii,
2320 3013 2365 3057 1.
2393 3013 2455 3064 16
2762 3057 2767 3066 ,

1772 3071 1929 3122 Molo.
1994 3071 2079 3128 Ut,
2100 3071 2141 3118 si
2164 3079 2211 3120 te
2233 3072 2345 3126 inde
2379 3072 2647 3134 exemerim,
2679 3091 2769 3136 ego

1706 3149 1791 3199 pro
1838 3143 1885 3183 te
1924 3136 2093 3182 molam
2147 3134 2213 3184 A.
2236 3135 2272 3196 i,
2290 3140 2338 3184 2.
2360 3139 2426 3184 29
2480 3135 2558 3182 Ibi
2596 3137 2771 3186 favilla

1705 3201 1866 3262 plens,
1904 3199 2038 3255 fumi,
2075 3213 2131 3246 nc
2171 3199 2381 3261 pollinis,
2412 3201 2662 3264 coquendo
2708 3202 2772 3250 sit

1704 3263 1829 3317 faxo,
1852 3270 1903 3310 et
1920 3263 2142 3310 molendo
2177 3263 2275 3311 Ad.
2298 3280 2345 3321 v,
2365 3267 2412 3312 3.
2435 3269 2497 3314 61
2550 3263 2707 3314 Herus
2728 3265 2772 3315 si

1704 3327 1910 3382 redierit,
1930 3327 2201 3376 molendum
2221 3329 2435 3392 usquein
2453 3329 2649 3392 pistrino
2672 3330 2770 3380 Ph.

1705 3391 1761 3448 ii,
1784 3395 1832 3440 1.
1858 3397 1923 3442 19
1970 3439 1977 3444 ,
2382 3439 2387 3446 .

1766 3453 2087 3511 Momentum.
2152 3456 2283 3514 Dum
2304 3457 2355 3509 in
2376 3456 2523 3510 dubio,
2544 3465 2615 3506 est
2652 3457 2755 3506 ani-

1702 3535 1825 3630 xus,
1846 3521 1990 3584 paulo
2004 3529 2241 3570 momento
2256 3523 2349 3571 huc
2367 3522 2481 3571 illuc
2496 3520 2757 3584 impellitur

1754 3615 1769 3632 .
1790 3585 1825 3646 i,
1848 3591 1897 3634 ὅ.
1917 3591 1979 3636 31
2280 3637 2289 3644 ,
2712 3639 2719 3648 .

1770 3649 1971 3708 Moneo.
2000 3697 2003 3703 ,
2034 3649 2225 3698 Dehinc
2248 3657 2301 3696 ut
2336 3649 2601 3714 quiescant,
2622 3666 2758 3714 porro

1702 3728 1873 3762 moneo
1890 3713 1971 3761 ·A.
1993 3712 2120 3763 Ptol.
2142 3717 2205 3764 22
2263 3713 2313 3762 Is
2335 3731 2396 3763 ne
2434 3722 2572 3772 erret,
2593 3731 2761 3764 moneo

1701 3776 1795 3826 Eu.
1816 3778 1945 3826 Prol.
1970 3781 2035 3826 16
2084 3777 2261 3826 Sedulo
2283 3795 2473 3841 moneo,
2510 3795 2620 3842 qum
2656 3795 2767 3842 pos-

1700 3858 1821 3899 sum,
1855 3857 1939 3904 pro
1972 3857 2081 3889 mea
2119 3843 2351 3905 sapientia
2381 3842 2477 3894 Ad.
2500 3843 2571 3900 iii,
2622 3849 2669 3894 3.
2700 3847 2763 3894 73

1702 3905 1947 3971 Tanquam
1969 3906 2018 3954 in
2041 3907 2286 3970 speculum
2309 3909 2360 3957 in
2396 3909 2580 3972 patinas
2616 3907 2765 3972 inspiff

1700 3987 1805 4020 cere
1822 3970 1993 4034 jubeo,
2012 3976 2063 4019 et
2083 3987 2253 4024 moneo
2288 3973 2386 4024 Ad.
2410 3974 2482 4031 iii,
2506 3978 2555 4022 3.
2579 3977 2642 4022 75
2696 3971 2765 4020 Te

1702 4037 1866 4086 sedulo
1890 4043 1937 4084 et
1960 4051 2148 4096 moneo,
2167 4044 2218 4085 et
2236 4039 2409 4094 hortor,
2432 4054 2493 4085 ne
2540 4035 2639 4086 He.
2663 4036 2698 4094 i,
2719 4042 2766 4094 1.

1700 4105 1732 4150 7
1785 4100 1962 4149 Verum
1997 4107 2046 4148 te
2062 4103 2154 4150 hoc
2176 4118 2345 4152 moneo
2370 4117 2512 4153 unum
2534 4099 2631 4149 He.
2651 4117 2695 4156 v,
2718 4105 2766 4149 1.

1701 4169 1767 4214 39
1809 4165 1945 4214 Bene
1975 4181 2139 4215 mones
2170 4165 2234 4214 A.
2256 4166 2309 4224 ii,
2329 4171 2379 4216 2.
2405 4170 2470 4214 36
2521 4163 2631 4211 Nisi
2652 4180 2762 4212 eum

1700 4245 1870 4287 servas,
1914 4230 2133 4294 castigas,
2187 4246 2349 4278 mones
2398 4228 2519 4277 Hea-
2541 4227 2612 4290 iii,
2628 4232 2677 4276 3.
2697 4233 2760 4278 31

1700 4293 1907 4355 Faciam,
1926 4302 1980 4344 ut
2001 4309 2163 4360 mones
2196 4295 2289 4358 He,
2302 4295 2367 4352 iv,
2382 4299 2430 4354 4,.
2445 4297 2508 4357 97
2544 4289 2657 4356 Una
2674 4293 2763 4345 lis-1¹
