3192 4975
612 383 787 472 ixxii

618 571 745 606 nunc
766 551 921 602 dicam
940 553 1003 600 de
1022 553 1189 616 petre?
1218 553 1285 605 A.
1320 554 1355 610 i.
1377 561 1425 606 5.
1442 561 1503 608 17
1551 555 1670 605 Per-

618 635 747 732 ἓξὲξ
769 625 981 745 {taini
1014 617 1061 726 {¹¹
1064 617 1209 732 {¹⁰32
1219 619 1665 748 ‘’323251'12‘33?

979 715 993 731 ο
1036 715 1051 738 ¹
1108 715 1121 731 ο
1641 713 1664 723 “

617 757 666 795 ta
686 745 863 796 suntin
886 745 1043 792 animo
1063 745 1309 810 Chrysidis
1340 751 1401 798 de
1438 750 1666 814 Glycerio

620 811 685 859 A.
708 811 743 868 i,
764 816 811 859 5.
832 813 897 858 49
930 807 1139 856 Verbum
1160 826 1302 858 unum
1326 828 1439 863 cave
1459 815 1523 862 de
1541 830 1665 878 nup-

615 876 695 923 tiis
727 873 789 921 A.
826 873 865 933 i,
886 879 934 922 5.
974 878 1038 922 65
1087 873 1165 922 De
1197 875 1447 938 improviso
1484 879 1664 942 nuptiae

618 939 685 986 A.
704 939 759 994 ii,
780 941 830 986 2.
848 940 915 986 23
963 937 1049 999 Ut,
1070 937 1183 1001 quid
1208 949 1365 1002 ageret
1384 943 1444 990 de
1466 943 1664 1006 nuptiis,

616 1003 779 1052 seii-ern
810 1001 875 1049 A.
911 999 965 1059 ii,
998 1007 1047 1051 5.
1082 1006 1117 1050 2
1164 1002 1312 1060 Quasi
1330 1005 1394 1054 de
1412 1006 1664 1070 improviso

614 1065 887 1178 323³&ss
915 1065 1117 1178 ‘semis
1144 1067 1207 1180 ἐξ
1233 1073 1310 1180 ξ’.
1328 1074 1389 1181 ἵ.
1414 1069 1663 1184 ἒὲὲἫῗ

610 1193 719 1242 Nec
740 1193 854 1256 quid
870 1209 1085 1242 menunc
1106 1196 1289 1253 faciam,
1310 1198 1423 1246 seio.
1444 1197 1539 1247 Β».
1558 1197 1664 1248 Nee

612 1258 729 1323 quid
752 1258 813 1305 de
834 1273 910 1304 me
945 1257 1007 1304 A.
1025 1258 1099 1314 iii,
1120 1265 1168 1308 5.
1191 1264 1223 1310 8
1274 1261 1373 1310 Cur
1392 1277 1488 1310 non
1509 1263 1660 1312 habeo

696 1321 829 1378 tium,
864 1327 918 1368 ut
950 1323 1013 1369 de
1051 1329 1099 1370 te
1132 1339 1307 1371 sumam
1344 1327 1662 1390 supplicium?

610 1337 771 1443 ,Ap-‘iii
792 1391 841 1434 5.
867 1389 926 1435 17
978 1385 1095 1433 Tam
1135 1389 1299 1435 mirum
1335 1397 1427 1446 est,
1466 1392 1528 1439 de
1551 1399 1599 1440 te
1620 1393 1662 1442 si

610 1449 876 1514 exemplum
886 1450 1064 1514 eupit?
1096 1449 1163 1500 A.
1194 1451 1261 1512 iv,
1285 1457 1328 1501 1.
1348 1458 1413 1503 27
1464 1455 1535 1502 Ex
1558 1457 1661 1504 nni-

609 1528 687 1562 rno
709 1514 871 1577 facins,
890 1528 951 1560 nn
974 1515 1035 1562 de
1054 1515 1320 1564 industria?
1352 1517 1414 1565 A.
1436 1518 1502 1574 iv,
1523 1525 1571 1570 4.
1592 1527 1658 1571 56

608 1576 689 1626 De
708 1593 867 1634 uxore,
888 1577 1006 1625 nihil
1024 1585 1175 1626 mutet
1195 1580 1417 1630 Chremes
1449 1581 1514 1633 A.
1538 1600 1585 1641 v,
1608 1591 1658 1637 4.

606 1645 675 1690 46
708 1639 787 1690 De
808 1641 1077 1690 exclusione
1100 1645 1287 1691 verbum
1309 1645 1486 1694 nullum
1508 1647 1599 1696 Eu.
1622 1649 1657 1705 i,

606 1709 659 1754 2.
680 1709 713 1754 8
760 1703 839 1753 De
872 1721 951 1753 me
988 1705 1167 1769 cogites
1201 1708 1291 1756 Eu.
1314 1709 1349 1766 i,
1370 1715 1419 1760 2.
1446 1715 1539 1760 114
1588 1713 1657 1761 Ut

606 1768 696 1816 sibi
714 1767 874 1818 liceret
890 1770 1067 1818 discere
1088 1771 1138 1818 id
1160 1772 1221 1820 de
1240 1788 1315 1820 me
1338 1773 1429 1822 Eu.
1448 1775 1501 1832 ii,
1520 1781 1569 1824 2.
1590 1781 1652 1826 sl

604 1830 787 1880 Nescio
802 1833 915 1897 quid
951 1835 1015 1883 de
1052 1851 1209 1884 amore
1239 1837 1445 1900 loquitur
1474 1839 1566 1888 En.
1603 1841 1654 1898 ii,

606 1900 656 1944 3.
676 1901 705 1945 7
756 1896 962 1960 Purgon’
998 1915 1091 1960 ego
1110 1915 1183 1947 me
1216 1901 1280 1948 de
1308 1901 1428 1950 istnc
1448 1902 1654 1954 Thaidi?

606 1959 699 2010 Eu.
720 1959 790 2016 iii,
816 1966 862 2010 1.
880 1965 945 2011 44
995 1963 1181 2025 Ecquid
1208 1979 1295 2012 nos
1316 1981 1443 2012 amns
1464 1969 1526 2014 de
1546 1968 1653 2015 fidi-

603 2023 711 2070 cina
731 2025 850 2072 istnc
870 2026 887 2072 ?
921 2025 1015 2076 Eu.
1038 2025 1108 2083 iii,
1128 2031 1177 2076 2.
1194 2032 1229 2077 4
1276 2027 1405 2076 Illud
1435 2031 1497 2078 de
1518 2030 1654 2080 Rho-

608 2087 692 2134 dio
712 2088 889 2135 dictum
909 2089 961 2135 in
985 2098 1185 2138 mentem
1219 2092 1351 2140 venit
1385 2093 1476 2140 Eu.
1508 2094 1579 2152 iii,
1603 2101 1653 2146 2.

598 2155 663 2200 45
710 2151 771 2198 In
806 2153 930 2200 hune
964 2154 1090 2204 diem
1129 2163 1183 2202 ut
1204 2157 1265 2202 de
1286 2157 1509 2219 symbolis
1527 2175 1651 2208 esee-

605 2231 711 2262 mue
741 2215 834 2265 Eu.
858 2217 927 2272 iii,
949 2221 999 2267 4.
1020 2223 1057 2268 2
1098 2218 1176 2266 De
1199 2221 1423 2284 symbol-is
1440 2221 1553 2284 quid
1572 2239 1650 2271 eo·

599 2286 699 2325 tum
711 2280 815 2326 est?
838 2279 929 2330 Eu.
942 2281 1014 2336 iii,
1027 2287 1071 2330 5.
1086 2287 1151 2330 59
1172 2282 1248 2330 De
1269 2284 1385 2331 istnc
1406 2285 1650 2334 eonsilium

596 2339 708 2389 volo
744 2357 913 2406 cepere
950 2359 1043 2390 uns
1082 2353 1234 2392 tecum
1268 2347 1359 2394 Eu.
1394 2349 1465 2404 iii,
1503 2355 1551 2398 5.
1584 2355 1648 2400 65

598 2405 721 2462 Qun
762 2407 982 2468 cupiebat
1016 2409 1077 2454 de
1114 2423 1266 2456 sorore
1300 2411 1405 2473 ejus
1442 2412 1652 2462 indicare

596 2469 689 2517 Eu.
726 2469 792 2533 iv,
830 2474 875 2521 l.
912 2475 943 2521 7
990 2470 1069 2519 De
1106 2472 1222 2521 istae
1256 2490 1391 2539 roges
1432 2475 1648 2541 virgine?

596 2533 677 2597 pol
723 2534 765 2581 si
796 2534 941 2597 sepis,
969 2537 1098 2599 quod
1138 2537 1245 2593 scis,
1280 2540 1448 2597 nescis,
1492 2556 1648 2605 neque

594 2598 659 2643 de
700 2598 953 2659 Eunucho,
994 2614 1149 2665 neque
1200 2603 1262 2650 de
1304 2603 1419 2651 vitio
1451 2606 1646 2669 virginis

595 2658 687 2712 Eu.
720 2662 788 2718 iv,
825 2666 873 2712 4.
910 2666 990 2713 53.
1031 2670 1095 2712 55
1170 2665 1431 2715 Consilium
1468 2678 1645 2718 rectum

592 2732 667 2773 est
720 2726 782 2773 de
837 2727 1139 2776 occludendis
1199 2730 1379 2778 aedibus
1434 2732 1527 2780 Eu.
1578 2734 1643 2791 iv,

592 2792 643 2837 7.
699 2793 759 2839 14
832 2790 1021 2855 Neque,
1062 2792 1177 2856 quid
1220 2794 1407 2843 consilii
1440 2797 1643 2861 cupiam,

590 2852 711 2914 scie,
730 2854 793 2902 de
810 2854 987 2919 virgine
1017 2855 1108 2904 Eu.
1132 2874 1179 2915 v,
1199 2861 1246 2906 2.
1269 2862 1334 2907 29
1366 2859 1445 2907 De
1477 2863 1644 2925 cogni-

591 2916 723 2965 tione
744 2925 798 2964 ut
816 2926 992 2966 certum
1029 2920 1170 2967 sciam
1202 2920 1294 2969 Eu.
1315 2938 1361 2980 v,
1385 2928 1433 2973 3.
1457 2928 1520 2974 12
1572 2926 1644 2973 0·

589 2980 723 3029 mitte
744 2982 805 3029 de
826 2990 875 3030 te
896 2983 1051 3031 dicere
1072 2984 1164 3032 Eu.
1180 3002 1226 3041 v,
1244 2990 1295 3035 6.
1322 2991 1384 3037 19
1415 2987 1493 3036 De
1515 2988 1642 3038 illius

588 3046 794 3106 peccatis
816 3046 949 3108 plurs
970 3046 1096 3095 dicet
1116 3048 1238 3097 Hea.
1260 3050 1387 3099 Prol.
1410 3056 1473 3101 33
1507 3052 1638 3109 Quid

586 3108 648 3155 de
670 3116 719 3156 te
739 3118 919 3158 tantum
940 3113 1178 3160 meruisti?
1210 3112 1317 3161 Hea
1336 3116 1370 3169 i,
1395 3120 1439 3165 1.
1463 3120 1523 3165 31
1560 3117 1642 3165 Illi

585 3172 647 3219 de
670 3188 745 3220 me
766 3174 1050 3237 supplicium
1072 3176 1194 3223 dubo
1215 3177 1338 3224 Hen-
1354 3178 1389 3234 i,
1415 3183 1458 3227 1.
1480 3184 1545 3228 86
1584 3180 1636 3227 Si

584 3234 699 3281 mihi
732 3239 949 3283 secundo
986 3252 1057 3284 res
1092 3239 1155 3285 de
1175 3254 1331 3289 amore
1355 3256 1462 3289 meo
1479 3251 1638 3291 essent

583 3297 706 3346 Hen.
743 3299 797 3354 ii,
826 3304 875 3349 2.
914 3304 940 3348 1
998 3299 1187 3356 Quanta
1222 3304 1283 3350 de
1322 3320 1406 3367 spe
1444 3306 1632 3355 decidi!

583 3360 706 3407 Heu.
729 3360 781 3417 ii,
804 3367 855 3411 3.
878 3368 911 3411 9
955 3362 1053 3411 Hic
1072 3364 1134 3412 de
1155 3367 1322 3414 nostris
1342 3368 1494 3417 verbis
1516 3379 1637 3419 errat

580 3422 805 3472 videlicet
836 3424 961 3475 Hen.
984 3426 1037 3485 ii,
1059 3432 1109 3478 3.
1132 3432 1195 3479 22
1247 3430 1347 3478 Ubi
1379 3434 1441 3481 de
1460 3435 1634 3498 impro-

578 3486 681 3534 viso
704 3488 1013 3538 interventum
1034 3500 1108 3539 est
1125 3494 1305 3542 mulieri
1336 3495 1459 3545 Heu.
1490 3498 1548 3557 ii,
1584 3505 1636 3550 3.

578 3554 647 3599 45
679 3552 805 3599 Mihi
824 3554 1001 3603 cotidie
1022 3559 1235 3621 augescit
1252 3560 1315 3607 de
1330 3560 1427 3609 filio
1446 3565 1634 3626 aegritu-

580 3616 645 3662 do
678 3616 801 3664 Hen.
822 3617 893 3674 iii,
920 3623 964 3667 1.
1000 3622 1063 3668 15
1118 3621 1354 3678 Quidnam
1392 3626 1452 3675 de
1488 3635 1631 3689 gnato

578 3694 687 3727 meo
708 3680 909 3739 audisti,
940 3682 1175 3733 Chreme?
1205 3686 1331 3738 Hea.
1366 3689 1439 3753 iii,
1482 3695 1526 3739 l.
1564 3697 1631 3742 20

576 3741 691 3791 Non
714 3760 840 3794 nune
861 3747 923 3794 de
944 3751 1144 3811 pecnnia
1173 3751 1327 3815 agitur
1347 3754 1469 3802 Hes.
1489 3754 1559 3810 iii,
1583 3760 1631 3805 1.

574 3810 640 3856 67
673 3808 832 3857 Vicini
862 3810 940 3859 hic
971 3813 1214 3877 ambigunt
1233 3816 1293 3863 de
1315 3817 1485 3866 finibus
1505 3817 1629 3871 Hen-

570 3870 643 3928 iii,
669 3876 717 3921 1.
742 3878 805 3921 93
856 3874 935 3922 De
968 3876 1085 3923 istoc
1124 3878 1382 3927 videbimus
1412 3881 1535 3929 Heu.
1554 3884 1628 3940 iii,

572 3938 622 3983 2.
646 3940 713 3986 46
761 3936 839 3985 De
875 3955 953 3987 me
988 3940 1111 3987 facio
1154 3941 1471 4006 conjecturem
1505 3945 1628 3995 Heu.

572 3997 643 4053 iii,
682 4004 730 4049 3.
774 4006 831 4050 13
881 4002 1067 4067 Ecquid
1104 4005 1165 4053 de
1186 4005 1270 4053 ille
1292 4008 1447 4071 egisti,
1470 4008 1625 4103 ⁸3¹⁹?

572 4060 696 4113 Heu.
735 4065 806 4123 iii,
830 4070 879 4116 3.
912 4071 974 4116 34
1022 4067 1101 4117 De
1135 4069 1320 4118 fallacia
1358 4072 1507 4120 dicis.
1548 4076 1624 4123 st!

574 4124 696 4173 Hes.
719 4128 789 4184 iii,
808 4133 855 4178 3.
878 4135 939 4179 35
992 4130 1071 4179 De
1106 4133 1157 4179 di
1192 4134 1257 4197 ‘to
1294 4136 1521 4184 annulum
1540 4138 1624 4187 de-

564 4188 703 4235 trahe
736 4192 857 4240 Hes.
890 4193 1029 4250 iv„l.
1050 4201 1114 4245 37
1214 4215 1242 4245 e
1278 4214 1447 4263 expers
1478 4204 1624 4265 petris

570 4259 697 4301 esset
718 4256 791 4303 de
828 4258 1001 4307 nestris
1033 4261 1169 4309 benis
1211 4262 1331 4312 Heca
1364 4264 1439 4323 ir,
1472 4270 1516 4317 1.
1556 4272 1624 4319 39

1590 403 1828 455 ΙΝΒΒΧ

1739 550 1870 610 Quid
1891 552 2146 616 suspicare,
2163 563 2245 605 sut
2257 555 2438 606 invenis
2451 555 2644 612 deilln?
2665 565 2788 618 Heu.

1735 617 1807 673 iv,
1825 621 1874 666 1.
1895 621 1957 666 45
2005 617 2147 674 Quod
2169 620 2231 670 de
2251 631 2445 685 argento
2465 641 2646 688 sperem
2667 629 2792 680 Hes.

1737 680 1804 736 iv,
1827 685 1876 730 2.
1898 685 1932 732 4
1979 679 2128 730 Ratio
2167 684 2230 732 de
2263 685 2448 750 integro
2481 690 2688 741 ineunda
2718 705 2794 745 ec·

1739 745 1854 796 mihi
1885 744 2008 793 lien.
2039 747 2108 810 iv,
2121 752 2170 796 2.
2191 753 2220 798 7
2271 748 2349 798 Ne
2387 753 2504 815 quid
2539 757 2602 804 de
2635 760 2790 809 amic·

1736 823 1878 856 senex
1899 809 2166 874 (resciscat)
2197 811 2322 862 Hes-
2357 815 2424 872 ἰν,
2462 823 2510 868 3.
2534 823 2596 868 12
2642 822 2792 880 Quod

1739 872 1828 920 tibi
1847 873 1946 920 dixi
1967 875 2028 922 de
2048 882 2240 939 argento
2262 877 2384 927 Heu.
2404 879 2469 937 iv,
2498 887 2548 932 5.
2571 889 2635 933 43
2684 886 2786 935 Ob-

1737 935 1848 983 litus
1867 952 1936 994 es,
1971 939 2096 986 inter
2130 955 2218 988 nos
2249 942 2370 1006 quid
2407 945 2470 992 sit
2509 947 2686 996 dietum
2721 953 2786 1000 de

1735 999 1956 1049 fallacia?
1989 1001 2114 1052 Rea.
2134 1004 2201 1060 iv,
2223 1008 2274 1054 8.
2296 1009 2328 1055 8
2359 1007 2458 1058 Dic
2476 1013 2748 1064 convenisse
2768 1033 2787 1076 ἦ

1736 1064 1887 1127 egisse
1909 1073 1956 1114 te
1976 1067 2040 1114 de
2058 1068 2240 1132 nuptiis
2256 1068 2378 1120 Heu.
2412 1072 2477 1132 iv,
2512 1078 2560 1123 8.
2594 1081 2658 1126 23
2713 1073 2786 1128 Ut

1736 1137 1869 1191 peter
1909 1145 2094 1180 omnem
2135 1133 2197 1180 de
2233 1149 2310 1182 me
2347 1134 2542 1198 ejecerit
2575 1141 2782 1191 animum

1735 1193 1916 1254 patris?
1947 1195 2072 1246 Heu.
2095 1212 2142 1253 V,
2163 1202 2212 1246 2.
2232 1203 2265 1246 2
2315 1199 2414 1264 Qui
2450 1217 2527 1250 me
2547 1211 2698 1253 tacere
2710 1208 2782 1256 de

1734 1271 1786 1304 re
1805 1263 1934 1304 tenta
1955 1259 2164 1322 postules
2191 1261 2312 1310 Hes.
2350 1279 2398 1320 v,
2429 1269 2478 1314 3.
2513 1271 2546 1314 9
2595 1267 2782 1320 Indicio

1734 1320 1796 1368 de
1816 1337 1866 1372 se
1888 1321 1992 1384 ipse
2011 1323 2098 1372 crit
2124 1323 2219 1372 Ad.
2241 1325 2368 1374 Prol.
2388 1332 2420 1377 4
2453 1328 2600 1380 Estne
2616 1333 2724 1382 hici
2761 1363 2784 1382 η

1734 1398 1828 1441 aus,
1851 1385 1914 1433 de
1935 1401 2032 1449 quo
2053 1389 2285 1452 agebam?
2317 1391 2417 1439 Ad.
2451 1393 2486 1450 i,
2524 1399 2571 1444 1.
2591 1401 2656 1444 53
2701 1352 2783 1449 ige

1735 1463 1810 1496 me
1831 1449 2064 1499 obtundas
2083 1454 2146 1500 de
2175 1454 2264 1500 hae
2283 1470 2333 1502 re
2353 1458 2524 1519 saepius
2551 1459 2650 1508 Ad.
2670 1462 2704 1519 i,
2727 1468 2779 1516 2.

1731 1515 1796 1560 23
1851 1513 2103 1563 obsonet?
2151 1519 2320 1580 potat?
2369 1521 2467 1568 olet
2507 1529 2780 1587 unguente?

1729 1577 1919 1626 denen
1939 1577 2038 1626 Ad.
2060 1580 2095 1637 ἰ,
2116 1583 2166 1630 2.
2190 1585 2252 1631 37
2299 1581 2378 1631 An
2415 1601 2504 1648 ego
2541 1589 2680 1636 toties
2715 1592 2779 1640 de

1729 1641 1894 1688 eadem
1915 1644 2208 1692 mundium?
2242 1645 2342 1698 Ad.
2377 1648 2412 1703 i,
2449 1654 2498 1699 2.
2538 1655 2602 1701 48
2650 1653 2778 1704 Eece

1729 1713 1884 1752 nutem
1903 1707 2192 1771 deintegro!
2225 1709 2321 1757 Ad·
2352 1711 2388 1769 i,
2412 1717 2461 1763 2.
2499 1719 2562 1764 73
2607 1715 2685 1765 De
2707 1733 2778 1766 ar·

1728 1776 1890 1830 gente,
1911 1771 2142 1820 somnium
2175 1774 2272 1821 Ad.
2307 1774 2361 1832 ii,
2385 1780 2430 1825 1.
2451 1782 2516 1827 59
2565 1779 2616 1827 Si
2649 1797 2776 1833 nuno

1727 1831 1790 1880 de
1809 1839 1890 1880 tuo
1919 1833 2026 1897 jure
2058 1838 2367 1888 concessisses
2398 1843 2641 1904 paululum
2673 1848 2778 1896 Ad.

1727 1894 1778 1952 ii,
1800 1901 1848 1944 2.
1869 1901 1904 1946 9
1950 1899 2104 1948 Etiam
2141 1903 2204 1948 de
2243 1911 2366 1952 sorte
2403 1921 2532 1954 nunc
2566 1909 2700 1958 venio
2723 1912 2774 1960 in

1726 1959 1920 2008 dubium
1940 1963 2115 2011 miser?
2145 1965 2245 2015 Ad.
2270 1967 2324 2023 ii,
2360 1973 2408 2019 2.
2429 1974 2490 2019 35
2523 1971 2682 2020 Laetus
2701 1984 2776 2024 est

1726 2023 1788 2072 de
1810 2025 1962 2074 auden
1991 2027 2090 2077 Ad.
2127 2028 2176 2090 ii,
2209 2035 2260 2079 2.
2295 2037 2356 2081 45
2405 2033 2576 2084 Hercle
2612 2037 2690 2087 hio
2711 2041 2774 2090 de

1726 2102 1866 2152 εποδε
1885 2090 1972 2138 iilo
1991 2100 2066 2138 est
2094 2091 2194 2141 Ad.
2213 2093 2282 2150 iii,
2303 2101 2351 2144 2.
2373 2102 2405 2146 8
2447 2097 2656 2149 Adortus
2669 2103 2775 2165 jur-

1725 2151 1806 2213 gio
1839 2153 2022 2202 fratrem
2061 2156 2122 2205 de
2143 2158 2341 2207 Psultrin
2360 2161 2480 2210 istnc
2509 2161 2602 2214 Ad.
2627 2165 2696 2223 iii,
2721 2174 2770 2220 3.

1726 2221 1786 2264 51
1838 2216 2097 2267 Intervenit
2113 2223 2256 2270 homo
2293 2225 2355 2272 de
2391 2226 2639 2288 improviso
2671 2231 2772 2281 Ad.

1722 2277 1792 2337 iii,
1813 2284 1862 2329 3.
1885 2286 1949 2331 53
1999 2283 2078 2330 De
2109 2285 2226 2334 istoc
2246 2287 2344 2350 ipse
2386 2289 2556 2337 viderit
2584 2291 2681 2344 Ad.
2701 2297 2772 2354 iii,

1724 2346 1771 2390 8.
1817 2349 1880 2394 8³
1942 2345 2022 2394 De
2061 2349 2260 2398 Psaltrin
2309 2354 2398 2402 hnc
2449 2355 2629 2404 audivit
2674 2359 2772 2410 Ad.

1721 2405 1796 2464 iii,
1815 2412 1864 2457 4.
1885 2415 1914 2458 5
1965 2410 2031 2467 Is,
2051 2414 2181 2476 quod
2203 2415 2318 2463 mihi
2337 2418 2398 2466 de
2415 2419 2503 2466 hnc
2523 2435 2572 2468 re
2589 2418 2774 2473 dederit

1723 2473 1984 2532 consilium,
2016 2475 2066 2523 id
2089 2494 2255 2541 sequar
2285 2479 2382 2530 Ad.
2401 2483 2472 2540 iii,
2494 2488 2542 2533 4.
2565 2490 2644 2537 54.
2678 2490 2769 2542 Pu.

1721 2534 1776 2593 ii,
1797 2540 1848 2587 4.
1869 2542 1930 2587 21
1989 2538 2073 2587 Sin
2093 2542 2226 2590 aliter
2255 2545 2318 2593 de
2351 2547 2440 2595 hac
2475 2564 2525 2597 re
2561 2559 2634 2597 est
2663 2554 2767 2617 ejus

1723 2602 1954 2650 sententis
1983 2602 2084 2654 Ad.
2117 2606 2190 2663 iii,
2213 2613 2260 2656 5.
2281 2614 2311 2657 5
2359 2610 2576 2661 Hoceine
2595 2616 2658 2665 de
2676 2618 2766 2666 im·

1718 2666 1913 2727 proviso
1949 2668 2056 2715 muli
2089 2671 2202 2717 mih-i
2241 2671 2386 2736 objici
2422 2682 2636 2728 tanturn?
2669 2682 2767 2731 Ad.

1718 2728 1783 2785 iv,
1812 2733 1862 2778 4.
1899 2734 1925 2778 1
1971 2731 2122 2780 Tanta
2141 2750 2268 2784 nune
2288 2739 2492 2801 suspicio
2512 2743 2574 2790 de
2592 2760 2668 2793 me
2687 2747 2764 2793 in-

1717 2792 1836 2841 cidit
1856 2792 1952 2843 Ad.
1973 2794 2036 2853 iv,
2059 2801 2107 2847 4.
2127 2804 2156 2847 5
2190 2800 2269 2847 Ne
2287 2803 2403 2866 quid
2425 2804 2485 2853 de
2499 2805 2638 2855 fratre
2657 2826 2764 2873 gar-

1716 2856 1830 2903 rulae
1851 2858 1921 2906 ini
1957 2860 2160 2909 dicerem
2191 2864 2289 2913 Ad.
2327 2866 2392 2923 it,
2412 2872 2459 2918 4.
2486 2873 2546 2918 14
2589 2872 2660 2919 Tu
2699 2875 2763 2923 de

1717 2920 1918 2973 Pseltrin
1947 2939 2024 2973 me
2045 2928 2247 2975 somnies
2285 2945 2421 2993 agere
2453 2932 2552 2982 Ad.
2573 2935 2638 2993 iv,
2660 2942 2710 2988 7.
2727 2942 2761 2987 6

1715 2983 1795 3033 De
1815 3001 1994 3035 summe
2011 2990 2128 3037 nihil
2145 2993 2372 3042 decedet:
2406 2998 2534 3060 quod
2554 3000 2664 3049 hinc
2683 3017 2760 3050 nc·

1714 3052 1920 3114 cesserit,
1940 3052 1989 3099 id
2026 3056 2088 3101 de
2127 3055 2255 3105 lucro
2294 3068 2460 3122 putato
2483 3076 2586 3111 esse
2622 3081 2760 3113 omne

1716 3111 1808 3160 Ad·
1839 3134 1886 3171 V,
1923 3121 1972 3165 3ο
2005 3122 2088 3168 ³⁰0
2124 3124 2185 3169 ³1
2235 3120 2384 3170 Immo
2407 3125 2466 3171 de
2487 3136 2628 3177 noete
2645 3144 2759 3177 een·

1711 3192 1793 3226 seo
1808 3182 1906 3232 Ad.
1924 3199 1972 3237 v,
1993 3188 2040 3231 3.
2055 3190 2118 3232 55
2151 3184 2228 3233 De
2245 3193 2292 3233 te
2309 3186 2510 3249 largitor,
2522 3206 2638 3253 puer
2657 3192 2758 3243 Ad.

1711 3259 1759 3299 v,
1780 3251 1828 3295 8.
1851 3252 1910 3297 17
1944 3246 2190 3311 Αάριητο
2207 3251 2270 3297 de
2279 3250 2356 3297 die
2371 3254 2637 3301 convivium
2657 3256 2760 3305 Ad.

1710 3324 1758 3364 v,
1779 3315 1830 3359 9.
1853 3316 1884 3360 8
1930 3312 2010 3361 De
2046 3314 2188 3361 fratre
2215 3314 2328 3377 quid
2369 3315 2485 3363 fiet?
2519 3318 2618 3370 Ad.
2641 3336 2689 3383 v,
2709 3325 2758 3371 9.

1711 3377 1779 3423 ³9-
1821 3375 2197 3433 Tumultnnntur,
2217 3379 2440 3437 clamant,
2463 3392 2676 3445 pugnant
2695 3386 2758 3433 de

1707 3437 1816 3486 loco
1847 3439 1942 3489 He.
1961 3440 2064 3491 Alt.
2089 3442 2214 3491 Ptol.
2237 3447 2299 3492 33
2333 3444 2412 3492 De
2433 3454 2480 3493 te
2509 3450 2755 3511 peccando

1707 3502 1974 3552 detrimenti
1995 3506 2112 3553 nihil
2133 3507 2232 3555 fi‘eti
2255 3516 2412 3571 potest
2429 3510 2522 3558 He.
2543 3510 2596 3567 ii,
2621 3516 2665 3560 1.
2688 3516 2755 3562 26

1707 3564 1822 3614 Adii
1844 3575 1892 3617 te
1913 3570 2009 3617 heri
2031 3572 2092 3621 de
2125 3570 2221 3619 filia
2252 3571 2346 3620 He.
2367 3573 2418 3629 ii,
2438 3578 2487 3622 2.
2509 3578 2542 3623 9
2589 3574 2751 3631 Quum

1707 3630 1768 3678 de
1788 3633 1951 3680 eadem
1973 3649 2114 3681 causa
2131 3643 2206 3683 est
2221 3636 2472 3685 iracundus
2491 3638 2642 3687 fectus
2663 3640 2754 3687 ini-

1705 3695 1980 3743 micissimus
2011 3698 2104 3745 He.
2124 3699 2194 3757 iii,
2217 3704 2263 3748 1.
2282 3706 2350 3751 29
2393 3702 2532 3763 Ipsus
2563 3710 2652 3761 est,
2691 3706 2752 3752 de

1703 3774 1798 3821 qno
1819 3759 1896 3807 hic
1918 3762 2108 3823 agebam
2132 3770 2286 3811 tecum
2309 3765 2404 3813 He.
2423 3764 2496 3827 iii,
2513 3773 2563 3816 5.
2583 3773 2612 3815 5
2661 3768 2749 3815 AE-

1703 3836 1799 3883 qun
1817 3824 1878 3871 de
1899 3839 1972 3871 me
1996 3826 2166 3873 dixerit
2186 3826 2280 3875 He.
2302 3830 2370 3885 iii,
2393 3836 2439 3879 5.
2456 3834 2518 3879 25
2565 3830 2642 3879 De
2663 3848 2748 3878 ux·

1703 3900 1783 3933 ore
1802 3886 2006 3935 incertus
2027 3902 2128 3935 sum
2163 3891 2257 3939 He.
2279 3891 2345 3950 iv,
2369 3897 2418 3942 3.
2439 3898 2470 3942 8
2526 3895 2629 3943 Etsi
2665 3894 2752 3942 tibi

1701 3964 1840 3997 ceusu
1861 3959 1933 3999 est
1953 3954 2014 4000 de
2036 3953 2124 4001 hnc
2144 3970 2196 4002 re
2227 3955 2320 4005 He.
2338 3958 2406 4015 iv,
2419 3962 2468 4007 4.
2491 3964 2522 4006 2
2555 3958 2603 4005 N
2607 3959 2748 4006 ullam

1701 4014 1763 4062 de
1785 4014 1856 4063 his
1877 4017 2014 4063 rebus
2033 4017 2219 4081 culpem
2241 4022 2514 4069 commeruit
2535 4030 2616 4069 tua
2653 4022 2748 4069 He.

1699 4076 1765 4135 ἰν,
1787 4082 1837 4128 4.
1860 4084 1894 4129 9
1947 4080 2066 4129 Post
2097 4083 2159 4131 de
2195 4092 2341 4133 matre
2361 4086 2524 4133 videro
2553 4086 2648 4135 He.
2677 4087 2746 4143 iv,

1699 4146 1748 4191 4.
1789 4147 1854 4192 78
1899 4142 2014 4193 Non
2053 4148 2146 4195 hoc
2175 4149 2238 4196 de
2286 4149 2435 4197 nihilo
2487 4158 2576 4208 est,
2615 4150 2743 4215 qnod

1697 4204 1796 4257 He.
1815 4224 1862 4265 v,
1886 4212 1932 4256 l.
1955 4214 1982 4259 1
2019 4210 2088 4259 Ut
2107 4213 2169 4260 de
2191 4213 2272 4259 teli
2293 4228 2436 4262 causa
2455 4223 2619 4279 nuptae
2639 4230 2740 4261 rnu-

1696 4268 1800 4320 lieri
1818 4276 2152 4331 ”ostenderet
2179 4276 2272 4325 He.
2295 4294 2342 4336 v,
2366 4284 2412 4329 1.
2431 4283 2501 4329 39
2539 4276 2744 4329 Meritus
