3192 4975
1413 303 1438 314 Δ

1231 460 1315 512 IN
1357 449 1833 510 manzanum.

395 627 516 680 --que
535 609 599 662 A.
615 605 831 668 111,3.’24
861 609 970 660 Hoc
989 607 1193 674 tempus,
1211 625 1473 676 praenitere

419 679 534 728 mihi
556 693 644 736 me,
665 677 790 724 haud
827 684 876 724 te
912 676 1073 724 ulcisci
1107 677 1218 723 sinit
1248 677 1312 727 A.
1332 678 1403 739 iii,
1425 683 1470 729 5.

395 750 485 794 ’18
534 744 648 791 Post
670 742 752 789 ubi
787 747 972 803 tempus
1008 741 1232 803 promissa
1269 749 1344 790 est
1373 742 1472 804 jam

412 807 597 872 ven-fici,
633 814 732 853 tum
766 805 833 852 A.
851 806 918 861 iv,
943 809 987 868 l.
1009 810 1037 854 7
1091 807 1236 854 Proin
1269 814 1336 862 tu,
1361 809 1474 854 dum

417 882 490 921 est
527 879 729 934 tempus,
765 871 904 917 etiam
951 876 1092 932 atque
1134 872 1274 918 etiarn
1315 871 1475 934 cogita

395 937 508 985 Ἐυ.
533 937 567 991 i,
593 940 638 983 1.
664 939 719 983 11
774 934 884 982 Huc
923 936 1125 997 proviso,
1156 945 1228 990 ut,
1250 936 1332 982 ubi
1355 944 1472 983 tem-

417 1017 506 1064 pus
545 1001 649 1057 siet,
683 999 914 1046 deducam
963 997 1053 1045 Eu.
1095 999 1166 1060 iii,
1211 1006 1253 1048 1.
1291 1005 1322 1050 4
1378 1000 1473 1048 Ubi

417 1073 606 1128 tempus
627 1064 731 1118 erit,
771 1072 846 1111 sat
879 1064 1038 1120 habet,
1061 1064 1098 1111 si
1123 1072 1221 1111 tum
1254 1065 1474 1127 recipitur

399 1129 510 1177 'Eu.
535 1128 605 1190 iii,
627 1133 676 1177 2.
711 1132 774 1177 32
825 1127 997 1183 Locus,
1027 1135 1213 1192 tempus
1245 1129 1472 1176 coustitu-

416 1203 516 1242 t'um
538 1201 624 1242 est.
670 1192 899 1240 Praeteriit
929 1201 1112 1256 ternpus
1146 1193 1238 1240 Eu.
1259 1193 1328 1254 iii,
1349 1197 1398 1242 4.
1421 1197 1468 1244 3.

417 1263 450 1307 4
485 1257 563 1306 Ad
586 1273 689 1306 eam
712 1273 805 1304 rem
827 1266 1010 1320 ternpus
1031 1273 1128 1304 non
1162 1267 1260 1305 erat
1293 1257 1382 1305 Eu.
1401 1258 1470 1315 iv,

421 1328 468 1372 1.·
503 1327 534 1371 7
592 1322 685 1370 Sed
721 1329 774 1368 ut
808 1321 904 1369 diei
939 1331 1125 1384 tempus
1159 1329 1248 1384 est,
1284 1337 1472 1370 monere

417 1394 602 1450 oporte-t
622 1401 698 1434 me
720 1386 948 1434 Phaniam
983 1386 1103 1434 Hea.
1125 1387 1159 1442 i,
1186 1392 1230 1436 1.
1257 1392 1348 1436 116
1380 1386 1470 1434 At-

418 1467 510 1514 que
531 1451 671 1498 etiam
691 1465 816 1498 nunc
839 1459 1022 1513 ternpus
1043 1458 1131 1499 est.
1193 1451 1265 1498 Tu
1285 1458 1338 1499 ut
1353 1459 1470 1499 tem-

416 1516 747 1628 13011
766 1515 979 1642 &tzar
1000 1531 1075 1626 :20
1253 1517 1300 1626 ³2

972 1597 998 1628 e
1077 1595 1142 1626 m²
1194 1616 1206 1636 ,
1249 1598 1274 1627 u
1396 1596 1469 1629 ea.

413 1642 482 1700 iv,
507 1649 528 1692 1
543 1679 554 1690 .
577 1649 640 1692 54
690 1644 739 1690 Si
761 1659 966 1706 unquam
989 1644 1136 1692 ulium
1158 1645 1251 1692 fuit
1271 1653 1472 1708 tempus,

413 1715 578 1763 mater,
611 1723 752 1772 quum
805 1708 925 1755 Heu.
963 1725 1012 1769 v,
1032 1714 1080 1757 4.
1105 1715 1132 1759 1
1182 1710 1258 1756 Ita
1287 1716 1471 1770 tempus

415 1769 538 1820 fert:
563 1772 837 1820 faciundum
861 1779 932 1820 est
964 1772 1059 1820 Ad.
1082 1789 1128 1829 ν,
1143 1778 1190 1822 3.
1209 1777 1272 1822 53
1309 1775 1471 1837 Agen-

415 1836 466 1884 di
507 1843 692 1900 tempus
735 1837 846 1884 mihi
890 1838 1050 1884 datum
1107 1847 1180 1885 est
1233 1837 1326 1884 He.
1369 1839 1470 1887 Ait.

415 1899 545 1950 Ρ101.
571 1905 635 1950 36
667 1901 822 1948 Omne
844 1902 973 1964 quod
993 1910 1064 1950 est
1077 1902 1252 1950 interea
1269 1911 1470 1966 tempus,

415 1963 544 2013 lucro
565 1973 639 2012 est
669 1965 763 2014 He.
802 1965 870 2020 iii,
895 1971 941 2014 1.
963 1971 994 2015 7
1048 1965 1176 2013 Dum
1200 1975 1330 2021 aetas,
1351 1975 1470 2016 tem·

414 2044 504 2092 pus
525 2031 650 2086 tulit,
669 2032 915 2093 perfuncta
947 2031 1058 2078 satis
1093 2045 1210 2078 sum.
1277 2032 1370 2080 Hic
1402 2033 1470 2080 vi-

415 2093 508 2141 deo
533 2109 606 2141 me
630 2111 732 2142 0330
753 2094 948 2141 invisam
978 2096 1245 2143 immerito:
1285 2104 1471 2160 tempus

414 2164 488 2206 est
511 2161 770 2206 concedere
803 2159 898 2206 He.
920 2159 987 2214 iv,
1009 2165 1056 2208 2.
1083 2163 1234 2210 18.21
1273 2159 1386 2207 Non
1403 2169 1473 2208 est

312 2266 315 2268 .
415 2237 543 2270 nunc
565 2231 750 2286 tempus
783 2223 877 2272 He.
911 2224 979 2280 iv,
997 2227 1046 2272 4.
1068 2227 1128 2272 77
1181 2224 1350 2280 Quaere
1387 2225 1471 2272 aii-

414 2298 494 2334 um
519 2287 600 2334 tibi
623 2287 824 2336 amicu'm
847 2287 1110 2342 firmiorem,
1141 2289 1252 2335 dum
1285 2297 1471 2352 tempus

414 2351 691 2400 consulendi
730 2359 804 2399 est
857 2351 950 2400 He.
979 2369 1036 2408 -ν,
1061 2356 1109 2400 l.
1131 2356 1196 2401 19
1238 2353 1472 2417 Exequias

415 2415 670 2476 Chremeti,
704 2415 874 2479 quibus
915 2423 987 2463 est
1027 2417 1342 2480 commodum,
1383 2419 1471 2478 ire,

411 2479 547 2527 hem!
587 2488 772 2544 tempus
815 2489 888 2529 est
941 2480 1031 2527 Ph.
1072 2499 1119 2537 v,
1153 2485 1200 2531 8.
1231 2486 1294 2531 37
1348 2479 1470 2529 Tum

413 2546 636 2609 temporis
657 2546 772 2592 mihi
797 2552 1022 2607 punctum
1045 2546 1104 2592 ad
1129 2546 1250 2594 hauc
1273 2562 1368 2593 rem
1397 2555 1471 2595 est

413 2607 504 2655 Ph.
539 2610 572 2665 i,
596 2615 645 2658 4.
665 2614 696 2657 7
753 2609 798 2655 Ο
822 2610 1038 2665 Chreme,
1077 2624 1160 2670 per
1181 2618 1364 2670 tempus
1386 2612 1470 2655 ad-

415 2671 544 2719 venis
599 2672 662 2719 A.
707 2672 844 2730 iv‚4.
868 2676 930 2719 44
967 2671 1344 2718 Commodiorem
1383 2674 1468 2718 ho-

413 2736 605 2793 minem,
627 2736 898 2789 adventum,
922 2742 1123 2795 tempus,
1145 2750 1241 2781 non
1274 2735 1372 2782 vidi
1405 2737 1468 2782 A.

397 2802 532 2855 .v‚·2.
555 2803 586 2849 3
635 2798 859 2861 Denique
901 2798 1081 2845 nullum
1121 2800 1315 2845 remittis
1351 2807 1470 2847 tem-

415 2877 522 2925 pus.
603 2864 714 2913 Sine
777 2878 852 2910 me
906 2862 1114 2910 vacivom
1171 2870 1355 2926 tempus
1408 2880 1470 2912 ne

411 2928 545 2991 quod
600 2927 730 2975 duim
781 2928 898 2974 1111111
952 2927 1120 2973 laboris
1173 2927 1294 2976 Hea.
1337 2929 1372 2985 i,
1419 2934 1468 2979 1.

413 2996 496 3041 18.
535 2996 608 3041 38
661 2990 911 3055 Strepitus,
971 2992 1148 3039 clamor
1224 2992 1468 3041 mulierum

399 3058 583 3113 iecere,
627 3064 680 3104 ut
721 3064 830 3103 ante
885 3064 1072 3121 tempus
1125 3056 1295 3105 exirem
1349 3058 1471 3105 foras

401 3121 510 3170 ·He.
555 3121 654 3169 Alt.
712 3121 839 3169 Ptol.
895 3125 961 3169 28
1037 3120 1128 3169 Sed
1183 3121 1322 3169 video
1357 3123 1470 3169 Phi·-

413 3187 614 3251 dippum
637 3186 796 3249 egredi
834 3200 922 3249 per
953 3192 1156 3248 tempus,
1191 3188 1470 3235 accedamus

413 3248 510 3299 He.
545 3251 610 3307 111,
633 3255 768 3300 3.16
812 3250 920 3313 Egi,
956 3258 1098 3313 atque
1135 3252 1260 3299 oravi
1295 3260 1468 3309 tecum,

415 3330 606 3363 uxorem
649 3324 704 3361 ut
738 3316 962 3363 duceres:
1005 3324 1192 3378 tempus
1235 3316 1330 3363 dixi
1369 3332 1470 3365 0330

414 3379 510 3427 He.
548 3380 614 3439 iv,
633 3382 682 3427 4.
709 3384 770 3428 65
811 3379 888 3427 Ne
911 3394 986 3425 me
1006 3380 1057 3427 111
1083 3381 1220 3428 breve
1243 3380 1468 3444 conjicias

413 3451 618 3505 tempus,
641 3444 812 3507 gaudio
837 3446 924 3491 hoc
947 3443 1064 3491 falso
1093 3444 1182 3492 frui
1218 3444 1312 3493 He.
1353 3462 1398 3502 v,
1419 3450 1470 3497 4.

414 3512 448 3557 2
497 3508 590 3557 Dis
612 3509 780 3571 gratias
801 3510 986 3571 agebat,
1007 3514 1194 3571 tempus
1233 3510 1320 3556 sibi
1351 3511 1471 3566 dari,

415 3574 494 3621 ubi
548 3574 638 3621 Ph.
679 3574 747 3634 iv,
770 3579 818 3623 2.
842 3578 874 3622 6
917 3572 986 3621 Ut
1005 3588 1180 3636 rogem,
1201 3576 1327 3637 quod
1351 3582 1468 3621 tem-

403 3651 506 3700 ·pus
527 3638 841 3687 conveniundi
865 3638 1007 3701 patris
1029 3652 1104 3685 me
1129 3652 1297 3701 capere
1327 3639 1470 3701 jube·

415 3702 500 3748 at?
537 3702 628 3750 Ph.
664 3720 711 3761 V,
735 3708 784 3753 4.
809 3707 840 3751 9
891 3704 1000 3751 Ηο0
1023 3710 1230 3766 tempore
1251 3704 1468 3767 obsequi-

404 3780 496 3812 ·um
517 3766 710 3826 amicos,
732 3768 901 3816 veritas
923 3768 1082 3815 odium
1103 3768 1228 3830 parit
1265 3767 1326 3816 A.
1363 3768 1398 3823 i,
1421 3773 1468 3817 l.

413 3833 480 3879 40
515 3829 676 3893 Atque
699 3834 818 3879 adeo
839 3833 888 3879 in
917 3833 1022 3895 ipso
1061 3839 1270 3893 tempore
1307 3846 1470 3889 eccum

415 3894 568 3958 ipsum
593 3895 776 3943 obviam
811 3896 872 3943 A.
893 3895 964 3951 iii,
981 3901 1029 3945 2.
1047 3902 1110 3945 52
1145 3896 1268 3945 Veni
1281 3896 1332 3943 in
1355 3904 1470 3943 tem·

415 3974 530 4023 pore
563 3958 630 4007 A.
667 3959 731 4016 iv,
756 3965 803 4009 4.
827 3963 890 4008 19
922 3960 1100 4024 Sequar
1119 3962 1236 4008 hos:
1262 3961 1374 4008 0010
1397 3976 1470 4009 1110

401 4024 466 4071 ’10
489 4032 700 4088 tempore
719 4026 812 4072 hoc
833 4024 990 4071 videat
1009 4040 1146 4072 senex
1178 4025 1242 4073 A.
1259 4025 1324 4082 iv,
1341 4032 1388 4075 5.
1404 4030 1468 4075 24

417 4088 464 4136 Ο
485 4088 708 4146 Charine,
729 4090 779 4137 111
803 4097 1010 4151 tempore
1035 4090 1144 4152 ipso
1181 4089 1295 4137 mihi
1325 4092 1469 4138 adve-

418 4152 492 4199 nis
521 4153 584 4204 A.
605 4169 656 4211 v,
673 4159 724 4203 6.
751 4158 814 4202 10
845 4152 904 4201 111
921 4161 1129 4217 tempore
1147 4154 1206 4200 ad
1223 4170 1326 4202 eam
1345 4154 1470 4213 veni,

411 4215 718 4279 ι(1001110111ιο
751 4218 958 4266 omnium
996 4226 1068 4265 est
1102 4218 1300 4281 primum
1345 4218 1467 4268 Hes.

419 4280 476 4334 11,
496 4285 544 4329 3.
568 4286 660 4331 123
711 4284 823 4341 Quo
841 4282 960 4331 veiis
992 4282 1038 4329 111
1075 4289 1302 4346 tempore,
1333 4290 1389 4331 ut
1422 4291 1469 4333 te

409 4346 632 4396 ‚avolum
663 4348 785 4398 Hes.
821 4348 887 4407 iv,
911 4352 960 4401 3.
975 4350 1042 4397 43
1085 4346 1295 4405 Quorum
1327 4364 1471 4412 opera

2214 533 2225 549 .
2322 427 2599 510 cccxlix

1547 610 2599 726 33¹5:3¹3⁸⁰¹¹1513i¹³ff⁸1¹2¹3305223⁸35139023

1545 749 1689 798 recte,
1712 749 1761 788 et
1782 747 1989 802 tempore
2009 755 2099 787 suo
2122 739 2353 802 pepererit
2394 738 2490 790 He.
2528 741 2597 801 iv,

1549 811 1596 856 1.
1623 811 1683 855 16
1714 805 1996 869 Opportune
2015 811 2061 852 te
2084 803 2214 858 1111111,
2252 803 2508 867 Phidippe,
2545 805 2599 852 in

1545 871 1651 933 ipso
1675 877 1881 933 tempore
1904 867 2112 916 ostendis
2145 867 2237 916 He.
2270 867 2334 923 iv,
2355 870 2403 915 ’4.
2424 874 2453 916 5
2503 869 2597 918 Sed

1545 951 1711 982 eccum
1732 935 1887 998 ipsum
1920 934 2059 981 video
2094 933 2143 978 in
2178 939 2387 994 tempore
2422 933 2515 981 huc
2549 946 2601 982 30

1545 1000 1755 1062 recipere
1789 999 1880 1046 Ph.
1902 997 1958 1059 ii,
1974 1001 2022 1046 4.
2039 1001 2103 1046 24
2136 994 2249 1044 Non
2266 1003 2340 1043 sat
2354 999 2599 1046 commode

1547 1065 1696 1111 divisa
1717 1070 1827 1110 sunt
1848 1063 2133 1126 temporibus
2168 1060 2271 1118 tibi,
2307 1060 2461 1119 Dave,
2498 1063 2599 1112 haec

1545 1128 1610 1177 A.
1635 1127 1702 1185 iii,
1728 1133 1772 1176 1.
1797 1131 1859 1177 18
1886 1153 1893 1158 ·
2562 1137 2570 1148 ¹

1605 1192 1931 1250 'Temulentus,
1952 1206 1997 1250 a,
2017 1203 2115 1237 um.
2178 1188 2303 1237 Sane
2322 1190 2403 1252 001
2424 1189 2506 1237 ina
2532 1197 2602 1240 te-

1545 1257 1756 1305 mulenta
1778 1265 1848 1314 est
1870 1253 2049 1310 mulier,
2070 1263 2121 1301 et
2142 1254 2382 1301 temeraria
2418 1253 2477 1302 A.
2498 1255 2532 1314 i,
2549 1259 2598 1305 4.

1537 1327 1576 1374 ’2
1610 1321 1889 1368 Temulenta
1910 1335 1960 1368 es
1993 1319 2083 1366 Eu.
2102 1317 2168 1374 ἰν,
2192 1323 2239 1366 3.
2266 1323 2325 1367 13

1609 1386 1787 1434 Tenax.
1854 1384 1942 1432 Ille
1977 1384 2202 1438 clemens,
2226 1383 2475 1446 placidus:
2510 1399 2601 1448 ego

1543 1449 1627 1498 1110
1656 1449 1866 1513 agrestis,
1890 1464 2064 1504 aaevus,
2102 1447 2257 1503 tristis,
2291 1463 2471 1510 parcus,
2504 1455 2601 1496 tru-

1547 1514 1780 1571 culentus,
1804 1523 1960 1570 tenax,
1982 1512 2097 1561 duxi
2119 1527 2307 1560 uxorem
2346 1511 2444 1560 Ad.
2476 1528 2528 1570 v,
2549 1517 2599 1562 4.

1610 1644 1795 1692 Tendo.
1859 1642 2005 1690 Miles
2026 1641 2250 1691 tendere:
2276 1639 2388 1687 inde
2410 1641 2471 1688 ad
2498 1640 2602 1704 jur-

1546 1708 1675 1772 gium
1726 1708 1813 1756 Eu.
1848 1707 1916 1769 iv,
1941 1713 1989 1757 l.
2012 1711 2075 1755 12
2107 1705 2221 1752 Non
2258 1712 2355 1752 rete
2391 1705 2629 1768 accipitri.

1547 1773 1772 1832 tenditur,
1788 1788 1949 1835 neque
1980 1771 2143 1827 miluo,
2182 1770 2264 1832 qui
2300 1769 2603 1818 malefaciunt

1545 1838 1711 1886 nobis:
1746 1839 1869 1893 iuis,
1892 1837 1976 1900 qui
2005 1834 2122 1882 nihil
2161 1829 2356 1892 faciunt,
2394 1835 2602 1882 tenditur

1546 1903 1637 1950 Ph.
1657 1903 1711 1962 ii,
1734 1907 1781 1951 2.
1806 1905 1884 1951 16.
1910 1906 1971 1950 17
2354 1917 2361 1924 ·

1608 1966 1851 2016 Tenebrae.
1918 1965 2041 2014 Cum
2065 1979 2329 2026 compressa
2353 1969 2426 2010 est
2443 1969 2603 2024 gnata,

1543 2031 1693 2078 forma
1727 2032 1777 2078 in
1816 2028 2017 2078 tenebris
2060 2029 2193 2076 nosci
2230 2042 2327 2075 non
2362 2027 2495 2090 quita
2526 2035 2602 2075 est

1545 2095 1640 2143 He.
1664 2095 1731 2156 iv,
1756 2101 1797 2145 1.
1816 2100 1876 2144 57

1609 2159 1786 2208 Teneo.
1851 2155 2045 2206 AudrIae
2087 2157 2158 2204 1111
2192 2156 2243 2203 id
2282 2162 2381 2203 erat
2414 2169 2604 2206 nomen.

1545 2225 1627 2272 So.
1659 2225 1821 2272 Teneo
1865 2223 1926 2271 A.
1963 2223 1997 2278 i,
2024 2227 2069 2270 1.
2092 2228 2159 2272 59
2206 2220 2285 2268 Ne
2306 2220 2368 2266 ad
2392 2221 2601 2268 morbum

1545 2290 1637 2336 hoc
1658 2291 1815 2336 etiam.
1848 2288 1960 2350 My.
1982 2286 2143 2334 Teneo
2177 2286 2238 2333 A.
2276 2285 2309 2341 i,
2332 2289 2380 2332 5.
2398 2287 2463 2332 66
2508 2284 2601 2332 Το-

1545 2369 1637 2409 neo
1660 2353 1773 2416 quid
1798 2360 1947 2399 erret:
1972 2359 2022 2399 et
2041 2349 2156 2414 quid
2184 2365 2340 2412 agam,
2363 2349 2514 2396 habeo
2538 2348 2600 2396 A.

1543 2417 1613 2473 iii,
1636 2421 1685 2466 2.
1704 2421 1765 2466 18
1795 2417 2018 2464 Teneone
2036 2423 2100 2470 te,
2120 2412 2387 2474 Antiphila,
2408 2413 2603 2460 maxime

1545 2481 1703 2529 animo
1724 2490 1949 2543 exoptata
1970 2496 2074 2527 meo
2110 2478 2232 2530 Hea.
2254 2477 2305 2535 11,
2329 2480 2377 2526 4.
2396 2481 2461 2527 27
2506 2477 2602 2524 110-

1543 2562 1620 2592 mo
1642 2546 1692 2593 id
1712 2546 1839 2607 quod
1862 2546 2011 2597 aiunt,
2033 2544 2221 2591 auribus
2260 2550 2398 2590 teneo
2437 2542 2602 2605 lupum

1545 2609 1637 2655 Ph.
1671 2608 1741 2664 iii,
1764 2613 1810 2655 2.
1832 2612 1895 2657 21
1948 2606 2069 2653 Rem
2105 2614 2237 2653 tenes
2271 2606 2334 2653 A.
2374 2605 2430 2662 ii,
2459 2610 2508 2653 2.
2540 2610 2601 2655 12

1545 2672 1695 2728 Quasi
1730 2672 1811 2718 ubi
1846 2671 1973 2718 inam
2002 2676 2249 2731 exspueret
2286 2669 2513 2716 miseriam
2532 2684 2603 2717 ex

1544 2736 1719 2782 animo.
1750 2735 1840 2781 Th.
1862 2734 2016 2782 Tenes
2049 2733 2139 2780 Eu.
2173 2732 2241 2787 iii,
2268 2739 2315 2782 1.
2336 2736 2399 2781 16
2430 2732 2601 2792 Το003,

1545 2801 1659 2862 quid
1682 2800 1874 2847 dicam?
1907 2798 1991 2861 Sy.
2016 2798 2144 2855 Quid
2178 2797 2230 2843 ni
2254 2797 2271 2844 ?
2305 2796 2428 2844 Hea.
2464 2796 2530 2853 iv,
2552 2802 2612 2849 8.

1545 2868 1610 2913 22
1641 2863 1899 2927 Argentum
1922 2863 2111 2910 dabitur
2126 2862 2171 2909 ei
2193 2861 2251 2907 ad
2276 2861 2483 2923 nuptias,
2514 2878 2600 2911 au-

1543 2945 1664 2984 rum,
1687 2938 1828 2993 atque
1849 2934 2042 2987 vestem,
2074 2927 2173 2989 qui,
2213 2926 2435 2973 tenesne?
2478 2926 2602 2978 Hea.

1537 2994 1611 3049 iv,
1634 2999 1680 3041 5.
1704 2998 1769 3041 30
1823 2992 1887 3041 Vi
1926 3000 2141 3039 coactum
2179 2996 2227 3037 te
2263 3005 2365 3038 esse
2400 2990 2600 3039 invitum

1545 3060 1668 3120 lege,
1696 3056 1911 3119 judicio:
1944 3056 2110 3104 tenes?
2148 3054 2234 3102 Ph.
2274 3055 2309 3114 i,
2327 3060 2376 3103 4.
2400 3059 2461 3104 37
2496 3054 2605 3104 Nec

1541 3122 1713 3171 faciam
1730 3136 1746 3181 ;
1768 3122 1856 3169 etsi
1878 3136 2007 3169 amor
2028 3136 2099 3169 me
2116 3119 2330 3182 graviter,
2348 3127 2600 3167 consuetu-

1543 3188 1701 3251 doque
1742 3186 1847 3249 ejus
1884 3192 2014 3233 tenet
2046 3184 2139 3233 He.
2180 3184 2248 3239 iii,
2273 3188 2319 3233 3.
2343 3188 2407 3233 44
2450 3184 2601 3233 Satias

1537 3251 1639 3315 jam
1662 3258 1793 3299 tenet
1813 3249 2071 3298 studiorum
2090 3249 2285 3296 istorum
2331 3246 2424 3295 He.
2458 3247 2525 3305 iv,
2548 3252 2598 3299 2.

1546 3320 1607 3365 18
1644 3315 1753 3372 ‘Qui
1774 3322 1898 3364 esset
1918 3322 2080 3370 status,
2100 3313 2338 3361 flabellum
2364 3320 2521 3361 tenere
2548 3320 2598 3362 te

1543 3380 1725 3428 asinum
1742 3388 1924 3429 tantum
1956 3378 2047 3427 Eu.
2088 3379 2159 3435 iii,
2182 3384 2231 3426 5.
2250 3384 2314 3426 50
2354 3376 2460 3425 Nee
2499 3394 2599 3426 me-

1543 3446 1635 3492 tuit
1655 3452 1947 3509 quenquam:
1979 3458 2133 3507 neque
2170 3442 2321 3505 legem
2357 3447 2494 3507 putat
2528 3450 2599 3491 te-

1542 3525 1653 3558 nere
1676 3525 1725 3557 se
1747 3510 1887 3559 ullam
1920 3508 2017 3557 Ad.
2034 3509 2071 3565 i,
2091 3513 2140 3557 2.
2162 3512 2195 3555 6

1605 3574 1777 3626 Tento.
1844 3573 2009 3637 Egone
2031 3580 2187 3620 autem
2210 3571 2383 3619 tento?
2417 3570 2507 3618 Ph.
2548 3571 2601 3635 ii,

1542 3642 1592 3687 8.
1614 3644 1678 3689 42
1728 3639 1891 3687 Visum
1914 3645 1986 3685 est
2006 3638 2140 3696 mihi,
2173 3642 2225 3683 ut
2246 3634 2350 3697 ejus
2373 3641 2599 3683 tentarem

1543 3704 1821 3751 sententiam
1856 3703 1948 3751 Ph.
1969 3702 2033 3758 iv,
2052 3706 2100 3749 3.
2128 3704 2187 3750 14
2222 3697 2375 3757 Quasi
2394 3714 2490 3747 non
2510 3716 2597 3748 no·

1541 3768 1621 3824 ris,
1644 3776 1875 3816 tentatum
1898 3766 2089 3813 advenis
2122 3765 2212 3812 Ph.
2234 3764 2287 3819 ii,
2309 3768 2357 3812 3.
2382 3768 2443 3813 41

1607 3833 1801 3889 Tenuis,
1822 3849 1867 3880 e.
1886 3829 2127 3878 Tenuiter.
2193 3828 2289 3885 Qui
2309 3830 2377 3877 101
2394 3828 2599 3885 dictitat,

1543 3911 1663 3960 quas
1702 3898 1901 3945 antehac
1934 3895 2048 3942 fecit
2076 3893 2275 3949 fabulas,
2320 3892 2451 3940 tenui
2493 3906 2595 3941 esse

1543 3962 1771 4017 oratione,
1808 3968 1857 4009 et
1891 3958 2119 4021 scriptura
2153 3958 2243 4005 levi
2277 3957 2369 4006 Ph.
2406 3956 2531 4004 Proi.
2564 3962 2595 4007 5

1543 4026 1675 4083 Quid
1696 4026 1763 4075 rei
1780 4025 1935 4089 gerit?
1968 4024 2060 4073 Ge.
2082 4022 2177 4080 Sic,
2200 4022 2403 4070 tenuiter
2434 4020 2525 4069 Ph.
2562 4020 2599 4085 i,

1606 4154 1825 4217 Tergum.
1889 4152 2143 4216 Nunquam
2178 4149 2309 4199 dices
2336 4156 2431 4197 tam
2465 4164 2592 4197 com-

1539 4220 1699 4275 mode,
1724 4226 1778 4265 ut
1806 4225 1987 4280 tergum
2016 4232 2173 4265 meum
2205 4222 2334 4262 tuam
2370 4214 2421 4261 in
2452 4215 2593 4263 fldem

1542 4284 1830 4333 committam
1862 4282 1957 4331 He.
1978 4279 2014 4338 i',
2036 4285 2085 4329 2.
2104 4284 2167 4329 33
2202 4280 2347 4345 Syrus
2368 4278 2595 4329 1011ιί131.-

1543 4365 1605 4413 go
1628 4363 1788 4413 poenas
1809 4348 1985 4413 pendet
2016 4344 2135 4394 Heu.
2160 4344 2227 4404 iv,
2246 4348 2293 4394 4.
2312 4348 2347 4393 6
