3192 4975
1226 434 1303 484 ΙΝ
1351 435 1827 488 ΤΒΒΕΝΊΊῦΜ.

454 593 535 635 Μ
557 589 699 650 pacto
714 584 887 632 rursum
908 581 1185 646 -nuptiarutn
1208 582 1392 632 omne'm
1417 582 1512 632 eri-

459 653 535 714 pis
566 650 688 699 Hea.
710 651 774 705 iv,
796 653 843 697 3.
864 653 927 697 36
963 648 1023 695 In
1045 647 1215 698 Graeca
1238 648 1513 697 adolescens

454 722 546 770 est,
585 715 667 776 qui
705 712 863 760 lenoni
899 712 1041 776 eripit
1078 713 1363 760 meretricem
1406 711 1509 764 Ad.

456 779 587 826 Prol.
608 784 638 827 8
677 776 864 840 Eripuit
882 777 1145 834 mulierem,
1162 792 1301 838 quam
1324 778 1515 825 amabat

461 841 554 892 Ad.
576 841 613 898 i,
634 845 681 890 2.
703 845 766 890 10
800 840 959 888 Domo
980 856 1055 888 me
1074 841 1276 904 eripuit:
1298 841 1511 890 verbera-

456 905 525 952 vit
555 905 651 952 Ad.
672 904 726 963 ii,
752 910 797 954 1.
813 908 878 953 44
913 903 990 952 Ab
1002 903 1174 952 lenone
1189 903 1320 966 ipsus
1336 905 1511 982 eripuit

454 969 607 1032 palam
639 966 742 1018 Ad.
762 969 833 1024 iii,
855 972 905 1017 2.
927 972 991 1017 80
1046 967 1159 1032 Ipse
1179 967 1354 1030 eripuit
1375 985 1440 1024 vi,
1462 969 1513 1016 in

451 1032 605 1096 digito
626 1047 767 1095 quem
788 1032 969 1086 habuit,
993 1031 1063 1080 vir
1095 1031 1164 1079 ‘ni
1199 1032 1362 1080 abiens
1394 1048 1511 1080 anu-

454 1095 555 1144 lum
598 1096 695 1144 He.
730 1096 795 1153 iv,
830 1100 879 1146 1.
913 1100 978 1144 69
1082 1096 1274 1159 irginem
1317 1095 1512 1160 eripiam

452 1159 547 1210 Eu.
567 1159 633 1217 iv,
655 1165 704 1210 7.
718 1165 749 1208 8
782 1159 854 1207 Ex
870 1159 1063 1208 crimine
1080 1161 1170 1208 hoc
1187 1158 1511 1223 Antiphonem

453 1225 655 1287 eripiam
682 1223 775 1272 Ph.
795 1224 849 1286 ii,
868 1229 916 1274 2.
937 1227 971 1274 9
1020 1223 1089 1272 Ut
1121 1220 1249 1272 illam
1272 1239 1303 1270 a
1323 1233 1396 1272 me
1420 1225 1511 1273 eri-

455 1289 559 1352 piat
590 1287 683 1338 Eu.
700 1287 770 1344 iv,
784 1293 833 1336 6.
859 1293 884 1336 1
920 1287 1223 1336 Adolescenti
1246 1288 1337 1352 ipsi
1358 1289 1513 1351 eripe·

455 1357 553 1400 r'em
577 1351 738 1400 oculos
769 1352 865 1400 Ad.
884 1349 954 1407 iii,
977 1357 1024 1402 2.
1046 1355 1111 1400 20
1154 1351 1249 1399 Per
1276 1353 1514 1415 oppressi-

455 1432 594 1464 onem
638 1423 691 1462 ut
734 1417 856 1463 banc
898 1416 1013 1462 mibi
1044 1416 1223 1478 eripere
1266 1417 1511 1480 postulet?

457 1479 553 1527 Ad.
574 1479 627 1535 il,
648 1483 699 1528 2.
721 1484 785 1528 30
832 1478 958 1525 Nam
994 1480 1095 1528 hoec
1130 1495 1191 1528 ea
1224 1488 1329 1540 est3
1370 1496 1512 1543 quam

453 1543 585 1591 miles
608 1559 637 1590 a
657 1559 732 1590 me
754 1542 802 1590 vi
824 1558 951 1591 nunc
982 1552 1193 1606 ereptum
1236 1546 1366 1592 venit
1420 1545 1516 1592 Eu.

457 1607 523 1664 iv,
539 1613 588 1656 6.
607 1611 669 1657 14
724 1607 1019 1670 Pamphilam
1062 1623 1173 1672 ergo
1216 1609 1310 1656 huc
1348 1610 1511 1666 redde,

459 1670 550 1720 nisi
570 1671 618 1718 vi
641 1672 788 1719 mavis
808 1671 925 1734 eripi
982 1672 1074 1719 Eu.
1108 1672 1174 1729 iv,
1197 1676 1247 1722 7.
1270 1677 1337 1722 26
1390 1673 1511 1722 Cum

457 1737 579 1784 hanc
601 1736 689 1782 sibi
712 1735 893 1783 videbit
914 1750 1115 1798 praesens
1136 1737 1357 1798 praesenti
1392 1737 1513 1800 eripi

458 1799 559 1849 Ad.
590 1799 659 1858 iv,
674 1805 731 1848 ’6.
752 1803 816 1849 34
871 1799 1086 1853 Crucior,
1127 1800 1285 1847 bolum
1330 1809 1515 1848 tantum

458 1864 577 1910 mihi
596 1871 806 1927 ereptum
829 1869 924 1912 tam
946 1863 1101 1911 subito
1118 1881 1145 1912 e
1158 1864 1371 1914 faucibus
1391 1865 1515 1917 Hea.

458 1929 531 1984 iv,
548 1932 597 1979 2.
616 1932 651 1978 6

523 1991 721 2040 Eri-atio.
786 1991 912 2040 Saue
952 1993 1055 2041 ‘hae
1108 1993 1257 2043 multo
1318 1989 1519 2058 propius

460 2055 567 2110 ibis.
588 2063 639 2106 et
658 2056 811 2104 minor
830 2065 903 2104 est
922 2057 1089 2104 erratio
1122 2056 1221 2104 Ad.
1240 2058 1305 2113 iv,
1328 2063 1377 2107 2.
1400 2062 1460 2107 41
1522 2079 1527 2084 ·

476 2161 481 2166 .
525 2120 659 2168 Ειτο.
718 2121 884 2168 Erras:
912 2137 1020 2169 curn
1043 2121 1185 2169 Davo
1206 2128 1395 2185 egomet
1414 2122 1513 2172 vidi

456 2180 725 2249 jurgantem
768 2184 985 2233 ancillam
1040 2184 1105 2234 A.
1138 2201 1187 2246 v,
1211 2189 1256 2234 1.
1279 2189 1345 2235 19
1392 2185 1513 2234 Tota

460 2263 585 2298 erras
604 2249 679 2296 via
726 2249 818 2296 Eu.
839 2249 897 2305 ii,
916 2252 1048 2302 2.,14
1102 2248 1257 2305 Erras,
1280 2250 1322 2298 si
1342 2249 1391 2296 id
1414 2266 1512 2298 cre-

460 2313 553 2368 dis,
573 2321 621 2361 et
640 2329 717 2362 me
735 2313 941 2377 ignoras,
965 2312 1121 2361 Clinia
1174 2313 1299 2362 Hea.
1320 2313 1355 2370 i,
1381 2318 1426 2364 1.
1447 2320 1512 2364 68

464 2377 619 2426 Erras.
663 2377 748 2442 Sy.
790 2378 919 2434 Quid
963 2377 1073 2425 ita?
1124 2376 1247 2426 Hea.
1282 2377 1355 2437 iii,
1381 2381 1528 2428 3.40·

462 2441 616 2499 Erras,
638 2443 709 2489 tui
730 2442 875 2491 animi
894 2442 935 2491 si
956 2457 1032 2491 me
1052 2457 1153 2490 esse
1181 2441 1392 2507 ignarum
1425 2457 1513 2506 pu-

462 2514 536 2553 tns
568 2507 665 2557 He.
684 2508 749 2563 iv,
770 2511 820 2555 4.
841 2512 906 2556 60
950 2505 1045 2553 Hic
1071 2508 1133 2553 de
1163 2507 1333 2554 nostris
1365 2508 1515 2556 verbis

463 2579 583 2619 errat
601 2571 823 2619 videlicet
852 2570 976 2619 Hea.
1005 2569 1061 2628 ii,
1079 2576 1127 2620 8.
1148 2574 1214 2622 22
1261 2570 1331 2619 Ut
1366 2572 1513 2619 errat!

462 2634 583 2685 Hea.
605 2637 672 2691 iv,
694 2640 741 2685 8.
764 2639 793 2684 3
842 2633 976 2682 Errat
996 2633 1155 2698 longe,
1186 2649 1292 2681 mea
1319 2635 1513 2698 quidem

463 2700 713 2754 sententia,
734 2699 815 2763 qui
846 2698 941 2747 Ad.
966 2698 999 2753 i,
1022 2703 1071 2747 1.
1091 2703 1158 2748 40
1210 2698 1339 2756 Quid
1382 2700 1519 2755 dixti,

465 2763 699 2817 Chreme?
739 2762 885 2810 erravi
917 2761 1043 2810 Hea.
1060 2762 1125 2820 iv,
1148 2766 1195 2810 8.
1217 2767 1274 2812 11
1315 2762 1518 2812 Censen’

464 2826 703 2875 hominem
726 2842 799 2874 me
821 2827 955 2873 esse?
994 2824 1138 2875 erravi
1171 2823 1269 2873 Ad.
1294 2825 1360 2881 iv,
1382 2830 1432 2875 2.
1454 2832 1529 2877 40

456 2891 621 2941 'Patris
641 2906 813 2939 nomen
832 2890 960 2937 aliud
983 2889 1163 2936 dictum
1201 2896 1304 2936 esta
1342 2890 1431 2937 hoc
1466 2898 1521 2938 tu

466 2956 626 3007 errasti
662 2954 753 3002 Ph.
774 2957 886 3015 νβ.
909 2957 970 3001 21
1005 2952 1150 3009 Huic,
1179 2968 1276 2999 non
1312 2952 1399 3000 tibi
1436 2954 1522 3001 ba-

465 3020 578 3074 beo,
598 3034 661 3065 ne
680 3032 802 3065 erres
833 3015 898 3064 A.
920 3016 983 3071 iv,
1002 3020 1053 3066 2.
1077 3020 1137 3065 21
1188 3016 1372 3074 Teneo,
1403 3018 1519 3081 quid

466 3089 615 3130 erret:
638 3086 691 3130 et
709 3081 821 3145 quid
845 3096 997 3143 agam,
1018 3080 1169 3128 habeo
1202 3078 1270 3132 A.
1289 3080 1362 3138 iii,
1384 3087 1433 3131 2.
1458 3086 1523 3132 18

468 3146 524 3195 Is
556 3162 618 3194 ne
652 3154 771 3194 erret
799 3160 989 3200 moneo,
1016 3152 1067 3192 et
1084 3143 1270 3193 desinat
1296 3145 1521 3195 lacessere

468 3211 565 3263 Eu.
586 3210 715 3261 Ptol.
740 3215 803 3259 16
850 3210 1005 3267 Quam
1042 3209 1170 3274 quod
1200 3209 1341 3257 modo
1379 3203 1519 3259 senex

466 3274 590 3323 intro
634 3276 697 3323 ad
739 3289 826 3321 nos
860 3274 993 3323 venit
1029 3288 1181 3321 errans
1232 3273 1325 3321 Eu.
1349 3292 1395 3333 v,
1417 3280 1465 3325 7.
1488 3280 1520 3325 2

469 3339 601 3387 Dum
622 3354 711 3401 ego
740 3346 929 3401 propter
956 3344 1002 3385 te
1032 3352 1189 3385 errans
1212 3339 1365 3401 patria
1385 3356 1527 3389 careo

470 3404 667 3454 demens
698 3402 821 3450 Hea.
842 3402 894 3458 ii,
917 3404 965 3449 3.
988 3406 1051 3450 16

536 3467 690 3517 Error.
753 3464 878 3514 Nam
912 3464 1015 3513 illas
1046 3480 1199 3513 errore
1228 3472 1279 3512 et
1310 3473 1359 3515 te
1386 3467 1526 3516 simul.

470 3531 738 3593 suspicione
758 3530 969 3579 exsolves
1001 3528 1096 3578 He.
1118 3546 1165 3585 v,
1181 3534 1231 3578 2.
1251 3533 1319 3578 ,26

538 3596 800 3644 Erubesce..
829 3593 1064 3643 Erubuit:
1086 3593 1212 3641 salva
1234 3608 1305 3643 res
1326 3600 1399 3641 est
1428 3594 1523 3642 Ad.

473 3659 541 3716 iv,
562 3664 611 3709 5·
634 3665 667 3708 ⁹
1204 3680 1213 3707 l
1241 3681 1247 3687 ’

540 3722 767 3787 Erumpo.
831 3722 1025 3779 Vereor,
1048 3738 1109 3770 ne
1133 3721 1265 3770 istaec
1299 3720 1524 3769 fortitudo

472 3786 529 3833 in-
546 3802 736 3836 nervum
749 3794 962 3848 erumpat
974 3787 1087 3836 deni
1121 3802 1184 3834 ue
1212 3786 1303 3834 Ph.
1325 3785 1379 3841 ii,
1395 3790 1444 3834 2.
1464 3789 1523 3833 11

472 3851 645 3899 Jamne
684 3866 925 3911 erumpere
966 3852 1059 3899 hoc
1116 3852 1213 3899 icet
1252 3849 1367 3898 mihi
1410 3864 1528 3915 gau-

476 3916 645 3963 dium?
676 3914 767 3963 Eu.
788 3915 859 3967 iii,
876 3918 926 3963 6.
946 3918 979 3963 2

541 3978 727 4028 Esurio.
794 3979 947 4025 Modo
962 3977 1104 4025 liceat
1114 3977 1269 4025 vivere
1283 3994 1297 4037 ;
1319 3984 1391 4024 est
1403 3992 1526 4039 spes.

477 4042 554 4095 cl.
572 4042 725 4101 Quae?
745 4042 834 4107 Sy.
856 4041 961 4090 Nos
980 4042 1231 4091 esurituros
1253 4040 1362 4089 satis
1397 4040 1525 4092 Hea.

476 4124 525 4165 v,
548 4112 596 4157 2.
614 4113 681 4158 28

545 4172 625 4219 Et.
690 4171 756 4219 Et
794 4170 993 4219 timent:
1026 4176 1077 4217 et
1108 4176 1263 4217 tamen
1295 4185 1367 4217 res
1400 4168 1531 4230 cogit

482 4236 711 4299 denegare
741 4234 807 4286 A.
829 4236 897 4291 iv,
921 4240 968 4285 1.
986 4238 1021 4284 9
1053 4233 1228 4283 Praeter
1241 4234 1413 4281 civium
1427 4248 1529 4279 mo-

481 4314 576 4353 rem
598 4309 739 4365 atque
770 4300 945 4363 legem,
972 4306 1022 4347 et
1061 4298 1205 4361 patris
1237 4298 1533 4349 volunlatem

551 4379 725 4445 Detplr.
745 4386 792 4430 et
822 4380 937 4431 Ver.
962 4380 1094 4430 Clas.

2533 428 2640 492 lev

1580 584 1648 633 A.
1667 601 1716 649 v,
1737 589 1788 636 8.
1809 586 1864 636 θ’
1896 581 2040 633 Nune
2059 597 2150 648 ego
2171 591 2222 633 et
2239 583 2366 632 illain
2390 583 2648 636 scelestam

1580 665 1703 705 esse,
1725 657 1776 698 et
1793 665 1870 698 me
1891 649 2128 706 miserum,
2149 648 2302 698 sentio
2321 667 2336 696 ε
2369 659 2423 698 et
2457 651 2604 701 tedet
2621 665 2648 700 t

1582 721 1634 761 et
1654 728 1809 762 amore
1829 714 2000 761 ardeo=
2025 720 2074 762 et
2103 713 2334 776 prudens,
2361 715 2531 772 sciens,
2563 717 2638 764 vi·

1581 794 1688 834 vus,
1703 776 1960 841 vidensque
1975 793 2116 841 pereo
2139 777 2228 827 Eu.
2243 779 2284 834 i,
2304 781 2351 825 1.
2370 782 2453 828 26.
2473 784 2555 829 26.
2569 785 2636 831 27

1587 839 1651 888 At
1670 840 1837 905 quanti
1857 857 2034 904 queas:
2065 849 2116 890 et
2142 855 2204 889 ne
2226 849 2273 889 te
2293 841 2488 890 afflictes
2541 841 2638 896 Eu.

1582 903 1624 962 i,
1644 909 1690 954 1.
1711 909 1772 954 sl
1807 905 1993 962 Quibus
2029 913 2078 956 et
2111 921 2162 953 re
2201 905 2346 960 salva.
2375 914 2426 955 et
2455 906 2646 970 perdita-

1584 968 1867 1032 profueram,
1910 977 1958 1018 et
1995 984 2189 1081 tprosum
2222 985 2348 1032 saepe
2401 969 2494 1018 Eu.
2515 970 2576 1031 ii,
2589 976 2649 1021 2.

1583 1036 1650 1082 27
1683 1033 1888 1081 Eamus:
1925 1042 1976 1082 et
2027 1050 2057 1082 e
2075 1033 2196 1082 istae
2229 1033 2366 1082 simul
2393 1034 2648 1083 consilium.

1587 1097 1692 1144 volo
1729 1112 1897 1161 capere
1951 1097 2046 1146 Eu.
2067 1098 2140 1158 iii,
2157 1104 2204 1148 6.
2225 1103 2288 1148 66
2336 1097 2400 1146 Et
2437 1113 2544 1146 cum
2579 1115 2640 1148 eo

1584 1159 1708 1208 clam
1729 1169 1779 1210 te
1797 1161 2018 1210 subduxti
2039 1162 2154 1210 mihi
2198 1159 2290 1210 Eu.
2313 1161 2380 1223 iv,
2397 1166 2448 1212 7.
2469 1167 2534 1213 26
2582 1162 2652 1212 In-

1584 1240 1689 1272 eam
1711 1233 1890 1289 partem
1911 1227 2208 1290 accipioque,
2227 1233 2278 1274 et
2312 1226 2418 1274 volo
2469 1225 2561 1274 Eu.
2593 1242 2644 1284 v,

1584 1293 1636 1338 2.
1657 1292 1721 1338 87
1777 1289 1926 1350 Vide,
1966 1291 2082 1354 quid
2115 1305 2244 1353 agas,
2281 1305 2344 1338 ne
2379 1306 2410 1337 n
2475 1306 2535 1339 ue
2572 1290 2660 1340 illi-

1586 1352 1754 1415 prosis,
1771 1361 1821 1401 et
1841 1361 1892 1401 tu
1912 1369 2074 1417 pereas
2104 1353 2198 1404 Eu.
2219 1371 2264 1410 v,
2281 1360 2331 1404 6.
2345 1358 2410 1404 28
2483 1361 2646 1404 actum

1584 1431 1692 1527 ¹1¹?ss
1705 1425 1865 1529 ”3⁵33-
1884 1418 2645 1546 issqffigissdiffiississffssff‘ffi

1586 1543 1702 1592 belli
1727 1545 1921 1608 gloriam
1942 1546 2078 1594 armis
2097 1546 2284 1610 repperi
2312 1545 2438 1598 Hea.
2454 1546 2493 1607 i,
2515 1517 2642 1598 126⁰

1586 1606 1758 1665 Immo,
1779 1609 1917 1674 Syre,
1938 1619 1988 1658 et
2015 1626 2108 1667 me,
2141 1618 2194 1659 et
2224 1625 2382 1658 meum
2421 1625 2656 1668 amorem,

1586 1679 1638 1720 et
1657 1671 1828 1721 samam
1851 1675 2068 1736 permitto
2107 1673 2194 1721 tibi
2242 1673 2368 1722 Hea.
2403 1675 2454 1732 ii,
2475 1679 2524 1725 Β.
2546 1679 2641 1725 110

1587 1735 1654 1782 Et
1676 1737 1760 1786 tibi
1781 1738 1900 1786 bene
1923 1754 2023 1785 esse
2045 1738 2154 1800 soli,
2187 1753 2296 1786 cum
2323 1737 2410 1785 sibi
2439 1737 2502 1786 sit
2522 1737 2643 1786 male

1586 1799 1686 1848 Ad.
1705 1801 1743 1858 i,
1768 1806 1812 1850 1.
1837 1806 1871 1851 9
1913 1801 2008 1850 Sed
2031 1813 2163 1850 estne
2183 1801 2260 1851 hic
2278 1802 2430 1865 ipsus,
2460 1802 2524 1850 de
2545 1809 2650 1867 quo·

1586 1865 1819 1926 agebam?
1862 1874 1915 1914 et
1954 1873 2080 1914 certe
2122 1866 2163 1913 is
2200 1874 2272 1914 est
2315 1866 2412 1916 Ad.
2445 1866 2484 1921 i,
2504 1870 2552 1916 1.
2575 1870 2641 1918 ⁶8

1588 1926 1741 1976 Emtoe
1761 1928 1976 1978 mulieres
1997 1945 2101 1980 com
2139 1929 2288 1978 lures:
2319 1937 2368 1978 et
2396 1931 2516 1978 item
2531 1929 2646 1980 hinc

1586 1992 1682 2040 alia
1712 1992 1809 2042 Ad.
1829 1993 1884 2052 ii,
1905 1999 1956 2043 2.
1979 1999 2045 2044 22
2190 1994 2304 2042 mihi
2325 2009 2376 2042 es
2397 1997 2648 2058 gentianus

1587 2056 1759 2118 pariter
1791 2072 1982 2120 corpore
2018 2065 2070 2106 et
2110 2057 2266 2106 animo
2323 2057 2419 2107 Ad.
2442 2073 2489 2114 v,
2507 2063 2556 2107 8.
2577 2062 2657 2108 84·

1586 2118 1748 2183 Atque
1767 2120 1962 2184 injurias
1979 2121 2066 2170 viri
2085 2136 2246 2169 omnes
2263 2121 2400 2176 ferre,
2412 2129 2471 2169 .et
2487 2127 2646 2184 tegere

1588 2185 1894 2232 contumelias
1944 2185 2041 2237 He.
2085 2185 2121 2246 i,
2156 2189 2206 2234 2.
2243 2187 2307 2234 91
2363 2182 2428 2232 Et
2486 2191 2646 2234 tamen

1587 2255 1744 2296 utrum
1786 2248 1940 2306 malis,
1975 2249 2072 2298 scio
2106 2247 2203 2298 He.
2223 2247 2362 2311 iim.
2381 2251 2442 2298 16
2492 2247 2644 2297 Amo-

1624 2327 1700 2370 ue,
1733 2319 1784 2359 et
1817 2313 1978 2370 laudo,
2012 2319 2062 2361 et
2099 2314 2399 2361 vehementer
2427 2311 2646 2362 desidero

1611 2410 1613 2412 -
1639 2391 1684 2424 e.
1707 2375 1776 2432 iii,
1799 2382 1848 2426 6.
1868 2381 1934 2427 38
1966 2376 2031 2424 Et
2049 2375 2192 2426 etiam
2207 2391 2354 2433 nunc,
2373 2376 2412 2422 si
2427 2377 2528 2426 volt
2542 2375 2648 2426 De·

1588 2439 2279 2554 :aegrae-..vega
2533 2441 2664 2556 εἰς

1588 2573 1673 2618 68.
1693 2539 1758 2619 ⁶⁹9
1841 2571 1936 2617 uod
1959 2522 2144 2633 poteeo,
2159 2576 2210 2617 et
2230 2521 2342 2633 que:
2358 2540 2644 2631 volem-fabi:

1589 2647 1779 2697 amque,
1811 2642 1864 2681 et
1895 2634 2049 2682 dicam
2099 2634 2190 2682 Ph.
2211 2650 2260 2697 V,
2281 2638 2329 2683 8.
2349 2638 2433 2684 61.
2452 2638 2516 2685 62
2557 2650 2654 2683 ιω-

1591 2696 1782 2758 pissime
1804 2697 1915 2745 alibi
2175 2734 2184 2741 .

1661 2759 1867 2808 Etenim.
1930 2758 2118 2808 Etenim
2160 2761 2290 2824 ipsus
2331 2776 2490 2809 seeum
2539 2776 2648 2810 eam

1590 2836 1686 2871 rem
1710 2831 1836 2872 recta
1855 2824 2093 2887 reputavit
2122 2824 2199 2871 via
2235 2823 2299 2872 A.
2319 2823 2374 2885 ii,
2385 2829 2436 2873 6.
2457 2828 2517 2873 11
2557 2825 2646 2871 Et-

1590 2886 1720 2933 enim
1742 2888 1861 2935 bene
1883 2887 2083 2935 libenter
2111 2886 2296 2935 victitas
2327 2886 2420 2935 Eu.
2440 2904 2488 2944 v,
2509 2891 2562 2937 ⁹.
2581 2894 2648 2939 44

1591 2948 1782 2999 Etenim
1804 2967 1898 3015 quo
1921 2958 2062 3014 pacto
2082 2951 2131 2999 id
2153 2951 2253 3000 fieri
2289 2951 2456 3014 soleat,
2493 2950 2648 3001 calleo

1591 3012 1718 3064 Hea.
1736 3014 1807 3072 iii,
1829 3021 1877 3065 2.
1899 3020 1963 3066 37
1997 3015 2186 3064 Etenim
2202 3014 2327 3063 solus
2346 3031 2532 3081 nequeo
2553 3016 2652 3065 Ph.

1590 3093 1642 3136 v,
1661 3083 1714 3128 7.
1731 3082 1796 3128 00
2627 3126 2630 3129 ,

1657 3141 1833 3191 Etiam.
1894 3142 2126 3191 Etiamne.
2208 3140 2348 3191 Nihil
2407 3143 2648 3207 suspicans

1590 3206 1735 3255 etiarn
1759 3205 1870 3255 mali
1900 3206 1965 3255 A.
1979 3208 2017 3264 i,
2042 3213 2086 3257 1.
2111 3210 2176 3256 89
2206 3206 2376 3264 Quid?
2397 3208 2489 3255 hoc
2507 3207 2650 3257 intel-

1594 3271 1786 3323 lextin'?
1829 3286 1889 3319 an
1919 3272 2130 3320 nondum
2166 3272 2308 3319 etiam
2345 3287 2408 3320 ne
2427 3272 2518 3320 boc
2540 3272 2648 3336 qui·

1592 3336 1703 3384 dem
1725 3336 1742 3383 ?
1788 3334 1856 3383 A.
1881 3336 1916 3392 i.
1935 3341 1986 3385 2.
2007 3340 2072 3386 30
2125 3334 2207 3383 Ad
2250 3336 2351 3385 hoec
2390 3336 2514 3383 mala
2555 3337 2650 3387 hoe

1592 3399 1709 3448 mihi
1742 3400 1929 3449 accedit
1959 3400 2102 3449 etiam
2155 3398 2222 3448 A.
2241 3398 2278 3456 i,
2298 3403 2346 3449 8.
2369 3401 2432 3448 10
2487 3399 2648 3451 Etiam

1592 3478 1721 3513 nunc
1743 3464 1858 3512 mihi
1878 3464 2052 3528 scripta
2070 3464 2155 3512 illa
2174 3464 2304 3514 dicta
2333 3470 2446 3510 sunt
2463 3464 2516 3511 in
2546 3465 2648 3513 ani·-

1593 3544 1672 3576 mo
1707 3526 1769 3575 A.
1786 3528 1822 3585 i,
1845 3534 1894 3578 6.
1915 3533 1980 3578 47
2035 3527 2114 3576 Ne
2135 3528 2196 3576 ad
2218 3528 2430 3577 morbum
2449 3528 2542 3575 hoc
2559 3529 2652 3575 eti-

1596 3608 1672 3639 am
1703 3590 1766 3638 A.
1787 3592 1825 3649 i,
1847 3598 1896 3641 6.
1917 3596 1982 3641 66
2025 3591 2180 3640 Etiam
2205 3606 2397 3655 puerum
2414 3590 2525 3639 inde
2545 3591 2654 3639 abi·

1596 3672 1680 3703 ens
1699 3656 1898 3704 conveni
1917 3656 2125 3705 Chremis
2168 3654 2234 3705 A.
2271 3654 2333 3711 ii,
2347 3658 2398 3704 2.
2419 3658 2481 3703 sl
2532 3653 2653 3703 Non

1596 3720 1710 3795 satis
1729 3735 1806 3768 me
1843 3720 2052 3784 pernosti
2087 3718 2249 3775 etiam,
2283 3718 2435 3782 qualis
2463 3717 2563 3794 sim·
2582 3716 2668 3769 Α.

1595 3788 1738 3896 ’.ἓξὲξ
1759 3783 2032 3910 2ἷ..ξῖἑέ“ἷ>“
2058 3798 2130 3895 21¹
2132 3797 2206 3901 ¹1¹3,
2229 3783 2668 3898 ἰῗέἒ“ῗῐ.ἷῖ...”ῗῖ·

1599 3911 1730 3967 tiam,
1750 3926 1845 3975 quo
1867 3918 1918 3959 tu
1956 3912 2111 3959 minus
2139 3909 2230 3958 scis
2265 3924 2491 3957 mrumnas
2526 3924 2672 3959 meas.

1599 3974 1664 4023 A.
1686 3976 1751 4037 iv,
1773 3981 1818 4025 1.
1841 3980 1896 4025 si
1936 3975 2088 4023 Immo
2101 3974 2274 4021 etiamz
2298 3988 2407 4021 nam
2425 3970 2538 4021 satis
2551 3988 2652 4023 cre-

1599 4040 1681 4097 do,
1705 4040 1745 4087 si
1778 4038 1842 4089 A.
1863 4039 1932 4095 iv,
1956 4045 2002 4090 l.
2027 4044 2090 4089 60
2121 4038 2458 4087 Immoetiam.
2480 4035 2676 4085 Narra-⁴

1600 4103 1743 4151 tionis
1763 4104 1933 4167 incipit
1952 4104 2066 4151 mihi
2094 4102 2280 4150 initium
2329 4099 2395 4151 A.
2426 4099 2494 4157 ἰν,
2515 4105 2564 4151 2.
2583 4106 2658 4153 25,

1599 4167 1680 4216 An
1701 4167 1844 4215 etiam
1865 4168 2032 4231 rogas?
2064 4166 2129 4215 A.
2149 4166 2217 4223 iv,
2238 4170 2284 4215 4.
2307 4170 2371 4215 23
2426 4162 2508 4213 An
2529 4178 2652 4213 non*

1600 4232 1714 4279 dum
1731 4232 1872 4280 etiam
1894 4233 1912 4279 ?
1946 4231 2010 4281 A.
2031 4230 2098 4288 iv,
2121 4237 2168 4281 6.
2195 4228 2255 4280 12
2308 4229 2463 4277 Etiam
2488 4238 2542 4277 tu
2561 4231 2652 4279 hoc

1602 4296 1890 4360 respondes?
1945 4296 2008 4345 A.-
2045 4314 2092 4353 v,
2110 4299 2162 4345 2.
2182 4299 2222 4347 8,
2267 4292 2342 4343 At
2379 4294 2492 4351 mihi
2530 4310 2676 4357 unus.

1435 4378 1543 4429 Ina.
1573 4376 1767 4427 Terent.
2477 4376 2522 4423 0
