3192 4975
631 403 870 496 coctili
973 375 986 390 ’

629 576 920 618 revertentur
937 568 1130 619 domum
1155 564 1358 633 lindi,
1377 573 1430 620 ⁸.
1447 573 1534 620 00-
1547 569 1682 618 Prius

632 649 725 682 nox
747 633 1058 710 oppressisset
1077 631 1194 690 illic,
1221 646 1363 697 quum
1395 635 1489 684 huc
1511 635 1683 684 revorti

631 706 794 762 posset
813 705 980 746 iterum
1011 698 1107 748 Ad.
1128 698 1199 759 iv,
1215 703 1262 748 1.
1279 703 1313 748 0

697 761 893 810 Reviso.
957 760 1136 812 Reviso
1157 763 1274 826 quid
1297 769 1439 828 agunt
1470 761 1532 812 A.
1554 762 1610 819 ii.
1630 768 1683 815 4.

633 830 661 876 1
695 823 907 887 Brevi-03
941 827 1165 890 quidnam
1189 825 1384 876 Chares
1411 828 1490 876 hic
1533 842 1684 876 rerum

634 898 764 956 gent
797 889 888 940 Eu.
911 908 958 948 v,
981 898 1030 943 4.
1053 894 1080 941 1

697 953 967 1004 Revivisco.
1033 955 1234 1020 Impune
1272 963 1433 1021 optare
1471 957 1592 1006 istuc
1628 956 1685 1004 li·

631 1026 747 1068 cet:
783 1018 862 1068 ille
898 1020 1144 1070 reviviscet
1173 1021 1274 1084 jem
1317 1036 1557 1086 nunquam
1591 1021 1687 1070 He.

631 1082 703 1140 iii,
721 1089 770 1133 6.
799 1088 858 1133 1⁶

697 1147 912 1198 Revoco.
943 1146 1188 1198 Exclusit:
1209 1157 1426 1198 revocat:
1461 1149 1687 1200 redeam?

636 1227 734 1260 non
755 1212 796 1261 si
818 1228 892 1261 me
915 1215 1125 1262 obsecret
1155 1213 1248 1264 Eu.
1270 1214 1310 1272 i,
1333 1219 1380 1266 1.
1402 1219 1435 1264 4
1468 1215 1686 1264 Revoce-

635 1292 756 1326 mus.
790 1276 944 1326 Geta!
979 1277 1076 1326 Ad.
1111 1278 1182 1334 iii.
1202 1283 1252 1329 2.
1273 1283 1338 1329 22
1388 1275 1687 1328 Revocemus

633 1341 868 1390 hominem
902 1342 994 1391 Pb.
1017 1343 1051 1400 i,
1071 1346 1122 1394 4.
1148 1347 1206 1394 17
1251 1341 1379 1391 Num
1401 1343 1586 1404 mirum,
1608 1352 1690 1391 aut

633 1421 810 1456 novum
847 1415 936 1462 est,
959 1407 1182 1472 revocari,
1199 1423 1382 1457 cursum
1415 1423 1523 1457 curu
1555 1408 1684 1456 insti·

641 1471 822 1519 tueris?
858 1471 950 1521 Ph.
973 1489 1018 1528 v,
1040 1476 1090 1521 6.
1111 1476 1143 1521 8

701 1533 935 1585 Revolvo.
999 1536 1060 1584 In
1099 1537 1310 1586 eamdem
1352 1535 1494 1584 vitam
1535 1544 1585 1584 te
1617 1552 1688 1584 re-

635 1597 846 1648 volutum
869 1601 1026 1648 denuo
1046 1601 1183 1650 video
1206 1617 1309 1650 esse
1339 1601 1434 1649 He.
1455 1601 1520 1658 iv,
1542 1606 1594 1651 4.
1624 1605 1689 1652 60

702 1662 829 1712 Rex.
896 1663 988 1713 Vel
1012 1681 1090 1714 rex
1120 1681 1304 1729 semper
1335 1665 1556 1714 maximus
1575 1665 1691 1714 mihi

636 1729 822 1804 egebat.
907 1728 1014 1778 Rex
1068 1737 1114 1779 te
1148 1747 1258 1794 ergo
1297 1730 1346 1777 in
1393 1729 1541 1779 oculis
1595 1730 1691 1780 Eu.

637 1791 704 1848 111,
730 1797 776 1841 1.
797 1796 845 1842 7.
870 1796 927 1844 11
957 1792 1136 1843 -Nemo
1157 1795 1270 1844 setis
1292 1809 1376 1859 pro
1398 1794 1561 1842 merito
1584 1811 1690 1859 grn-
1714 1803 1723 1810 “

638 1857 751 1903 tiam
776 1855 872 1920 regi
893 1857 1031 1906 refert
1061 1858 1154 1911 Ph.
1187 1859 1240 1916 ii,
1269 1865 1320 1908 2.
1341 1863 1406 1908 24
1451 1859 1583 1906 Hui!
1618 1875 1691 1908 re·

637 1936 744 1983 gem
765 1921 1028 1986 elegantem
1049 1937 1202 1971 narras
1236 1922 1327 1971 Eu.
1351 1922 1420 1980 iii,
1447 1927 1491 1972 1.
1517 1929 1578 1976 18
1631 1923 1690 1970 In

635 1985 799 2034 Asiam
831 1986 892 2033 ed
926 2001 1082 2050 regern
1119 1987 1368 2038 militatum
1409 1987 1529 2036 abiit
1564 1987 1689 2036 Hes.

635 2049 674 2106 i,
701 2054 744 2099 1.
783 2054 844 2100 66
895 2049 1004 2099 Oh!
1041 2067 1196 2116 regem
1233 2068 1310 2100 me
1347 2067 1448 2102 esse
1480 2053 1693 2116 oportuit

639 2113 732 2164 Ph.
757 2113 789 2171 i,
811 2119 860 2166 2.
883 2120 946 2166 20

705 2177 1041 2228 Rhamnusius.
1105 2179 1212 2230 Hoc
1235 2189 1361 2232 certo
1377 2182 1494 2239 scio,
1511 2180 1693 2230 Rhem-

637 2243 823 2292 nusium
847 2261 897 2292 se
919 2245 1073 2293 siebat
1091 2261 1191 2294 esse
1225 2245 1288 2294 A.
1311 2263 1357 2303 v,
1377 2251 1428 2296 4.
1447 2251 1509 2296 27
1688 2277 1697 2288 ·

704 2305 940 2366 Rhodius,
983 2309 1199 2356 Rhodus.
1263 2309 1372 2359 Una
1404 2311 1453 2358 in
1473 2307 1693 2358 convivio

640 2378 739 2418 erat
760 2371 852 2428 hic,
877 2387 1016 2435 quem
1037 2373 1162 2429 dico,
1181 2372 1398 2421 Rhodius
1419 2374 1693 2422 adolescen-

640 2435 767 2481 tulus
799 2433 890 2483 Eu.
913 2437 979 2493 iii,
1004 2441 1048 2485 1.
1068 2440 1129 2484 33
1165 2438 1275 2493 Quo
1295 2444 1432 2501 pacto
1449 2436 1693 2486 Rhodium

640 2498 724 2545 teti
758 2500 871 2547 erim
891 2498 942 2547 in
965 2498 1180 2548 convivio
1201 2500 1293 2549 Eu.
1313 2502 1383 2559 iii,
1401 2506 1445 2551 1.
1467 2506 1531 2551 30
1564 2501 1692 2549 Illud

639 2564 703 2611 de
805 2564 919 2613 odio
937 2564 1116 2613 dictum
1136 2566 1189 2613 iu
1211 2572 1413 2613 mentem
1435 2566 1566 2615 venit
1600 2566 1693 2613 Eu.

637 2627 712 2684 iii,
733 2632 780 2677 2.
802 2633 864 2677 45
906 2629 1062 2678 Samia
1085 2630 1197 2677 mihi
1223 2638 1368 2679 mater
1388 2630 1480 2679 fuit
1500 2648 1513 2678 ι
1534 2645 1592 2678 eu
1610 2631 1694 2679 ha·

638 2692 820 2741 bit-bat
841 2691 1004 2741 Rhodi
1038 2694 1130 2743 Eu.
1151 2694 1186 2752 i,
1207 2699 1256 2744 2.
1279 2698 1343 2743 27

706 2752 882 2822 Rideo.
949 2757 1107 2807 Rideo
1145 2760 1269 2807 hunc
1322 2758 1422 2810 Ad.
1461 2759 1527 2815 iv,
1570 2764 1619 2809 2.
1662 2764 1695 2809 9

639 2820 750 2869 Ha!
786 2822 877 2869 hal
929 2823 1015 2871 he!
1058 2822 1171 2873 Thr.
1223 2822 1355 2881 Quid
1391 2814 1550 2872 fides?
1603 2824 1695 2871 Eu.

640 2885 714 2941 iii,
737 2889 785 2935 2.
817 2887 883 2937 44
933 2886 1064 2945 Quid
1105 2888 1192 2935 tibi
1237 2889 1341 2935 vis?
1376 2887 1494 2951 quid
1535 2889 1695 2950 rides?

641 2950 800 2998 Etiam
822 2951 980 2999 rides?
1012 2951 1104 2999 Eu.
1126 2969 1172 3007 v,
1194 2956 1244 3001 7.
1267 2956 1316 3001 6.
1346 2957 1405 3003 16
1453 2952 1562 3000 Ha!
1597 2952 1691 3001 he!

641 3014 731 3062 he!
769 3015 872 3063 Me.
905 3016 1036 3073 Quid
1073 3016 1248 3065 risisti?
1284 3012 1488 3072 Hea.‘v‚
1529 3022 1576 3067 1.
1634 3020 1693 3066 13

642 3078 734 3127 Ille
776 3079 988 3143 ringitur,
1041 3087 1092 3127 tu
1128 3082 1279 3129 rideas
1313 3082 1404 3130 Ph.
1445 3082 1497 3144 ii,
1536 3086 1584 3131 2.
1630 3087 1695 3131 27

641 3142 787 3191 Hisce
809 3158 898 3207 ego
919 3160 1014 3193 non
1038 3160 1150 3207 pero
1171 3162 1262 3201 me,
1285 3154 1340 3193 nt
1361 3147 1576 3206 rideant;
1610 3146 1696 3195 sed

641 3208 716 3279 bis
740 3207 859 3256 ultro
881 3210 1061 3257 arrideo
1095 3210 1184 3257 Eu.
1221 3210 1279 3273 ii,
1311 3216 1359 3259 2.
1385 3214 1446 3259 18
1495 3210 1699 3260 Defessa

635 3274 1547 3401 Qffliassioessu‘iz‘zssgsssszffpffieta
1561 3280 1695 3388 H..

643 3396 870 3447 Ridicule
890 3415 1023 3463 rogas
1056 3400 1148 3449 He.
1171 3402 1233 3459 iv,
1256 3406 1303 3451 4.
1326 3408 1391 3453 46

709 3460 1000 3513 Ridiculum.
1035 3466 1246 3529 (Subst.)
1311 3466 1412 3515 Hui
1450 3474 1543 3513 tam
1566 3468 1696 3517 cito?

644 3526 891 3576 ridiculum
925 3528 986 3577 A.
1009 3528 1077 3586 iii,
1104 3535 1149 3580 1.
1169 3534 1232 3579 16
1265 3530 1395 3587 Quid
1423 3533 1566 3595 ergo?
1604 3532 1697 3583 Ch.

643 3588 717 3639 'Ut
731 3593 920 3643 ducam.
951 3592 1048 3643 Da.
1082 3593 1355 3643 Ridiculum
1389 3594 1454 3644 A.
1475 3596 1539 3653 iv,
1561 3603 1612 3647 2.
1633 3603 1699 3649 29

643 3654 954 3705 Ridiculum:
990 3674 1086 3706 non
1108 3658 1234 3708 enim
1257 3660 1482 3723 cogitaras
1514 3655 1614 3709 Eu:
1627 3662 1699 3725 iii,

646 3724 694 3769 1.
714 3725 778 3770 62
809 3721 1082 3771 Ridiculum
1107 3732 1194 3785 est,
1216 3733 1263 3772 te
1283 3724 1402 3773 istuc
1424 3742 1499 3773 me
1535 3728 1697 3775 admo·
1717 3744 1723 3751 ·

643 3801 754 3834 nere
775 3786 898 3838 Heu.
923 3787 976 3844 ii,
1000 3792 1049 3839 3.
1073 3792 1165 3839 112
1200 3789 1330 3846 Quid
1347 3790 1406 3838 ad
1431 3806 1503 3838 me
1524 3792 1699 3839 ibatis?

643 3850 891 3899 ridiculum
924 3852 1018 3902 Ph.
1041 3870 1086 3910 v,
1105 3858 1156 3901 7.
1177 3858 1208 3903 8
1241 3854 1368 3903 Mihi
1390 3854 1502 3903 soloe
1523 3856 1700 3904 ridicu-

642 3913 692 3963 lo
712 3915 806 3963 suit
837 3916 927 3964 Eu.
950 3933 996 3973 v,
1019 3922 1066 3966 7.
1090 3920 1120 3967 3
1156 3916 1254 3975 Qui
1271 3919 1360 3966 sibi
1384 3936 1458 3969 me
1482 3935 1563 3983 pro
1586 3918 1699 3985 ridi-

645 3980 770 4039 culo,
793 3994 848 4029 nc
883 3980 1226 4031 delectamento
1266 3991 1402 4047 putat
1434 3983 1558 4035 Hea.
1582 4001 1633 4040 V,
1655 3991 1701 4034 1.

709 4107 976 4166 Ridiculus,
1017 4126 1066 4172 a,
1112 4127 1206 4161 um.
1285 4110 1354 4158 At
1391 4128 1480 4174 ego
1515 4112 1700 4169 infelix,

646 4187 800 4235 neque
839 4174 1064 4223 ridiculus
1100 4192 1220 4238 esse,
1241 4191 1394 4239 neque
1415 4176 1578 4239 plagas
1601 4176 1702 4239 pati

646 4250 834 4309 possum
857 4238 948 4286 Eu.
971 4240 1024 4303 ii,
1046 4244 1094 4288 2.
1119 4244 1179 4290 13
1233 4238 1507 4290 Ridiculum
1528 4240 1701 4303 caput!

645 4297 711 4348 Δ.
754 4299 808 4355 ri,
839 4305 888 4349 2.
921 4306 986 4353 34
1041 4302 1318 4353 Ridiculum
1339 4323 1350 4353 :
1396 4306 1704 4355 adversumne

1596 419 1841 472 mrmx

1754 569 1893 618 illum
1912 566 2321 618 cousum‘diccrcm
2340 565 2492 621 ?.,Ad.
2516 567 2583 629 iv,
2604 573 2651 618 ᾶ.
2668 570 2737 618 42
2765 568 2801 608 ’ἲ

1820 631 1983 680 Rima.
2018 661 2023 668 -
2047 631 2223 682 Plenus
2244 632 2458 680 rimarum
2480 649 2606 697 sum,
2626 634 2715 682 hnc
2734 639 2807 680 nt·-

1756 713 1851 764 que
1870 697 1979 746 illac
2001 697 2177 760 perfluo
2209 696 2302 748 Eu.
2326 697 2361 754 i,
2380 701 2432 746 2.
2452 701 2517 748 26

1822 762 2021 826 Ringor.
2085 761 2217 810 Dum
2240 762 2329 810 tibi
2347 761 2424 819 sit,
2442 762 2571 838 quod
2589 760 2775 824 placent
2792 775 2807 806 ε

1756 826 1843 878 illc
1852 827 2065 891 ringitur,
2086 827 2313 874 tn'rideas
2344 825 2435 874 Ph.
2452 826 2508 882 xi,
2528 829 2575 874 2.
2598 828 2664 874 27

1822 891 2011 942 Riscus.
2077 891 2174 941 Ubi
2212 892 2301 940 situ
2330 891 2435 939 est?
2466 889 2555 939 Th.
2587 889 2646 936 In
2684 889 2810 937 risco

1758 955 1851 1004 Eu.
1871 957 1936 1013 iv,
1958 961 2005 1004 ὓ.
2029 959 2092 1007 16

1824 1019 1987 1070 Risus.
2053 1019 2175 1067 Risu
2212 1034 2391 1074 omnes.
2423 1018 2509 1082 qui
2528 1017 2733 1074 aderent,
2754 1031 2810 1064 e-

1758 1085 1915 1136 morini
1950 1083 2044 1134 Eu.
2065 1083 2141 1142 iii,
2164 1090 2213 1134 1.
2232 1087 2299 1133 42
2332 1081 2568 1139 Gemitus,
2588 1087 2810 1138 screatus,

1760 1150 1919 1207 tussis,
1940 1149 2073 1206 risus,
2096 1149 2277 1196 abstine
2301 1148 2423 1198 Hes.
2442 1147 2501 1210 ii,
2523 1151 2573 1196 3.
2600 1149 2691 1195 132
2731 1165 2749 1172 ·
2788 1156 2795 1162 ‘

1826 1213 2023 1263 ffivnlis.
2091 1213 2215 1270 Quis
2251 1221 2323 1261 est
2360 1220 2454 1260 mn
2555 1209 2690 1258 tens?
2724 1209 2815 1260 Pn-

1760 1278 1907 1327 Miles
1925 1278 2118 1339 Thraso,
2141 1276 2489 1325 Phaedriaerivn
2508 1277 2549 1322 is
2581 1274 2676 1322 Eu.
2690 1274 2748 1333 ii,
2764 1277 2827 1322 3.

1761 1347 1827 1394 62
1874 1343 2211 1391 Parmenonem
2248 1342 2422 1390 tristem
2460 1340 2624 1396 video,
2658 1337 2819 1387 rivali·

1762 1423 1941 1456 servum
1976 1407 2066 1458 Eu.
2088 1407 2139 1464 ii,
2154 1412 2207 1456 2.
2226 1410 2288 1456 37
2340 1404 2549 1452 Militem
2580 1417 2673 1466 ego
2692 1402 2820 1450 riva·

1762 1472 1857 1522 lem
1875 1472 2195 1536 recipiendum
2215 1485 2383 1518 censeo
2416 1467 2511 1516 Eu.
2531 1484 2579 1524 v,
2600 1472 2651 1517 0.
2680 1471 2753 1516 42

1830 1535 2026 1600 Rogito.
2091 1535 2187 1583 Ubi
2208 1551 2310 1582 eam
2332 1533 2447 1593 vidi,
2466 1531 2595 1580 illico
2616 1531 2819 1588 accedo,

1764 1602 1937 1665 rogito,
1956 1600 2208 1664 Pamphila
2238 1597 2531 1661 quid'nget?
2560 1594 2659 1644 Ad.
2680 1595 2747 1650 iv,
2768 1598 2821 1643 4.

1763 1670 1796 1714 9
1840 1663 1950 1712 Ah!
1986 1665 2191 1728 rogitas?
2225 1662 2289 1711 A.
2310 1679 2359 1720 ν,
2383 1666 2431 1710 1.
2462 1667 2497 1712 0
2548 1661 2682 1718 Quid
2710 1659 2821 1708 ite?

1764 1729 1854 1780 ch.
1876 1729 2110 1794 Rogitas?
2129 1729 2221 1778 Eu.
2243 1728 2295 1789 ii,
2313 1731 2363 1777 3.
2382 1729 2447 1776 74
2480 1725 2577 1774 Ubi
2598 1725 2699 1773 est?
2722 1724 2819 1772 Ph.

1764 1793 2000 1858 Rogitas?
2034 1809 2132 1844 nou
2152 1793 2319 1842 vides?
2353 1791 2451 1839 Eu.
2466 1791 2598 1846 ivn.
2618 1794 2651 1839 8
2683 1789 2819 1846 Quid

1764 1865 1863 1908 tum
1898 1859 2096 1922 postet?
2130 1857 2242 1908 Thr.
2280 1855 2515 1920 Rogitas?
2549 1854 2643 1902 Eu.
2682 1854 2745 1910 iv,
2768 1857 2820 1903 7.

1764 1927 1827 1972 24
1873 1923 2002 1980 Quid
2034 1922 2140 1970 its?
2174 1922 2271 1986 Py.
2305 1919 2539 1984 Rogitas?
2572 1917 2663 1967 Eu.
2696 1933 2744 1974 v,
2766 1922 2819 1966 2.

1764 1992 1845 2037 88.
1878 2003 1927 2049 ν,
1948 1993 1998 2038 7.
2022 1993 2051 2036 7
2101 1986 2318 2052 Rogitas,
2350 1982 2693 2033 audacissime?
2722 1981 2819 2030 Eu.

1764 2068 1813 2110 v,
1834 2059 1881 2102 5.
1902 2057 1935 2100 6
1982 2051 2201 2116 Rogitas,
2222 2050 2338 2113 quid
2376 2048 2501 2098 siet?
2534 2047 2656 2098 Hea.
2674 2047 2729 2103 ii,
2766 2049 2821 2096 3.

1767 2120 1831 2166 10
1863 2115 2019 2166 Perii!
2053 2116 2169 2181 qnid
2190 2131 2279 2177 ego
2300 2114 2426 2163 feci?
2460 2107 2551 2162 Ch.
2585 2111 2823 2176 Rogitas?

1766 2181 1891 2232 Heu.
1915 2181 1983 2244 iv,
2005 2186 2053 2232 1.
2087 2186 2149 2231 18
2198 2180 2329 2238 Quid
2350 2179 2435 2226 tibi
2456 2179 2565 2226 est?
2596 2177 2683 2241 sy.
2714 2175 2819 2224 Ro-

1767 2247 1925 2320 gitas?
1955 2244 2054 2294 Ad.
2090 2247 2155 2301 iv,
2186 2250 2234 2294 2.
2269 2248 2333 2293 19
2384 2242 2455 2292 At
2486 2241 2689 2306 rogitas?
2721 2241 2818 2289 He.

1766 2325 1833 2366 rr,
1859 2315 1905 2359 1.
1930 2315 1989 2360 11
2027 2310 2159 2367 Quid
2180 2309 2301 2358 istuc
2322 2309 2430 2356 cst?
2462 2308 2559 2354 An.
2580 2305 2780 2369 Rogitas
2800 2305 2823 2352 ?

1768 2374 1861 2423 Ph.
1898 2374 1935 2436 i,
1954 2378 2002 2423 3.
2023 2379 2055 2424 4
2106 2374 2239 2431 Quid
2268 2373 2435 2422 istnc?
2470 2372 2567 2421 De.
2602 2370 2821 2433 Rogitas,

1768 2437 2022 2489 Phaedria?
2077 2439 2169 2489 Ph.
2210 2436 2267 2495 ii,
2306 2441 2355 2488 1.
2395 2441 2458 2486 27
2514 2435 2822 2500 1108101001ῆρ

1768 2504 1883 2551 heus
1905 2518 2039 2564 puer,
2060 2504 2141 2551 dic
2160 2504 2319 2559 sodes,
2354 2502 2456 2566 quis
2486 2500 2585 2549 heri
2620 2499 2819 2563 Chrysi-

1768 2568 1877 2615 dem
1898 2566 2094 2614 hnbuit?
2128 2568 2395 2623 Phaedrum,
2416 2574 2497 2613 aut
2516 2564 2723 2615 Cliniam
2742 2564 2823 2611 di-

1768 2633 1955 2688 cebant,
1992 2639 2076 2679 eut
2105 2631 2173 2681 A.
2194 2632 2230 2688 i,
2254 2637 2301 2681 1.
2334 2636 2396 2681 57
2444 2628 2693 2693 Rogitabit
2722 2644 2823 2685 me,

1769 2696 1849 2747 ubi
1869 2696 2035 2745 fuerim
2067 2694 2165 2744 Ad.
2186 2696 2251 2758 iv,
2274 2702 2319 2745 1.
2342 2701 2400 2745 11
2452 2695 2597 2743 Illum
2616 2695 2709 2742 hoc
2745 2710 2821 2741 ro-

1770 2760 2098 2873 gitrlttoqsgmglg
2117 2761 2417 2873 quamoberem
2436 2760 2489 2834 id
2510 2758 2825 2869 faciade-let.

1770 2840 1890 2881 v,.
2122 2840 2247 2871 siro
2348 2838 2822 2880 murmures,

1770 2890 1899 2953 quod
1922 2891 2149 2952 peccem?
2172 2841 2294 2937 Ηυξ..
2316 2905 2361 2945 v,
2378 2841 2481 2939 82¹6
2514 2838 2661 2936 saufia’
2682 2902 2823 2935 sanus

1770 2968 1839 3011 es,
1860 2956 1943 3017 qui
1966 2970 2039 3002 me
2058 2954 2111 3002 id
2134 2953 2341 3017 rogites?
2374 2954 2436 3002 A.
2458 2953 2525 3009 iv,
2546 2956 2597 3001 4.
2621 2956 2683 3002 10
2714 2951 2826 2999 Vir-

1770 3033 1831 3081 go
1866 3019 1973 3081 ipsa
2012 3020 2251 3074 lacrumat,
2288 3032 2460 3081 neque,
2488 3033 2597 3067 cum
2634 3018 2829 3081 rogites,

1770 3082 1985 3193 guidam
2007 3084 2159 3195 audet¹
2172 3083 2326 3195 dtiuoeoe
2358 3082 2687 3195 Ιέυἰίἱῃδθιὲη
2706 3081 2827 3191 Αὸὴαῗ

1808 3163 1840 3194 1¹
2320 3162 2371 3195 es
2500 3162 2541 3193 ι.
2624 3161 2670 3192 a.
2810 3180 2825 3191 .

1770 3341 1969 3403 rogitare
1990 3341 2051 3389 ad
2074 3356 2251 3389 coenam
2284 3347 2339 3389 ut
2359 3340 2549 3389 veniat?
2582 3340 2670 3387 Eu.
2694 3337 2750 3395 ii,
2772 3343 2827 3387 2.

1772 3408 1833 3454 35
1870 3404 2079 3469 Quoquo
2122 3422 2245 3463 eam,
2289 3407 2535 3470 rogitando
2574 3404 2827 3459 obtundet,

1772 3478 1939 3518 enecet
1971 3470 2066 3518 Eu.
2081 3471 2152 3526 iii,
2173 3477 2221 3519 5.
2244 3475 2277 3519 6

1837 3532 1995 3597 Rogo.
2062 3537 2183 3591 Qnae
2216 3535 2295 3592 sit,
2322 3548 2463 3595 rogo:
2497 3546 2703 3580 sororem
2723 3548 2829 3581 esse

1772 3598 1906 3647 aiunt
1929 3600 2170 3663 Chrysidis
2192 3600 2257 3645 A.
2283 3598 2315 3654 i,
2341 3603 2385 3646 1.
2406 3601 2469 3645 97
2486 3594 2629 3659 Rogo
2648 3616 2660 3644 ι
2685 3604 2831 3660 negat

1774 3663 1948 3711 vidisse
1980 3664 2045 3711 A.
2066 3664 2121 3719 ii,
2144 3668 2187 3711 2.
2212 3667 2271 3711 21
2326 3660 2577 3709 Dictursn’
2602 3677 2673 3725 es,
2693 3663 2825 3725 quod

1774 3728 1917 3789 rogo?
1956 3727 2159 3775 Verbum
2198 3725 2237 3772 si
2278 3726 2393 3772 mihi
2426 3741 2590 3783 unum,
2635 3734 2827 3791 prseter-

1774 3807 1913 3854 quam
1936 3792 2063 3853 quod
2086 3801 2131 3838 te
2153 3806 2283 3852 rogo,
2316 3790 2451 3847 faxis,
2486 3806 2617 3839 cave.
2681 3792 2825 3838 Mitte

1774 3857 1841 3912 id,
1864 3857 1990 3918 quod
2014 3856 2112 3903 scio
2132 3872 2144 3902 ε
2178 3856 2276 3911 dic,
2298 3856 2428 3918 quod
2452 3872 2565 3919 rogo
2602 3854 2664 3903 A.
2686 3856 2750 3910 iv,
2770 3858 2821 3903 4.

1776 3925 1855 3971 12.
1887 3925 1961 3969 14.
1983 3924 2045 3969 25
2097 3918 2256 3983 Rogo,
2279 3920 2509 3984 numquid
2552 3920 2699 3968 velit?
2733 3918 2825 3965 Eu.

1774 3986 1826 4041 ii,
1850 3989 1897 4033 3.
1912 3988 1979 4033 49
2010 3984 2155 4031 Haud
2174 3992 2425 4048 propterea
2447 3994 2493 4033 te
2516 4001 2644 4049 rogo,
2664 3991 2721 4033 ut
2734 3985 2825 4031 hoc

1775 4049 2001 4112 proferam
2034 4048 2201 4107 He.‚i,
2228 4055 2293 4109 ,2.
2330 4052 2389 4099 31
2446 4048 2586 4097 Eho!
2620 4050 2827 4105 verbero,

1776 4114 1903 4161 eliud
1925 4113 2037 4161 mibi
2058 4116 2331 4177 respondes,
2345 4129 2403 4163 sc
2416 4128 2529 4177 rogo
2541 4113 2631 4163 Ph.
2646 4114 2711 4173 iv,
2725 4117 2775 4162 4.
2792 4115 2829 4161 3

1776 4178 1937 4241 Rogo,
1968 4181 2271 4241 quamobrem
2308 4178 2504 4229 retinent
2538 4192 2613 4223 me
2646 4177 2735 4224 Ph.
2775 4193 2825 4233 v,

1778 4248 1825 4291 6.
1863 4248 1927 4293 24
1979 4243 2313 4307 Quapropter?
2344 4242 2410 4291 si.
2460 4241 2537 4287 Ro
2622 4240 2654 4287 ·?
2688 4240 2753 4288 A.
2787 4242 2823 4297 i,

1782 4311 1828 4357 l.
1852 4312 1947 4358 136
2000 4308 2130 4366 Quid
2152 4308 2253 4357 sis?
2285 4306 2510 4362 DmQus
2633 4306 2717 4353 re?
2752 4305 2835 4355 Si.-
