3192 4975
1246 461 1321 508 {N
1372 457 1846 510 Tannn‘rluu.

456 606 527 658 Ut
545 624 635 672 ego
655 609 888 673 unguibus
907 608 1048 658 facile
1068 608 1140 657 illi
1160 609 1211 668 in
1235 610 1397 658 oculos
1426 610 1504 658 in·

454 674 609 722 volem
630 673 867 723 venefico!
911 673 996 722 Eu.
1017 674 1084 731 iv,
1104 678 1153 723 3.
1168 680 1201 724 6
1238 673 1393 723 Facile
1407 675 1507 738 pel·

456 737 543 795 las,
574 738 653 786 ubi
689 738 805 786 velis
858 737 949 788 Eu.
972 755 1020 795 v,
1042 745 1092 788 9.
1112 744 1178 788 50
1233 737 1330 795 Qui
1364 755 1505 802 opere

456 803 627 851 rustico
648 803 867 852 faciundo
903 803 1043 851 facile
1078 800 1281 850 sumtum
1318 819 1504 852 exerce-

452 876 558 915 rent
578 883 711 914 suum
730 867 856 916 Hea.
881 867 913 930 i,
936 872 981 916 1.
998 872 1059 917 91
1095 867 1165 916 Ut
1184 867 1325 916 facile
1346 869 1505 929 scires,

456 931 691 979 desiderio
712 932 760 979 id
785 931 886 980 fieri
910 939 992 979 tuo
1026 931 1149 980 Hea.
1172 931 1229 994 ii,
1250 935 1299 981 3.
1322 936 1387 981 66
1436 931 1507 979 At

448 995 542 1043 hoc
565 996 782 1053 demiror,
804 997 888 1060 qui
910 1003 1005 1042 tam
1025 996 1161 1044 facile
1178 996 1385 1060 potueris
1400 1011 1503 1060 per-

450 1061 647 1108 suadere
668 1059 740 1108 illi
773 1061 895 1108 Hca.
918 1060 973 1122 ii,
995 1065 1043 1110 3.
1070 1064 1161 1110 121
1196 1059 1353 1108 Facile
1369 1062 1501 1124 equi-

446 1124 560 1171 dem
580 1124 735 1172 facere
760 1139 966 1188 possum,
988 1125 1028 1172 si
1042 1124 1183 1188 jubes
1216 1125 1339 1174 Hea.
1362 1125 1430 1180 iii,
1455 1131 1503 1176 2.

448 1191 517 1237 36
573 1188 841 1237 Convincas
862 1188 1001 1236 facile
1020 1205 1075 1236 ex
1097 1197 1145 1236 te
1168 1195 1360 1236 natum:
1395 1206 1502 1237 nam

452 1252 522 1298 tui
544 1252 705 1300 similis
722 1261 795 1301 eat
807 1254 951 1316 probe
984 1253 1105 1301 Hea.
1128 1270 1176 1309 v,
1193 1259 1240 1301 3.
1260 1259 1321 1302 18
1345 1253 1503 1304 Gnate

451 1316 534 1372 mi,
575 1331 664 1380 ego
703 1317 783 1380 pol
821 1318 908 1364 tibi
946 1318 1070 1364 dabo
1107 1317 1238 1365 illam
1277 1317 1503 1382 lepidam,

450 1394 592 1442 quam
617 1388 666 1428 tu
684 1381 821 1429 facile
838 1396 965 1430 ames
996 1381 1122 1431 Hea.
1144 1399 1193 1444 v,
1216 1389 1265 1432 5.
1286 1387 1349 1432 16
1370 1383 1501 1430 Mul-

448 1451 501 1490 ta
538 1445 671 1507 signa
709 1446 884 1502 insunt,
920 1461 977 1494 ex
1016 1446 1186 1510 quibus
1232 1446 1505 1509 conjectura

446 1507 590 1556 facile
608 1509 665 1556 fit
695 1509 793 1558 Ad.
819 1527 865 1566 v,
888 1515 936 1561 3.
961 1514 1025 1560 36
1070 1511 1411 1559 Deterruissem
1432 1513 1505 1560 fa-

446 1572 559 1629 cile,
580 1589 641 1621 ne
662 1574 776 1622 alias
798 1574 1019 1622 scriberet
1050 1574 1144 1623 He.
1166 1575 1272 1624 Alt.
1288 1575 1415 1625 Prol.
1442 1583 1505 1626 19

449 1635 520 1684 Ut
539 1639 693 1702 quivis
715 1639 854 1688 facile
875 1640 1023 1703 possit
1042 1640 1229 1687 credere
1277 1639 1369 1689 He.
1390 1640 1429 1701 i,
1454 1645 1501 1692 1.

449 1705 481 1750 4
513 1701 702 1750 Amarae
724 1704 939 1752 mulieres
962 1711 1074 1750 aunt
1097 1722 1109 1751 ε
1134 1720 1228 1751 non
1247 1704 1386 1752 facile
1402 1706 1503 1753 hoec

448 1765 606 1814 ferunt
651 1767 746 1817 He.
767 1770 834 1824 iv,
858 1773 908 1817 4.
932 1772 997 1817 88
1044 1767 1205 1816 Mores
1225 1769 1363 1817 facile
1379 1776 1505 1818 tutor

448 1829 543 1880 He.
573 1847 619 1888 V,
644 1837 693 1882 1.
714 1836 746 1881 8
801 1832 967 1881 Ubivia
1000 1831 1186 1880 facilius
1209 1848 1372 1897 passus
1397 1834 1505 1896 sim,

449 1907 591 1957 quam
613 1896 663 1943 in
686 1897 774 1945 hac
796 1913 864 1958 re,
878 1911 953 1943 me
976 1897 1191 1944 deludier
1235 1896 1301 1946 A.
1323 1898 1357 1960 i,
1377 1902 1425 1947 2.
1440 1903 1504 1948 32

447 1958 609 2006 Potin’
628 1975 679 2008 es
700 1961 815 2009 mihi
834 1975 991 2009 verum
1014 1961 1205 2009 dicere?
1238 1961 1333 2012 Da.
1371 1961 1505 2010 Nihil

447 2022 631 2071 facilius
663 2023 727 2072 A.
748 2025 801 2082 ii,
820 2031 871 2074 6.
895 2029 927 2075 6
973 2024 1158 2088 Adjuta
1192 2043 1286 2088 me,
1324 2043 1419 2090 quo
1456 2027 1505 2074 id

447 2088 531 2134 fiat
552 2087 736 2136 facilius
768 2089 859 2136 Eu.
880 2090 915 2152 i,
935 2093 985 2138 2.
1008 2095 1074 2139 70
1118 2091 1265 2138 Simul
1288 2099 1337 2138 et
1358 2091 1505 2139 confi-

446 2151 569 2201 ciam
590 2153 775 2201 facilius
796 2169 903 2217 ego,
926 2156 1054 2216 quod
1075 2154 1185 2201 volo
1227 2154 1347 2203 Hea.
1369 2154 1434 2212 iv,
1457 2161 1506 2204 5.

446 2221 511 2265 55
564 2217 696 2274 Quid
726 2217 809 2265 ni?
838 2233 934 2282 quo
963 2218 1101 2266 verba
1134 2218 1317 2266 facilins
1338 2219 1508 2266 dentur

446 2280 561 2327 mihi
608 2281 733 2332 Hea.
757 2297 803 2338 v,
830 2288 872 2332 1.
896 2287 951 2332 41
1016 2281 1123 2330 Hoc
1163 2285 1247 2346 qui
1282 2283 1507 2331 occultari

444 2344 629 2392 facilius
670 2347 847 2403 credas,
883 2347 1006 2394 dabo
1060 2346 1155 2394 He.
1178 2364 1226 2409 ν,
1247 2352 1297 2398 4.
1322 2352 1386 2396 29
1429 2347 1505 2396 Ita

444 2409 669 2458 facillime
708 2411 809 2458 aine
841 2410 1020 2458 iii-vidia
1072 2412 1259 2460 laudem
1296 2412 1505 2459 invenias

439 2472 514 2523 A.
539 2475 574 2535 i,
597 2480 641 2526 1.
664 2479 729 2525 38
772 2474 887 2523 Tam
918 2475 1138 2524 facillime
1169 2474 1312 2541 patris
1340 2492 1503 2539 pacem

442 2537 495 2585 in
542 2540 671 2603 leges
712 2540 931 2588 conficiet
970 2556 1078 2587 suas
1132 2540 1255 2589 Hea.
1289 2558 1335 2598 v,
1365 2544 1409 2590 2.
1437 2545 1500 2590 45

447 2602 569 2651 Cum
593 2604 747 2651 animo
774 2604 970 2666 cogites,
998 2620 1141 2668 quam
1173 2621 1254 2652 vos
1284 2604 1503 2654 facillime

445 2667 583 2730 agitis
619 2667 716 2717 Ad.
738 2667 807 2724 iii,
829 2674 877 2717 4.
901 2672 966 2717 56

511 2730 697 2787 Facilis,
721 2748 765 2779 e.
829 2731 979 2779 Nulla
998 2739 1071 2779 est
1100 2738 1197 2779 tam
1232 2731 1383 2780 facilia
1414 2748 1503 2789 res,

483 2796 563 2842 uin
599 2796 803 2844 difficilia
840 2796 946 2852 siet,
977 2812 1117 2859 quam
1148 2797 1322 2843 invitus
1359 2796 1504 2844 facias

446 2811 571 2915 ileu,
610 2861 675 2915 iv,
698 2865 748 2910 6.
773 2864 799 2908 1
849 2860 1035 2907 Bonam
1056 2868 1197 2923 atque
1210 2860 1387 2921 justam
1410 2875 1505 2907 rem

444 2924 626 2985 oppido
647 2922 866 2986 imperas,
880 2930 931 2970 et
944 2924 1071 2971 factu
1086 2924 1269 2971 facilem
1302 2924 1424 2971 Hea.
1443 2924 1507 2981 iv,

447 2992 497 3036 3.
518 2990 585 3035 26
618 2985 763 3042 Quod
787 2992 833 3034 te
854 2986 931 3034 isti
964 2988 1169 3043 facilem,
1206 2996 1255 3035 et
1291 2987 1507 3036 festivom

448 3058 637 3114 putant,
656 3051 705 3098 id
726 3066 819 3098 non
852 3049 947 3098 Ad.
971 3068 1016 3107 v,
1036 3056 1084 3100 9.
1105 3057 1171 3101 29
1202 3051 1406 3099 Facilem
1425 3053 1506 3099 be-

446 3116 762 3180 nevolumque
782 3115 941 3178 lingna
964 3123 1043 3162 tua
1065 3115 1166 3179 jam
1190 3116 1274 3163 tibi
1297 3132 1371 3164 me
1402 3118 1507 3165 red-

444 3180 573 3227 didit
604 3180 699 3229 He.
723 3196 771 3236 v,
792 3184 836 3228 1.
854 3184 919 3229 34
951 3179 983 3227 J
987 3187 1135 3227 ustam
1153 3180 1278 3227 illam
1296 3196 1506 3242 causam,

444 3244 651 3304 facilem,
673 3243 961 3305 vincibilem,
981 3245 1256 3307 optumam?
1291 3244 1381 3293 Ph.
1402 3245 1438 3307 i,
1455 3249 1506 3294 4.

447 3312 515 3357 49
546 3309 672 3356 Mihi
707 3310 745 3355 si
776 3308 900 3356 filius
930 3310 1035 3365 erit,
1057 3324 1149 3365 nae,
1173 3309 1253 3356 ille
1282 3310 1409 3358 facili
1432 3326 1506 3359 me

448 3379 608 3419 utetur
626 3379 756 3436 patre
790 3373 912 3421 Hca.
930 3373 985 3434 ii,
1009 3378 1053 3421 1.
1071 3379 1100 3421 5
1137 3373 1279 3421 Nunc
1300 3390 1377 3422 me
1397 3374 1505 3425 hos-

446 3436 595 3499 pitem
616 3436 721 3485 lites
745 3438 895 3500 aequi,
910 3452 1049 3500 quam
1067 3438 1143 3485 hic
1160 3437 1273 3484 mihi
1289 3438 1351 3485 sit
1369 3439 1507 3487 facile

444 3508 589 3565 atque
612 3500 728 3549 utile
772 3501 838 3550 A.
861 3502 926 3558 iv,
948 3508 996 3550 5.
1020 3506 1083 3550 16
1130 3500 1188 3548 Id
1206 3516 1306 3549 esse
1330 3518 1507 3560 verum,

448 3566 598 3613 cuivis
616 3566 757 3614 facile
768 3574 842 3613 est
862 3581 1055 3614 noscere
1087 3564 1185 3613 Ad.
1200 3582 1245 3627 v,
1263 3570 1311 3615 4.
1328 3570 1360 3615 8
1394 3568 1507 3615 Non

444 3628 585 3677 facile
600 3639 678 3679 est
694 3638 955 3695 expurgatu
1006 3629 1100 3678 He.
1121 3630 1174 3685 ii,
1198 3635 1245 3679 3.
1266 3634 1296 3678 4
1346 3630 1509 3680 Cuivis

448 3691 589 3739 facile
610 3694 730 3741 scitu
749 3704 838 3751 est,
862 3710 1003 3757 qnam
1036 3694 1200 3742 fuerim
1232 3695 1370 3743 miser
1414 3696 1508 3745 He.

447 3756 519 3812 iii,
559 3760 605 3804 1.
643 3762 705 3805 15
761 3758 899 3815 Haec,
942 3760 1057 3806 dum
1094 3759 1310 3821 incipias,
1353 3762 1511 3822 gravia

449 3828 593 3867 sunt:
617 3821 825 3885 dumque
842 3822 1058 3883 ignorem
1080 3823 1162 3870 ubi
1184 3824 1416 3887 cognoris,
1439 3826 1509 3873 fa-

446 3884 557 3933 cilia
580 3884 704 3933 Hea.
723 3902 769 3942 v,
792 3891 842 3934 5.
867 3891 925 3935 15
961 3886 1095 3934 Nihil
1117 3896 1189 3935 eat
1208 3888 1341 3936 dictu
1360 3889 1510 3939 facili-

446 3965 502 3996 us
535 3950 626 3998 Ph.
647 3950 699 4006 ii,
720 3955 766 3998 1.
785 3954 850 3999 70

513 4013 748 4064 Facilitas.
804 4012 937 4063 Male
959 4015 1101 4064 docet
1119 4024 1167 4063 te
1188 4032 1291 4064 mea
1310 4016 1509 4065 facilitas

450 4079 599 4127 multa
628 4078 751 4127 Hea.
770 4077 837 4134 iv,
857 4083 905 4127 1.
927 4083 991 4127 35
1046 4078 1219 4142 Inepta
1235 4080 1401 4128 lenitas
1425 4096 1508 4143 pa-

449 4144 548 4200 tris,
572 4152 623 4192 et
638 4143 841 4191 facilitas
862 4158 1006 4206 prava
1037 4143 1133 4190 Ad.
1152 4145 1221 4200 iii,
1240 4148 1285 4193 3.
1307 4149 1369 4193 37
1413 4145 1506 4193 Sed

449 4223 545 4255 non
566 4209 705 4265 adeo,
727 4214 781 4254 ut
802 4222 907 4255 mea
929 4206 1129 4255 facilitas
1158 4216 1421 4271 corrumpat
1448 4209 1508 4255 il-

452 4271 599 4319 lorum
620 4273 798 4319 animos
830 4272 926 4320 He.
950 4272 1002 4326 ii,
1019 4276 1069 4320 2.
1092 4276 1125 4320 6
1156 4272 1235 4318 An
1253 4274 1346 4320 mei
1361 4272 1508 4336 patria

442 4334 767 4394 festivitatem,
788 4345 838 4386 et
857 4336 1163 4387 facilitatem?
1196 4336 1288 4385 Eu.
1309 4354 1357 4395 v,
1379 4342 1427 4389 9.
1444 4342 1506 4388 18

2508 463 2642 510 cxv

1578 607 1658 658 Re
1677 610 1781 674 ipsa
1799 609 2002 674 repperi,
2022 607 2250 661 facilitate
2280 608 2399 658 nihil
2432 625 2534 662 eane
2553 611 2640 661 ho·

1578 675 1695 723 mini
1734 675 1915 732 melius,
1955 689 2108 739 neque
2151 673 2401 723 clementia
2453 675 2552 726 Ad.
2591 694 2639 736 v,

1643 801 1863 850 Facinus.
1930 801 2044 850 Non
2065 803 2120 850 fit
2142 802 2245 851 siae
2268 803 2444 866 periclo
2457 803 2641 854 facinus

1576 867 2227 995 ‘3:332'1023333‘2'ffi'lf'
2236 867 2638 990 ε.ῗέῗ”ἐέ“’ἇῑ.ἷιὲ

1576 995 1824 1060 indignum
1846 994 2060 1044 facinus!
2112 996 2201 1044 Ph.
2224 995 2296 1052 iii,
2316 1001 2365 1046 2.
2389 1001 2455 1046 26
2504 997 2640 1047 Faci-

1578 1075 1667 1107 nus
1697 1060 1961 1123 indignum,
1995 1061 2061 1108 sic
2083 1060 2345 1108 circumiri!
2381 1061 2471 1108 Ph.
2494 1062 2566 1124 iv,
2590 1068 2638 1114 3.

1577 1128 1609 1172 8
1660 1124 1893 1188 Rogitas?
1937 1125 2020 1188 qui
2063 1133 2156 1172 tam
2195 1126 2387 1173 audacia
2423 1126 2640 1174 facinoris

1576 1188 1688 1236 mihi
1729 1189 1943 1239 conscius
1983 1189 2080 1236 eis?
2135 1190 2224 1236 Ph.
2252 1189 2289 1250 i,
2324 1194 2373 1239 3.
2402 1195 2434 1240 4
2496 1190 2641 1239 Venit

1577 1253 1800 1302 Chremes
1823 1254 2048 1317 postridie
2070 1254 2130 1300 ad
2156 1269 2246 1309 me,
2269 1252 2534 1311 clamitans,
2563 1257 2638 1303 in-

1576 1319 1770 1381 dignum
1793 1317 2000 1366 facilius!
2037 1316 2102 1364 A.
2123 1318 2159 1375 i,
2185 1322 2232 1367 1.
2260 1323 2351 1367 118
2387 1319 2432 1367 Ο
2453 1319 2638 1367 facinus

1575 1385 1728 1430 audax
1749 1383 1760 1430 l
1794 1382 1854 1431 A.
1877 1381 1930 1436 ii,
1952 1386 1998 1432 3.
2022 1387 2103 1431 27.
2126 1382 2213 1429 Ph.
2237 1381 2291 1439 ii,
2314 1386 2359 1431 1.
2381 1387 2412 1432 3
2456 1382 2501 1430 Ο
2525 1384 2642 1432 faci-

1576 1462 1666 1494 nus
1687 1447 2150 1495 animadvertendum
2171 1447 2182 1493 !
2218 1445 2281 1494 A.
2303 1446 2368 1504 iv,
2390 1452 2438 1496 4.
2455 1451 2520 1496 28
2555 1448 2639 1495 In-

1574 1511 1772 1574 dignum
1807 1511 1901 1574 jam
1936 1511 2118 1558 facinus
2151 1511 2258 1558 faxo
2286 1527 2342 1558 ex
2379 1527 2454 1560 me
2475 1513 2640 1560 audias

1577 1574 1641 1622 A.
1663 1592 1707 1632 v,
1731 1581 1778 1625 2.
1805 1581 1865 1625 13
1900 1575 1945 1623 Ο
1966 1576 2213 1638 indignum
2236 1576 2447 1624 facinus!
2485 1577 2577 1625 Eu.
2603 1579 2637 1638 i,

1578 1644 1625 1688 1.
1649 1645 1711 1689 25
1754 1639 1971 1688 Hoccine
1994 1647 2086 1686 tam
2110 1641 2262 1687 audax
2284 1639 2464 1688 facinus
2485 1641 2640 1689 faeere

1576 1719 1678 1752 esse
1699 1720 1861 1752 ausum
1882 1705 1900 1751 ?
1932 1703 2025 1750 Eu.
2043 1705 2110 1768 iv,
2131 1709 2178 1754 3.
2199 1709 2231 1753 2
2265 1704 2392 1752 Perii
2411 1705 2422 1751 Ξ
2448 1713 2540 1752 tam
2563 1706 2639 1752 in-

1575 1767 1770 1816 fandum
1809 1767 2008 1830 facinus,
2045 1785 2105 1816 ne
2132 1769 2289 1816 audivi
2321 1769 2511 1832 quidem
2547 1770 2640 1818 Eu.

1574 1831 1641 1888 iv,
1667 1838 1714 1881 3.
1736 1837 1800 1882 22
1857 1834 1980 1881 Proh
2026 1833 2168 1881 fidem
2212 1832 2368 1881 Deum
2390 1832 2401 1879 !
2457 1833 2638 1882 facinus

1576 1897 1785 1946 foeduml
1823 1898 1914 1945 Eu.
1940 1913 1987 1958 v,
2009 1903 2055 1946 5.
2081 1902 2107 1946 1
2160 1897 2268 1953 Qua
2307 1898 2506 1946 audacia
2533 1906 2637 1946 tan-

1578 1969 1676 2008 tum
1699 1962 1882 2010 facinus
1904 1963 2082 2010 audet?
2134 1960 2224 2011 Eu.
2246 1978 2292 2018 v,
2317 1968 2364 2010 5.
2392 1967 2452 2011 17
2505 1963 2638 2012 Vah!

1578 2025 1704 2082 vide,
1739 2027 1865 2090 quod
1895 2026 2109 2088 inceptet
2139 2026 2323 2074 facinus
2355 2025 2479 2075 Hea.
2502 2025 2570 2087 iii,
2593 2031 2641 2076 3.

1580 2093 1645 2138 39
1678 2089 1930 2146 Quodnam
1953 2090 2016 2136 ob
2035 2090 2218 2138 facinus
2238 2091 2257 2137 ?
2304 2090 2428 2137 Hea.
2463 2106 2510 2151 v,
2533 2095 2582 2139 2.
2607 2095 2637 2140 3

1580 2152 1626 2200 Ο
1649 2154 1831 2202 facinus
1853 2153 2126 2216 indignum!
2161 2153 2260 2203 Ad.
2281 2152 2332 2208 ii,
2359 2158 2404 2202 1.
2428 2158 2507 2204 19.
2541 2155 2636 2203 He.

1580 2217 1650 2273 iii,
1673 2223 1722 2268 3.
1749 2223 1812 2267 16
1843 2217 2045 2266 Facinus
2063 2217 2334 2280 indignum!
2371 2215 2470 2266 Ad.
2493 2218 2566 2274 iii,
2588 2224 2641 2269 4.

1585 2285 1611 2329 1
1650 2282 1721 2329 Ex
1743 2282 1875 2330 illan’
1896 2281 2074 2330 familia
2095 2289 2189 2329 tam
2207 2280 2435 2328 illiberale
2456 2281 2641 2330 facinus

1578 2361 1682 2394 esse
1703 2347 1887 2394 ortum?
1925 2345 2018 2394 Ad.
2039 2345 2112 2406 iii,
2134 2350 2183 2395 4.
2205 2351 2235 2395 3
2270 2345 2365 2393 Hic
2422 2346 2642 2394 ulcherri-

1580 2425 1707 2458 mum
1723 2411 1906 2458 facinus
1925 2410 2103 2458 audivi.
2125 2411 2258 2474 atqui
2272 2410 2372 2456 miri
2407 2409 2641 2458 cissimum

1579 2473 1670 2524 Ph.
1687 2492 1731 2531 v,
1748 2480 1795 2524 6.
1810 2479 1873 2525 30
1895 2473 2096 2523 Facinus
2109 2475 2354 2538 indignum
2371 2481 2420 2523 et
2435 2475 2637 2524 malum!

1580 2539 1671 2587 Ph.
1695 2556 1740 2595 v,
1760 2543 1894 2589 8.19
1946 2538 1996 2586 Is
2031 2540 2166 2597 mihi,
2199 2540 2279 2587 ubl
2316 2539 2499 2587 adbibit
2533 2541 2641 2604 plus

1579 2604 1741 2666 paulo,
1765 2620 1848 2652 sua
1869 2618 1975 2667 quae
1996 2610 2151 2651 narrat
2170 2602 2406 2651 facinora!
2443 2603 2564 2652 Hea.
2587 2606 2639 2663 ii,

1645 2730 1806 2779 Facio.
1860 2730 1900 2779 F
1900 2732 1965 2780 io.
2032 2731 2082 2778 Si
2119 2730 2208 2778 tibi
2250 2730 2365 2794 quid
2405 2730 2515 2789 feci,
2559 2741 2644 2779 aut

1578 2794 1724 2855 facio,
1744 2796 1872 2857 quod
1906 2793 1973 2843 A.
1995 2794 2031 2856 i,
2049 2800 2094 2843 1.
2116 2799 2175 2843 14
2211 2794 2306 2850 Qui
2318 2794 2642 2857 conjecturam

1580 2859 1704 2906 hanc
1725 2874 1850 2905 nunc
1871 2858 1995 2906 facio
2031 2857 2096 2907 A.
2119 2858 2191 2919 iii,
2212 2863 2262 2907 2.
2284 2862 2348 2907 32
2403 2858 2546 2905 Facio
2569 2875 2642 2907 se·

1581 2922 1698 2969 dulo
1729 2922 1793 2969 A.
1815 2922 1878 2978 iv,
1905 2928 1951 2972 1.
1977 2926 2056 2970 56.
2079 2923 2176 2971 Ad.
2201 2922 2234 2976 i,
2259 2925 2303 2971 1.
2325 2926 2387 2971 25
2423 2921 2493 2969 Ut
2511 2932 2644 2985 grata

1580 2986 1700 3035 mihi
1719 2987 1828 3041 sint,
1851 3002 1958 3049 quae
1974 2985 2116 3043 facio,
2137 2985 2294 3034 omnia
2337 2985 2428 3033 Eu.
2451 2986 2522 3042 iii,
2549 2992 2592 3035 1.
2611 2992 2645 3037 6

1583 3050 1827 3114 Quicquid
1848 3052 1991 3106 facio,
2013 3051 2063 3098 id
2084 3051 2238 3098 facere
2257 3065 2398 3098 causa
2418 3066 2524 3098 mea
2545 3051 2640 3103 Eu.

1584 3132 1630 3169 v,
1653 3119 1700 3164 9.
1717 3120 1783 3164 40
1813 3115 1891 3162 Ita
1907 3115 2050 3177 facio,
2071 3130 2256 3177 prorsus
2302 3114 2425 3161 Hea.
2445 3115 2482 3175 i,
2509 3119 2554 3163 1.
2577 3119 2642 3164 88

1584 3179 1689 3241 Ego
1711 3178 1774 3226 de
1797 3195 1870 3227 me
1891 3180 2015 3227 facio
2049 3179 2368 3242 conjecturam
2414 3178 2535 3227 Hea.
2565 3180 2641 3236 iii,

1583 3248 1716 3295 3.13
1761 3243 1909 3300 Istuc,
1932 3243 2148 3299 Chreme,
2179 3242 2304 3306 aequi
2337 3243 2544 3306 bonique
2577 3244 2648 3290 fa-

1580 3308 1660 3354 cio
1693 3308 1816 3356 Hea.
1850 3308 1913 3365 iv,
1935 3314 1984 3356 5.
2005 3313 2070 3357 40
2117 3306 2223 3355 Nec
2247 3322 2328 3354 vos
2348 3315 2420 3354 est
2439 3323 2644 3371 aequom,

1583 3373 1714 3435 quod
1733 3373 1856 3420 facio
1879 3371 2222 3435 (succensere),
2245 3370 2360 3419 mihi
2382 3371 2505 3420 Hea.
2525 3388 2574 3436 v,
2590 3377 2642 3423 2.

1582 3440 1647 3485 24
1681 3436 1822 3484 Facio
1840 3448 1888 3484 te
1909 3438 2038 3499 apud
2057 3437 2187 3484 illum
2207 3435 2364 3484 Deum
2397 3435 2495 3487 Ad.
2512 3438 2579 3494 iv,
2598 3441 2643 3485 1.

1586 3504 1650 3549 19
1696 3501 1862 3548 Meum
1909 3500 2114 3548 officium
2148 3500 2270 3548 facio
2316 3500 2414 3549 Ad.
2453 3501 2515 3556 iv,
2539 3505 2585 3549 3.
2607 3506 2640 3551 2

1584 3563 1818 3613 Paulatim
1842 3565 2026 3629 plebem
2056 3564 2302 3627 primulum
2334 3563 2458 3611 facio
2489 3578 2642 3611 meam

1586 3629 1688 3677 Ad.
1709 3645 1757 3685 V,
1779 3634 1827 3678 6.
1854 3634 1916 3678 10
1966 3629 2209 3676 Postremo
2232 3643 2328 3674 non
2351 3643 2504 3675 meum
2523 3628 2642 3675 illud

1584 3694 1775 3740 verbum
1798 3693 1921 3741 facio
1954 3691 2050 3740 Ad.
2071 3692 2121 3749 ἢν,
2143 3697 2193 3742 8.
2216 3696 2282 3741 29
2333 3692 2487 3738 Missa
2519 3692 2643 3739 facio

1585 3756 1686 3807 Ad.
1707 3774 1756 3819 ν,
1777 3763 1827 3806 9.
1849 3761 1913 3805 34
1957 3755 2225 3819 Pamphile,
2256 3754 2297 3802 ai
2317 3754 2365 3801 id
2390 3754 2524 3811 facis,
2557 3758 2642 3801 bo-

1583 3822 1664 3869 die
1706 3828 1988 3884 postremum
2027 3836 2104 3867 me
2139 3820 2272 3867 vides
2320 3817 2386 3865 A.
2417 3819 2473 3874 ii,
2507 3823 2550 3866 1.
2577 3824 2643 3869 22

1584 3885 1692 3934 Nec
1715 3893 1766 3933 tu
1787 3900 1846 3933 oa
1863 3900 2004 3933 causa
2025 3885 2244 3931 minueris
2265 3884 2383 3939 haec,
2405 3898 2511 3945 quae
2527 3883 2648 3930 facis

1583 3950 1649 3998 A.
1670 3950 1723 4011 ii,
1747 3955 1795 3999 3.
1822 3953 1882 3997 19
1931 3947 2081 4003 Facis,
2105 3955 2159 3995 ut
2179 3956 2226 3996 te
2247 3948 2386 3995 decet
2434 3945 2498 3996 A.
2519 3946 2574 4004 ii,
2597 3952 2646 3995 5.

1584 4020 1663 4064 10.
1678 4013 1798 4062 Hea.
1819 4018 1926 4073 v‚6.
1947 4016 2008 4061 10
2027 4012 2177 4075 Perge
2195 4010 2349 4059 facere
2362 4011 2448 4072 ita,
2467 4018 2519 4057 ut
2534 4010 2649 4058 facis

1584 4078 1651 4130 A.
1674 4078 1748 4135 iii,
1771 4082 1819 4126 2.
1839 4081 1906 4127 42
1959 4076 2274 4132 Quamobrem
2317 4075 2365 4122 id
2407 4082 2508 4123 tute
2545 4090 2644 4122 non

1583 4143 1736 4192 facis?
1768 4140 1832 4189 A.
1855 4142 1921 4198 iv,
1943 4144 1991 4191 3.
2013 4144 2076 4189 12
2109 4140 2243 4189 Bene
2265 4139 2380 4188 facis
2413 4139 2502 4187 Eu.
2541 4139 2576 4200 i,
2593 4143 2642 4188 2.

1590 4212 1703 4257 106.
1737 4205 1926 4263 Ad.iv,
1947 4210 1994 4253 a.
2021 4206 2201 4253 10:³1³.
2235 4220 2283 4259 v,
2306 4207 2354 4252 e.
2378 4208 2461 4253 22.
2515 4221 2564 4267 v,
2591 4208 2647 4252 9.

1584 4277 1648 4322 13
1681 4270 1789 4318 Ah!
1813 4284 1909 4317 non
1931 4283 2118 4333 aequum
2137 4269 2255 4316 facis
2298 4268 2421 4317 Hea.
2451 4268 2486 4324 i,
2511 4272 2555 4316 1.
2578 4272 2644 4315 39

1583 4336 1633 4384 Si
1665 4335 1714 4384 id
1747 4350 1844 4383 non
1877 4333 2013 4391 facis,
2044 4348 2134 4397 ego
2182 4332 2304 4385 Hea.
2329 4334 2364 4394 i,
2386 4336 2433 4384 1.
2458 4336 2519 4382 55
2565 4330 2638 4378 Tu
