3192 4975
536 412 635 457 XX

537 558 702 605 melius
724 558 932 613 videant,
953 565 1004 605 et
1019 556 1302 619 dijudicent.
1319 572 1458 620 qaam
1473 570 1556 605 sua
1573 561 1590 605 ἓ

537 618 658 669 Hea.
679 621 747 675 iii,
771 625 816 669 1.
839 626 902 671 98
944 621 1182 669 Alieniore
1201 629 1357 679 aetate,
1381 630 1488 685 post
1523 622 1592 669 fa·

537 695 663 733 ceret
684 694 840 733 tamen
875 686 972 733 Ad.
998 686 1034 741 i,
1052 690 1100 735 2.
1121 689 1186 733 30

601 748 910 797 Alimentum.
976 750 1108 806 Quas
1145 748 1348 813 (minas)
1386 764 1472 811 pro
1507 747 1594 797 ali-

539 814 708 861 mentis
742 829 842 861 esse
877 830 1003 861 nunc
1045 815 1167 862 duco
1202 814 1336 865 datas
1367 814 1490 861 Hea.
1527 812 1594 869 iv,

602 941 731 991 Alie.
793 940 866 987 Tu
911 940 1145 1003 profectus
1183 940 1278 989 alio
1319 941 1472 987 fueras
1503 940 1596 987 Eu.

536 1006 588 1061 ii,
613 1009 752 1065 2249
781 1004 858 1052 Ne
879 1006 1070 1067 quando
1089 1005 1231 1053 iratus
1253 1013 1306 1052 tu
1323 1003 1418 1052 alio
1437 1005 1597 1053 conse-

537 1086 608 1117 ras
643 1068 734 1120 Eu.
755 1068 826 1124 iii,
856 1074 896 1117 1.
920 1073 984 1117 60
1018 1069 1095 1115 Illi
1117 1084 1252 1116 suum
1275 1068 1480 1116 animum
1503 1069 1599 1117 alio

537 1134 786 1183 conserunt
815 1132 937 1180 Hea.
967 1132 1021 1187 ii,
1045 1137 1092 1181 4.
1117 1137 1180 1182 10

553 1252 562 1259 ⁴
603 1196 860 1245 Aliorsum.
924 1196 1061 1244 Neve
1083 1196 1318 1254 aliorsum,
1345 1202 1494 1259 atque
1509 1210 1600 1259 ego

538 1262 649 1316 feci,
673 1261 908 1323 acceperit
939 1260 1029 1309 Eu.
1054 1262 1090 1316 i,
1110 1265 1157 1309 2.
1179 1266 1210 1310 2

604 1323 798 1388 Aliqua.
863 1323 942 1372 Ne
983 1324 1141 1388 aliqua
1181 1325 1242 1371 ad
1287 1331 1462 1387 patrem
1509 1324 1600 1371 hoc

539 1396 782 1452 permanet
812 1388 913 1436 Ad.
945 1388 1001 1445 ii,
1022 1392 1072 1437 4.
1100 1393 1161 1437 19
1213 1388 1502 1449 Vereorque,
1541 1402 1601 1435 ne

540 1469 656 1500 uxor
677 1454 831 1515 aliqua
853 1454 944 1500 hoc
965 1453 1181 1500 resciscat
1212 1468 1320 1499 mea.
1349 1453 1438 1501 Ph.
1461 1451 1528 1507 iv,
1552 1456 1601 1501 1.

542 1522 606 1567 19
661 1517 822 1579 Atque
843 1517 892 1564 id
917 1532 1053 1579 porro
1074 1517 1232 1579 aliqua
1261 1532 1376 1563 uxor
1396 1530 1502 1563 mea
1532 1531 1601 1563 re-

539 1581 758 1629 scisceret
791 1582 882 1630 Ph.
903 1596 950 1638 v,
974 1585 1020 1629 1.
1047 1585 1108 1629 19

605 1645 895 1707 Aliquando.
961 1644 1012 1691 Si
1030 1644 1147 1707 quid
1164 1643 1305 1706 hujus
1319 1643 1468 1691 simile
1483 1645 1605 1691 forte

543 1708 798 1771 aliquando
819 1710 1029 1757 evenerit
1060 1708 1182 1756 Hea.
1218 1708 1292 1767 iii,
1313 1712 1359 1757 2.
1379 1713 1444 1756 40
1498 1707 1607 1756 Ali-

542 1774 734 1836 quando
767 1776 956 1820 tandem
979 1773 1069 1820 huc
1101 1772 1310 1819 animum
1350 1778 1403 1819 ut
1433 1770 1605 1833 adjun-

543 1852 626 1900 gas
659 1836 752 1885 He.
778 1836 843 1892 iv,
859 1842 908 1887 4.
924 1841 981 1885 61

611 1900 977 1963 Aliquantisper.
1045 1898 1114 1946 At
1133 1899 1365 1947 concedas
1386 1898 1496 1947 hinc
1519 1898 1605 1945 ali-

545 1980 640 2031 quo
661 1966 722 2011 ab
741 1978 821 2011 ore
843 1978 1003 2012 eorum
1021 1963 1356 2025 aliquantisper
1390 1962 1513 2011 Hea.
1533 1963 1606 2018 iii,

545 2033 594 2077 3.
622 2033 680 2077 11
719 2028 816 2076 Cur
837 2042 934 2075 aon
955 2029 1066 2075 ludo
1089 2029 1214 2075 hunc
1237 2026 1605 2090 aliquantisper?

545 2092 642 2141 Ad.
665 2093 732 2148 iv,
757 2098 806 2140 5.
829 2099 858 2141 5

611 2155 988 2219 Aliquantulum.
1053 2154 1294 2202 Subtristis
1359 2154 1483 2201 visus
1537 2161 1611 2200 est

544 2235 647 2267 esse
700 2221 1040 2283 aliquantulum
1095 2218 1211 2265 mihi
1263 2218 1326 2266 A.
1379 2217 1432 2271 ii,
1470 2221 1518 2265 6.
1545 2222 1609 2265 16

548 2284 741 2339 Quaeso,
777 2286 966 2330 tandem
989 2282 1331 2344 aliquantulum
1355 2282 1439 2328 tibi
1469 2294 1609 2343 parce

548 2348 672 2395 Hea.
695 2348 727 2402 i,
752 2353 797 2396 1.
819 2352 908 2395 111
945 2346 1037 2393 Sed
1068 2346 1184 2393 mihi
1219 2360 1338 2407 opus
1368 2352 1485 2404 erat,
1522 2346 1610 2391 ali-

547 2410 824 2473 quantulum
846 2425 950 2473 quae
971 2410 1155 2456 afferret
1187 2409 1277 2457 Ph.
1299 2410 1366 2461 iv.
1389 2412 1435 2457 3.
1459 2413 1522 2457 50

613 2474 942 2538 Aliquantum.
1008 2472 1126 2536 Ejus
1147 2472 1286 2520 frater
1317 2472 1608 2536 aliquantum

549 2540 611 2587 ad
633 2555 730 2587 rem
750 2546 824 2586 est
842 2539 1022 2586 avidior
1055 2537 1144 2586 Eu.
1167 2538 1204 2599 i,
1227 2542 1276 2586 2.
1301 2542 1361 2586 51
1399 2537 1611 2585 Fortasse

550 2602 841 2666 aliquantum
861 2602 1066 2664 iniquior
1085 2611 1186 2648 erat
1217 2601 1344 2649 Hea.
1365 2601 1399 2656 i,
1424 2605 1472 2649 2.
1495 2605 1556 2650 27

614 2667 822 2731 Aliquis,
843 2683 889 2724 a,
913 2667 974 2714 od
1000 2666 1072 2713 vel
1111 2667 1178 2713 id.
1244 2666 1406 2728 Atque
1439 2663 1611 2727 aliquis

551 2731 696 2788 dicat,
737 2731 858 2778 nihil
903 2729 1186 2793 promoveris
1242 2731 1305 2778 A.
1347 2730 1414 2789 iv,
1460 2733 1506 2777 1.
1551 2733 1611 2778 16

549 2795 744 2859 Aliquis
763 2797 918 2842 forsan
939 2811 1016 2842 me
1038 2801 1174 2856 putet
1195 2809 1291 2841 non
1324 2801 1488 2868 putare
1520 2795 1611 2842 hoc

552 2876 710 2907 verum
744 2859 804 2907 A.
825 2877 868 2914 v,
887 2867 935 2908 5.
962 2865 985 2907 1
1023 2858 1101 2906 Ne
1119 2858 1276 2904 videat
1291 2859 1466 2904 iuncte
1483 2871 1512 2904 a
1529 2871 1614 2920 pa-

552 2933 619 2971 tre
636 2925 807 2986 aliquis
821 2923 982 2970 exiens
1013 2923 1134 2970 Hea.
1155 2922 1206 2977 ii,
1221 2927 1270 2970 2.
1291 2927 1324 2970 6
1345 2921 1474 2968 Mihi
1487 2935 1614 2970 nunc

551 2989 864 3035 inveniendus
904 2994 974 3033 est
1019 2986 1189 3048 aliquis
1223 2984 1346 3035 Hea.
1382 2985 1448 3039 iv,
1469 2990 1517 3034 7.
1551 2991 1613 3034 13

553 3051 749 3114 Aperite
771 3051 940 3113 aliquis
967 3059 1177 3098 actutum
1215 3049 1386 3098 ostium
1417 3048 1515 3097 Ad.
1546 3048 1615 3105 iv,

549 3121 601 3164 4.
627 3121 688 3165 24
723 3116 909 3172 Quibus
927 3123 1003 3162 est
1022 3114 1241 3162 alicunde
1263 3113 1434 3176 aliquis
1454 3113 1615 3174 objec-

551 3187 627 3228 tus
648 3181 781 3226 labos
811 3180 904 3226 He.
928 3179 997 3234 iii,
1023 3184 1068 3226 1.
1087 3184 1120 3226 6
1177 3177 1300 3224 Cum
1321 3192 1379 3224 ex
1410 3185 1458 3224 te
1493 3185 1619 3224 esset

555 3244 724 3306 aliquis
759 3243 850 3289 He.
873 3243 938 3296 iv,
961 3245 1010 3288 4.
1033 3245 1098 3289 30
1130 3239 1360 3294 Arbitror,
1391 3239 1493 3301 jam
1529 3240 1616 3286 ali-

553 3323 694 3368 quem
716 3321 816 3352 esse
837 3305 1038 3351 amicum
1065 3303 1118 3358 ⁴ei
1151 3303 1214 3350 A.
1237 3304 1302 3358 iv,
1325 3309 1372 3351 5.
1398 3308 1458 3352 18
1507 3304 1617 3352 Hoc

553 3371 745 3433 quidem
767 3369 1007 3414 ferendum
1039 3367 1198 3428 aliquo
1233 3367 1377 3413 modo
1413 3375 1486 3414 est
1515 3369 1615 3417 Ad.

550 3433 623 3488 iii,
645 3437 694 3482 4.
717 3436 780 3482 23
820 3431 1016 3478 Audisti
1037 3447 1094 3478 ex
1117 3431 1276 3494 aliquo
1295 3431 1489 3478 fortasse
1522 3433 1617 3482 He.

554 3497 619 3554 iv,
643 3502 688 3546 1.
713 3501 774 3545 35
830 3496 986 3558 Cupio
1031 3495 1212 3558 aliquos
1251 3511 1409 3558 parare
1443 3495 1619 3545 amicos

558 3561 787 3608 beneficio
822 3576 928 3606 meo
961 3559 1052 3606 Eu.
1095 3560 1134 3618 i,
1157 3565 1204 3608 2.
1232 3565 1298 3610 69
1347 3560 1418 3608 Ut
1459 3561 1619 3624 aliqua

557 3636 664 3688 pars
701 3624 872 3673 laboris
908 3625 1144 3672 minuatur
1178 3625 1294 3672 mihi
1327 3624 1448 3672 Hea.
1488 3625 1617 3674 Ptol.

557 3694 620 3738 42
655 3690 750 3746 Qui
772 3688 914 3736 alicui
937 3688 1007 3736 rei
1026 3696 1098 3736 est
1127 3686 1225 3735 Ad.
1248 3689 1318 3745 iii,
1343 3693 1390 3737 3.
1412 3693 1445 3737 4
1500 3688 1619 3736 Dic·

561 3762 660 3801 tum
681 3769 736 3802 ac
757 3752 931 3800 factum
956 3752 1184 3800 invenerit
1203 3753 1405 3816 aliquam
1429 3767 1618 3800 causam

557 3817 620 3864 A.
644 3819 696 3878 ii,
721 3822 767 3866 3.
787 3822 818 3866 8
861 3817 956 3864 Hic
989 3833 1066 3864 me
1099 3817 1252 3865 credit
1288 3815 1494 3879 aliquam
1529 3816 1621 3864 sibi

558 3883 790 3930 fallaciam
827 3889 1010 3944 portare
1042 3879 1109 3928 A.
1146 3881 1202 3936 ii,
1239 3886 1287 3928 6.
1324 3885 1349 3930 l
1404 3879 1472 3928 Ut
1508 3881 1619 3928 huic

559 3946 682 3994 malo
710 3946 914 4007 aliquam
953 3947 1210 4008 producam
1245 3959 1421 3990 moram
1455 3943 1516 3992 A.
1548 3945 1622 4001 iii,

561 4015 608 4055 5.
628 4015 660 4058 9
694 4010 845 4056 Dabit
865 4010 942 4056 hic
977 4009 1181 4070 aliquam
1216 4023 1420 4071 pugnam
1463 4009 1621 4055 denuo

563 4072 652 4121 Eu.
675 4089 720 4128 v,
742 4079 790 4122 2.
810 4079 878 4122 >60
929 4074 1038 4122 Jarn
1073 4073 1158 4119 diu
1191 4072 1396 4134 aliquam
1433 4086 1622 4119 causam

562 4139 800 4198 quaerebat
825 4153 965 4186 senex
999 4137 1092 4186 Eu.
1115 4153 1162 4194 v,
1181 4140 1232 4184 6.
1253 4141 1317 4186 30
1351 4135 1526 4184 Nonne
1560 4137 1623 4184 ad

565 4214 722 4246 senem
742 4201 946 4264 aliquam
963 4201 1186 4248 fabricam
1208 4200 1375 4263 fingit?
1409 4199 1531 4249 Hea.
1550 4200 1623 4260 iii,

561 4267 610 4314 2.
633 4267 697 4314 34
729 4263 816 4312 Me
849 4265 949 4328 jam
983 4265 1034 4312 in
1074 4266 1240 4314 cellam
1273 4263 1478 4328 aliquam
1516 4281 1625 4315 cum

1531 406 1775 455 11⁴·qu

1668 554 1747 603 illa
1778 554 2053 628 concludam
2089 550 2186 600 Ad.
2224 552 2287 607 iv,
2308 558 2359 602 2.
2374 557 2447 628 ,13
2503 552 2729 619 Aliquam

1667 616 2735 745 {3¹{issq333322t23¹;q¹i²z.3.5qt.¹33¹..ss

1667 747 1759 795 Ph.
1782 748 1847 801 iv,
1868 751 1917 795 3.
1942 750 2007 793 32
2044 744 2121 793 Ne
2143 746 2233 793 hoc
2256 746 2477 807 gaudium
2502 748 2731 795 contami·

1669 821 1753 859 net
1772 810 1871 857 vita
1892 809 2171 872 aegritudine
2204 809 2362 871 aliqua
2406 810 2496 860 Eu.
2534 810 2606 867 iii,
2628 818 2677 861 5.
2697 816 2733 861 4

1672 875 1741 923 Ut
1770 876 1969 922 haeream
1990 875 2039 920 in
2060 882 2193 935 parte
2214 873 2373 936 aliqua
2390 876 2577 921 tandein
2598 877 2731 937 apud

1668 939 1899 987 Thaidem
1932 938 2026 986 Eu.
2059 952 2105 992 ν,
2128 942 2175 986 9.
2199 943 2261 985 25
2312 936 2495 986 Interea
2531 939 2615 986 fiet
2644 940 2732 987 ali·-

1673 1004 1788 1066 quid
1823 1003 1921 1065 By.
1945 1002 2004 1049 Id
2028 1000 2206 1063 aliquid
2227 1001 2347 1049 nibil
2378 1009 2451 1049 est
2494 1001 2559 1050 A.
2591 1004 2647 1058 ii,
2684 1009 2733 1054 l.

1675 1070 1737 1116 14
1770 1065 1957 1114 Interea
1976 1064 2155 1128 aliquid
2177 1066 2403 1113 acciderit
2436 1067 2549 1113 boni
2580 1068 2643 1115 A.
2676 1066 2734 1125 ii,

1674 1136 1724 1179 3.
1747 1134 1810 1179 24
1845 1130 2039 1178 Utinam
2058 1130 2173 1177 mihi
2190 1137 2315 1177 esset
2324 1129 2501 1192 aliquid
2525 1131 2619 1186 hic,
2638 1146 2735 1194 quo

1674 1210 1801 1242 nunc
1822 1209 1897 1241 me
1918 1193 2208 1256 proecipioem
2246 1194 2436 1241 darem!
2473 1193 2539 1243 A.
2574 1195 2649 1251 iii,
2685 1200 2735 1245 4.

1672 1264 1736 1309 27
1790 1257 1899 1305 Nisi
1940 1259 1979 1304 si
2010 1265 2307 1321 prospectum
2340 1258 2517 1305 interea
2555 1258 2737 1322 aliquid

1676 1330 1748 1371 est
1779 1323 1901 1369 Hea.
1922 1322 1978 1378 ii,
1999 1326 2047 1370 4.
2073 1326 2131 1370 11
2179 1322 2247 1369 Ut
2280 1338 2397 1370 meae
2428 1322 2641 1370 stultitias
2676 1324 2741 1371 sit

1676 1387 1855 1449 aliquid
1878 1385 2083 1448 praesidii
2116 1384 2236 1433 Hea.
2274 1388 2341 1448 iv,
2367 1391 2409 1433 1.
2432 1391 2494 1435 33
2546 1386 2738 1449 Cupio:

1677 1452 1801 1513 aequi
1837 1451 1982 1499 modo
2020 1449 2197 1512 aliquid
2230 1449 2329 1499 Ad.
2364 1450 2417 1507 ii,
2440 1455 2487 1499 1.
2510 1454 2573 1499 33
2627 1452 2738 1499 For-

1676 1523 1798 1563 tasse
1838 1530 1983 1562 unum
2028 1513 2219 1576 aliquod
2265 1515 2453 1561 verbum
2496 1515 2620 1562 inter
2660 1531 2743 1564 eas

1677 1579 1789 1626 iram
1812 1579 2071 1626 conciverit
2100 1578 2193 1626 He.
2226 1577 2297 1634 iii,
2322 1583 2367 1626 1.
2392 1582 2455 1627 33
2490 1577 2635 1627 Unde
2656 1580 2741 1625 ali-

1676 1643 1790 1707 quid
1814 1642 1973 1689 abradi
1993 1650 2155 1704 potest
2184 1642 2275 1690 Ph.
2298 1642 2352 1699 ii,
2374 1646 2422 1689 2.
2446 1647 2509 1691 19
2549 1643 2618 1691 Ut
2640 1644 2739 1691 ani-

1680 1720 1805 1753 mum
1828 1708 1888 1754 ad
1918 1706 2111 1767 aliquod
2146 1706 2352 1753 studium
2382 1705 2649 1770 adjungant
2678 1706 2741 1755 A.

1678 1772 1713 1825 i,
1740 1776 1786 1819 1.
1808 1775 1873 1819 29
1920 1770 2121 1832 Aliquid
2155 1770 2349 1817 monstri
2382 1770 2517 1818 alunt
2547 1771 2611 1819 A.
2634 1772 2669 1827 i,
2692 1778 2741 1820 5.

1682 1840 1741 1883 15
1776 1834 1973 1898 Aliquid
1993 1834 2211 1891 facerem,
2248 1841 2302 1881 ut
2321 1835 2412 1881 hoc
2447 1850 2508 1881 ne
2536 1836 2739 1883 facerem

1680 1898 1739 1945 A.
1763 1898 1800 1953 i,
1822 1904 1871 1947 5.
1896 1903 1959 1947 24
2009 1898 2109 1944 Aut
2129 1914 2205 1945 me
2236 1898 2415 1961 aliquid
2446 1899 2505 1946 de
2540 1899 2622 1945 illa
2656 1902 2760 1947 ιὰ·-

1682 1978 1861 2009 vorsum
1888 1963 2013 2009 hunc
2034 1962 2193 2023 eloqui
2228 1962 2291 2011 A.
2314 1963 2347 2018 i,
2372 1968 2421 2011 5.
2442 1966 2505 2011 30
2548 1962 2742 2020 Dicam,

1679 2026 1859 2089 aliquid
1873 2026 1975 2087 jam
1996 2028 2291 2073 inventurum
2327 2026 2390 2073 A.
2413 2025 2481 2081 iii,
2496 2032 2590 2075 5,9
2632 2027 2743 2075 Jam

1681 2091 1858 2153 aliquid
1881 2090 2139 2152 despiciam
2174 2090 2233 2138 A.
2264 2090 2337 2145 iii,
2362 2097 2409 2139 5.
2432 2096 2496 2139 16
2549 2090 2745 2139 Utinam

1684 2163 1777 2201 tani
1798 2154 1981 2217 aliquid
2004 2154 2211 2201 invenire
2232 2154 2373 2202 facile
2394 2155 2543 2216 possis
2576 2154 2667 2202 Eu.
2689 2155 2744 2212 ii,

1684 2224 1731 2268 1.
1754 2224 1783 2269 4
1841 2220 2051 2274 Chaerea,
2074 2218 2250 2280 aliquid
2271 2218 2433 2266 inveni
2453 2220 2593 2265 modo
2614 2220 2745 2283 quod

1684 2297 1811 2329 ames
1844 2282 1935 2331 Eu.
1959 2282 2014 2338 ii,
2036 2286 2081 2331 3.
2100 2286 2163 2330 16
2196 2283 2434 2345 Suspicor,
2457 2284 2634 2346 aliquid
2658 2285 2745 2331 do-

1686 2362 1762 2393 mo
1800 2348 2047 2394 abeuntem
2086 2347 2331 2393 abstulisse
2362 2347 2456 2397 Eu.
2496 2347 2562 2404 iv,
2600 2352 2649 2396 3.
2682 2351 2747 2397 19

1686 2410 1883 2469 Propter
1900 2426 1977 2457 me
1999 2410 2129 2457 hisce
2146 2410 2327 2473 aliquid
2348 2428 2450 2458 esse
2472 2420 2747 2459 eventurum

1686 2474 1797 2522 mali
1829 2474 1923 2523 Eu.
1946 2491 1990 2531 v,
2004 2479 2053 2523 6.
2071 2478 2136 2524 29
2166 2474 2360 2538 Insigne
2376 2474 2556 2539 aliquid
2575 2476 2752 2526 faceret

1686 2539 1759 2586 his
1794 2539 1885 2587 Eu.
1924 2555 1969 2596 v,
1991 2544 2039 2588 6.
2066 2543 2127 2588 31
2178 2539 2281 2587 Aut
2302 2555 2445 2596 arare,
2466 2548 2549 2587 aut
2568 2539 2748 2603 aliquid

1685 2602 1803 2650 ferre
1834 2603 1958 2652 Hea.
1979 2603 2013 2659 i,
2038 2607 2083 2651 l.
2102 2607 2163 2651 17
2198 2604 2505 2666 Hujus-modi,
2537 2605 2749 2661 obsecro,

1686 2667 1867 2729 aliquid
1902 2668 2085 2729 repperi
2120 2667 2243 2715 Hea.
2280 2669 2333 2724 ii,
2356 2673 2405 2716 3.
2426 2674 2491 2718 98
2546 2668 2747 2732 Rogas?

1687 2731 1869 2792 aliquid
1902 2731 2125 2792 reperiret
2156 2731 2281 2780 Hea.
2316 2732 2387 2788 iii,
2423 2737 2471 2780 2.
2507 2737 2571 2782 22
2638 2731 2749 2780 Nisi

1688 2794 1868 2856 aliquid
1892 2796 2031 2842 video
2064 2795 2187 2844 Hea.
2210 2797 2275 2853 iv,
2292 2801 2341 2845 2.
2363 2801 2393 2844 3
2428 2797 2615 2844 Faciam
2636 2797 2749 2844 boni

1689 2859 1777 2905 tibi
1814 2859 1991 2922 aliquid
2030 2875 2114 2922 pro
2147 2859 2237 2905 ista
2271 2875 2319 2908 re
2368 2859 2489 2908 Hea.
2524 2861 2591 2916 iv,
2614 2867 2661 2910 5.
2686 2865 2747 2909 15

1688 2922 1760 2970 Tu
1788 2924 1947 2980 homo,
1984 2923 2161 2984 aliquid
2199 2931 2343 2985 gnato
2380 2925 2604 2973 conficies
2640 2925 2753 2973 mali

1690 2987 1813 3034 Hea.
1838 3004 1882 3043 v,
1906 2992 1953 3036 3.
1980 2993 2003 3035 l
2040 2987 2141 3034 Aut
2154 2988 2424 3052 perfregerit
2436 2989 2617 3052 aliquid
2655 2990 2754 3036 Ad.

1688 3051 1725 3106 i,
1754 3057 1798 3102 1.
1823 3056 1884 3099 13
1921 3050 2019 3098 Aut
2040 3053 2114 3098 cui
2136 3066 2233 3098 non
2252 3053 2387 3099 dedit
2405 3052 2583 3116 aliquid
2602 3055 2621 3101 ?
2654 3053 2752 3102 Ad.

1687 3115 1725 3170 i,
1746 3119 1795 3164 2.
1818 3119 1881 3163 70
1912 3115 2021 3162 Jam
2056 3116 2233 3162 dudum
2268 3117 2447 3178 aliquid
2484 3117 2576 3162 mri
2614 3131 2755 3180 agere

1691 3179 1886 3225 arbitror
1916 3178 2011 3225 Ad.
2032 3180 2101 3235 iii,
2124 3184 2171 3228 3.
2190 3182 2252 3227 47
2285 3181 2468 3226 Evadet
2486 3180 2536 3226 in
2557 3180 2751 3244 aliquod

1692 3257 1911 3305 magnum
1953 3244 2127 3290 malum
2184 3244 2279 3291 Ad.
2318 3243 2389 3299 iii,
2418 3248 2469 3294 4.
2507 3248 2573 3294 64
2624 3245 2751 3293 Cum

1691 3321 1907 3354 maxume
1928 3308 2081 3368 operis
2100 3307 2279 3370 aliquid
2298 3308 2450 3374 facere
2478 3309 2621 3356 credo
2651 3309 2755 3357 Ad.

1690 3370 1759 3430 iv,
1785 3375 1830 3418 1.
1850 3375 1883 3418 2
1916 3371 2045 3426 Quin
2066 3387 2177 3419 usus
2191 3387 2375 3434 semper
2386 3372 2566 3436 aliquid
2582 3387 2753 3437 appor-

1694 3442 1761 3482 tet
1782 3435 1909 3490 novi,
1942 3436 2121 3498 aliquid
2154 3443 2344 3483 moneat
2374 3435 2472 3484 Ad.
2510 3451 2559 3492 V,
2580 3443 2629 3486 4.
2650 3443 2697 3486 2.
2720 3441 2752 3486 3

1694 3499 1829 3546 Bene
1851 3512 1937 3546 nos
1958 3501 2135 3563 aliquid
2158 3502 2311 3548 facere
2327 3501 2400 3548 illi
2418 3502 2557 3548 decet
2586 3502 2681 3548 Ad.
2704 3518 2754 3556 v,

1694 3567 1738 3610 8.
1762 3567 1825 3611 25
1860 3562 2021 3626 Atque
2040 3566 2153 3613 huic
2174 3564 2353 3627 aliquid
2386 3565 2626 3627 paululum
2654 3579 2752 3627 prae

1694 3643 1834 3674 manu
1858 3628 2040 3674 dederis
2072 3629 2168 3677 Ad.
2194 3645 2239 3686 v,
2262 3633 2311 3678 9.
2335 3634 2397 3678 23
2448 3628 2647 3692 Aliquid
2676 3636 2755 3676 'tu-

1694 3689 1802 3740 lisse
1826 3692 2235 3739 comminiscentur
2250 3693 2359 3739 mali
2398 3692 2492 3741 He.
2521 3693 2596 3748 iii,
2620 3697 2665 3741 1.
2689 3697 2752 3744 5⁸

1694 3754 1765 3802 Ut
1804 3770 1985 3816 semper
2026 3757 2202 3818 aliquid
2244 3758 2425 3803 addant
2456 3756 2755 3804 divitioribus

1694 3818 1785 3866 Ph.
1805 3819 1839 3873 i,
1860 3823 1906 3866 1.
1932 3824 1963 3868 8
2004 3819 2177 3867 Nullus
2199 3836 2265 3874 es,
2303 3821 2395 3868 nisi
2426 3821 2527 3884 jam
2560 3821 2753 3883 aliquod

1694 3882 1780 3929 tibi
1800 3883 2048 3930 consilium
2068 3884 2219 3932 celere
2254 3885 2429 3947 reperis
2461 3885 2549 3934 Ph.
2584 3885 2618 3940 i,
2640 3889 2690 3933 4.
2724 3889 2751 3933 1

1694 3945 1893 4008 Aliquid
1923 3963 2245 3996 convasassem
2279 3949 2369 3996 Ph.
2407 3949 2445 4008 i,
2466 3955 2515 3998 4.
2539 3954 2601 3998 13
2654 3948 2755 3996 Ha·-

1695 4025 1863 4072 ruspex
1898 4012 2047 4059 vetuit
2076 4013 2255 4076 aliquid
2286 4013 2401 4059 novi
2439 4013 2601 4075 negoti
2634 4013 2757 4061 inci·

1696 4089 1807 4136 pere
1841 4075 1931 4123 Ph.
1966 4075 2028 4130 iv,
2052 4080 2101 4126 4.
2130 4083 2196 4127 29
2244 4077 2374 4124 Dum
2412 4077 2543 4124 aliud
2576 4076 2756 4140 aliquid

1695 4139 1863 4202 fiagitii
1898 4139 2123 4188 conficiat
2175 4142 2267 4190 Ph.
2306 4157 2351 4198 v,
2388 4145 2437 4190 2.
2471 4147 2501 4190 5
2553 4141 2757 4205 Aliquid

1696 4203 1895 4265 credito,
1925 4204 2165 4263 Phormio,
2200 4221 2300 4253 esse
2333 4220 2489 4254 causas
2522 4205 2612 4253 Ph.
2632 4221 2681 4262 v,
2702 4210 2757 4256 6.

1698 4271 1761 4318 34
1798 4267 1939 4326 Quod
1962 4283 2173 4334 cuperes,
2196 4270 2353 4334 aliquo
2376 4276 2516 4334 pacto
2545 4269 2760 4320 efficiun-
