3192 4975
595 423 866 490 cccxlvi

594 591 822 640 iterumn·
833 583 1070 652 isutquid
1087 599 1140 634 es
1153 588 1250 634 tum
1263 583 1440 634 tristis?
1462 583 1554 635 He.
1565 585 1643 644 iii,

591 660 647 706 2.·
665 659 730 708 20
761 651 886 702 Cum
907 651 998 701 boc
1013 658 1106 698 turn
1121 651 1277 699 ιιιὶιιιο
1293 651 1518 701 necundo
1535 651 1649 701 tulit

593 719 690 770 110.
711 719 779 777 iv,
801 721 847 766 1.
867 719 934 766 58
1001 715 1168 764 Nosne
1201 716 1293 764 hoc
1334 716 1510 766 celatos
1547 723 1645 764 tam

591 783 712 832 din?
746 781 842 830 He.
865 780 932 837 ir,
954 785 1007 830 4.
1027 785 1092 830 23
1135 780 1292 838 Quem
1315 781 1354 830 is
1374 789 1649 845 espernnm

591 861 722 896 nunc
741 853 837 894 tem
851 843 1139 894 illiberaliter
1185 845 1278 894 Ph.
1297 845 1348 902 ii.
1371 850 1420 896 8.
1445 849 1509 896 24
1542 845 1647 895 Un-

592 913 656 962 de
673 923 766 975 ogo
797 925 922 959 nunc
953 916 1048 958 tum
1081 909 1238 958 subito
1270 911 1381 959 huic
1403 917 1647 974 argentum

591 974 828 1026 inveniam
847 975 1023 1024 miser?
1059 975 1148 1022 Ph.
1169 974 1238 1031 iii,
1261 979 1310 1024 3.
1330 979 1356 1025 1
1393 975 1524 1034 Quid
1549 971 1649 1024 illic

593 1050 690 1090 tum
723 1040 826 1096 diu,
859 1053 1041 1104 queso,
1085 1039 1232 1102 igitur
1265 1041 1649 1088 commorsbsse?

593 1106 685 1156 Pb.
706 1105 772 1161 iv,
794 1107 842 1153 1.
861 1109 894 1152 6
946 1103 1062 1152 Tam
1085 1111 1246 1167 aperte
1264 1104 1500 1152 irridens?
1553 1105 1649 1158 Pb.

593 1187 644 1228 v,
661 1174 712 1221 7.
733 1173 798 1218 63
851 1167 984 1230 Non,
1005 1169 1104 1233 pol,
1136 1177 1308 1218 temere
1331 1176 1419 1227 est,
1443 1171 1572 1234 quod
1595 1172 1649 1218 tu

595 1243 690 1284 tem
713 1234 850 1282 times
880 1233 970 1282 Pb.
993 1249 1038 1290 v,
1063 1237 1111 1282 8.
1131 1238 1165 1282 9

641 1299 853 1346 Temen.
916 1297 1030 1346 Non
1050 1299 1122 1346 its
1143 1297 1360 1346 dissimili
1381 1305 1492 1346 sunt
1512 1313 1649 1361 argu·

593 1370 773 1426 mento,
792 1363 876 1412 sed
899 1370 1056 1412 tumen
1077 1363 1288 1411 dissimili
1312 1362 1520 1412 oratione
1541 1371 1653 1410 sunt

593 1428 752 1484 fucta,
781 1443 839 1476 nc
877 1428 986 1475 stilo
1041 1425 1102 1476 A.
1135 1427 1266 1474 Ptol.
1290 1431 1346 1476 11
1408 1427 1473 1474 Ει
1496 1435 1653 1476 tamen

595 1492 753 1542 omniu
774 1494 876 1540 brec
895 1491 1207 1542 mediocriter.
1251 1491 1424 1556 Neque
1444 1507 1651 1540 commo·

595 1565 732 1606 vetur
751 1557 936 1604 suimus
953 1557 1008 1605 in
1029 1571 1086 1604 es
1107 1572 1155 1604 re
1177 1563 1331 1604 tamen
1366 1554 1428 1604 A.
1451 1558 1488 1612 i,
1510 1562 1553 1605 1.
1569 1561 1653 1606 32.

597 1625 662 1672 67
698 1621 878 1670 Temen
899 1637 1002 1669 eam
1024 1622 1256 1669 adducam
1290 1620 1354 1668 A.
1377 1621 1411 1677 i,
1433 1627 1480 1670 4.
1503 1626 1533 1671 4
1577 1621 1653 1670 Τιι

597 1693 754 1736 tumen
793 1687 922 1734 idem
959 1687 1043 1733 hus
1079 1687 1270 1749 nuptias
1307 1701 1448 1748 perge
1497 1686 1655 1734 secere

597 1751 688 1812 its,
705 1760 760 1799 ut
779 1751 895 1799 fucis
929 1751 992 1798 A.
1013 1749 1083 1806 iii,
1103 1755 1152 1799 2.
1171 1755 1232 1799 41
1287 1749 1350 1798 Ει
1373 1751 1570 1809 timent3
1604 1761 1655 1798 et

598 1823 754 1863 tomen
798 1831 870 1862 res
910 1815 1040 1877 cogit
1079 1815 1310 1878 denegare
1376 1814 1440 1862 A.
1463 1816 1528 1872 iv,
1553 1819 1600 1864 1.
1620 1821 1654 1864 9

599 1879 779 1928 Temen
799 1879 890 1928 etsi
923 1880 1015 1928 boc
1047 1881 1205 1927 verum
1227 1879 1334 1928 est?
1389 1881 1455 1931 Si.
1473 1879 1653 1928 'lumen

601 1943 668 1992 A.
685 1947 880 2000 ν,2.23
934 1943 1124 1992 Adeon'
1159 1944 1406 2006 impotenti
1429 1961 1530 1992 esse
1553 1945 1653 1990 uni-

599 2023 697 2066 mo,
718 2015 772 2056 ut
792 2016 948 2058 tamen
973 2009 1094 2057 hunc
1118 2009 1286 2056 habere
1309 2010 1529 2056 studeat?
1562 2009 1655 2057 Ts-

600 2089 730 2134 men,
751 2073 900 2130 Simo,
922 2073 1036 2122 sudi
1068 2072 1132 2120 A.
1157 2091 1203 2129 v,
1225 2078 1272 2121 3.
1300 2078 1378 2122 10.
1400 2077 1464 2122 23
1499 2074 1654 2122 Fabu-

600 2138 694 2186 lam
714 2138 920 2195 dedisse,
951 2147 1000 2186 et
1037 2137 1153 2186 nibil
1189 2138 1374 2186 dedisse
1413 2140 1655 2186 verborum

603 2211 760 2250 tumen
807 2202 902 2253 Eu.
926 2203 1054 2250 Prol.
1076 2207 1141 2252 24
1193 2202 1370 2251 Tamen
1393 2211 1658 2251 contemtus

599 2267 683 2316 sb·
703 2274 750 2316 te
784 2267 876 2316 Eu.
897 2269 934 2329 i,
955 2272 1004 2316 2.
1027 2271 1093 2316 90
1144 2266 1278 2314 Nihil
1301 2281 1407 2314 cum
1427 2275 1518 2324 est,
1537 2268 1657 2315 nibil

599 2332 716 2379 defit
750 2338 906 2379 tamen
959 2331 1051 2380 Eu.
1074 2329 1126 2386 ii,
1148 2336 1197 2380 2.
1225 2335 1286 2379 12
1348 2331 1426 2378 Illi
1449 2333 1659 2381 inridere

599 2395 792 2443 misere:
817 2411 974 2443 verum
995 2409 1116 2442 unus
1132 2402 1290 2442 tamen
1310 2395 1524 2460 impense
1556 2395 1677 2444 Em·

596 2459 668 2514 iii.
689 2464 734 2509 1.
755 2463 823 2507 22-
853 2459 976 2506 Satis
997 2465 1100 2505 tuto
1118 2465 1274 2505 tumen
1307 2458 1397 2508 Eu.
1419 2459 1490 2514 iii,
1513 2467 1562 2510 5.
1585 2465 1653 2509 20

597 2522 724 2571 Num
745 2522 834 2571 etsi
856 2538 949 2586 ego
966 2521 1113 2586 dignu.
1131 2522 1222 2569 hac
1243 2524 1529 2571 contumelia
1547 2540 1653 2573 sum

598 2602 847 2646 munume3
879 2595 930 2635 ut
968 2594 1019 2635 ιιι
1061 2586 1302 2650 indignus,
1335 2586 1418 2650 qui
1458 2588 1679 2646 facereris

598 2660 774 2703 tumen.
806 2652 984 2700 Tamen
1006 2652 1047 2699 si
1072 2659 1204 2715 puter
1235 2651 1325 2699 Eu.
1350 2668 1396 2714 r,
1412 2656 1460 2701 2.
1484 2658 1565 2702 27.
1587 2660 1655 2702 50

599 2716 882 2781 Quanquam
919 2718 1022 2765 haec
1051 2717 1174 2764 inter
1203 2732 1289 2763 nos
1312 2730 1464 2780 nuper
1483 2718 1655 2765 notitia

599 2782 853 2831 admodum
869 2790 972 2829 est:
1013 2788 1166 2828 tamen
1193 2781 1266 2828 vel
1288 2781 1435 2828 virtus
1453 2790 1534 2829 tun
1555 2798 1652 2839 me,

599 2845 692 2895 vel.
759 2845 830 2893 At
853 2847 968 2894 istos
991 2854 1156 2893 rastros
1186 2844 1368 2893 interea
1389 2853 1543 2893 tamen
1567 2862 1653 2908 sp-

600 2920 742 2975 p‘one.
809 2911 913 2959 Etsi
935 2910 1051 2958 illud
1069 2910 1176 2958 ince
1211 2918 1310 2957 tum
1333 2917 1488 2958 tumen
1510 2911 1655 2958 animi

598 2982 672 3024 est
693 2976 911 3039 pudentis
933 2976 1115 3037 siguum
1201 2990 1273 3021 es.
1295 2974 1330 3035 i,
1347 2979 1395 3025 l.
1413 2980 1462 3025 4.
1484 2980 1564 3024 36.
1587 2980 1651 3024 67

599 3040 670 3088 Ut
691 3048 744 3087 ut
763 3049 876 3097 erut,
902 3054 1111 3087 mansum
1128 3044 1282 3086 tamen
1306 3040 1529 3102 oportuit.
1563 3039 1653 3087 At-

633 3120 695 3153 ue
715 3106 818 3152 haec
855 3112 966 3152 sunt
997 3112 1151 3151 tamen
1176 3105 1234 3150 ad
1258 3104 1473 3167 virtutem
1495 3104 1654 3151 omnia

649 3184 724 3217 ea.
747 3170 780 3225 i,
801 3173 850 3217 2.
875 3174 955 3218 26.
979 3172 1041 3218 33
1107 3166 1278 3231 Neque
1316 3168 1524 3231 potuisse
1563 3184 1651 3217 un-

599 3248 739 3297 quam
762 3234 822 3280 ab
841 3235 930 3281 hac
951 3248 1024 3280 me
1044 3232 1276 3294 expellere
1298 3250 1310 3280 ι
1345 3233 1474 3295 quod
1497 3242 1653 3281 temen

600 3312 728 3345 nunc
745 3298 934 3347 faciam.
1000 3298 1149 3359 Perge
1171 3312 1328 3359 porro,
1352 3304 1508 3344 tamen
1532 3298 1653 3346 istuc

601 3375 692 3423 ugo
748 3361 870 3409 Hes.
897 3362 947 3415 ii,
971 3366 1018 3409 3.
1040 3365 1119 3409 21.
1144 3364 1238 3408 106
1301 3359 1651 3409 Inveniundnm

598 3432 672 3472 est
693 3431 850 3472 tamen
882 3434 1123 3489 argentum
1175 3424 1299 3472 Heu.
1319 3424 1388 3481 iii,
1409 3430 1500 3474 2.1
1550 3426 1653 3475 Sibi

600 3490 670 3537 uti
691 3489 744 3537 id
759 3504 890 3537 nunc
912 3491 1012 3547 det,
1033 3489 1158 3536 illam
1185 3488 1251 3535 illi
1273 3496 1428 3537 tamen
1445 3496 1554 3553 post
1566 3492 1655 3539 da-

601 3561 750 3601 turum
783 3552 904 3603 Heu.
929 3554 998 3609 iii,
1023 3557 1070 3605 3.
1088 3557 1150 3602 44
1205 3552 1456 3601 Retraham
1477 3556 1651 3613 hercle,

601 3617 786 3682 opinor,
825 3620 887 3667 ad
909 3635 984 3667 me
1004 3619 1132 3667 idem
1155 3618 1270 3666 illud
1305 3618 1556 3681 fugitivum
1581 3636 1653 3667 ar-

601 3692 795 3747 gentum
817 3692 974 3731 tamen
1027 3683 1149 3731 Hea.
1176 3683 1242 3743 iv,
1262 3688 1311 3733 2.
1338 3689 1393 3733 11
1452 3684 1524 3733 Ut
1543 3700 1654 3732 cum

598 3758 754 3797 narret
787 3764 944 3802 senex,
982 3748 1116 3795 istam
1147 3762 1250 3795 esse
1273 3749 1468 3797 amicam
1505 3751 1656 3813 gnati,

598 3827 696 3860 non
713 3814 878 3863 credat
897 3820 1054 3861 tamen
1087 3812 1208 3861 Hes.
1231 3813 1296 3873 iv,
1315 3818 1363 3862 3.
1389 3818 1453 3863 34
1498 3814 1651 3871 Quid·

599 3877 670 3927 vis
687 3884 842 3927 tumen
852 3877 952 3941 jsm
971 3878 1114 3937 malo,
1131 3891 1281 3942 quam,
1294 3879 1418 3927 hunc
1439 3879 1655 3927 amittere

599 3940 726 3991 Hcs.
765 3944 831 4002 iv,
859 3948 907 3991 8.
947 3947 1010 3991 18
1065 3942 1322 3991 Difficilem
1353 3944 1574 3991 ostendes
1604 3951 1651 3991 te

600 4022 722 4067 esse,
743 4015 794 4056 et
812 4008 1024 4070 ignosces
1044 4014 1197 4055 tumen
1221 4014 1330 4069 post
1384 4008 1506 4055 Hes.
1528 4022 1575 4064 v,
1601 4013 1649 4057 1.

599 4076 665 4121 60
710 4072 876 4121 Nihilo
909 4073 1062 4120 minus
1083 4088 1172 4135 ego
1194 4073 1285 4119 hoc
1302 4072 1468 4121 facium
1493 4080 1650 4121 tamen

598 4134 722 4184 Hes.
744 4154 792 4199 v,
809 4142 856 4187 3.
883 4141 943 4185 10
977 4136 1214 4185 Alieniore
1235 4144 1374 4184 aetate
1397 4142 1504 4200 post
1524 4137 1651 4185 face-

599 4206 672 4246 ret
691 4207 865 4249 tamen.
897 4200 1074 4249 Tamen
1097 4201 1309 4249 nonnihil
1333 4202 1526 4249 molesta
1542 4210 1653 4249 sunt

600 4263 706 4311 hoc
727 4266 856 4312 mibi.
919 4266 1098 4313 Tamen
1141 4264 1214 4313 vix
1251 4266 1453 4314 humane
1474 4266 1655 4329 patitur

601 4326 700 4377 Ad.
719 4327 757 4384 i,
778 4333 828 4378 2.
850 4332 931 4377 30.
953 4334 1035 4379 61.
1055 4334 1120 4379 65
1191 4329 1362 4378 Verum
1422 4330 1476 4378 in
1511 4330 1650 4379 istam

601 4400 780 4455 purtem
816 4392 972 4455 potius
1002 4401 1196 4457 peccato
1233 4402 1408 4444 tamen.
1469 4394 1650 4447 Tamen

1573 434 1817 487 INDEX

1718 586 1806 636 tibi
1823 599 1854 636 ι
1869 599 1949 635 me
1968 583 2101 636 nun·
2120 586 2221 636 orb
2239 591 2314 634 est
2328 582 2501 650 injuris
2533 581 2630 640 Ad.
2652 587 2705 648 ii,
2724 595 2774 642 1.

1718 655 1801 702 20.
1820 655 1884 702 ⁸5
1920 651 2017 700 Ubi
2036 649 2187 706 illine.
2208 665 2364 714 spero,
2384 652 2594 710 redieris,
2614 662 2777 705 tamen

1718 717 1811 765 hoc
1828 731 1939 780 ages
1986 715 2081 764 Ad.
2102 717 2137 763 ii
2174 720 2223 766 2.
2247 719 2310 765 18
2360 715 2483 780 Age,
2506 725 2661 767 tamen
2679 736 2773 785 ego

1718 781 1845 830 hune
1861 781 2089 828 movebo
2124 752 2219 830 Aa.
2240 779 2307 836 iv,
2328 783 2380 830 s.
2403 785 2463 831 ιιι
2496 781 2588 830 sed
2604 799 2682 831 me
2699 801 2772 834 re-

1718 845 2772 976 veae..

2300 946 2316 970 ‚
2748 942 2772 951 -

1721 989 1827 1023 men
1874 974 1975 1023 Ad.
1994 975 2063 1036 iv,
2084 981 2133 1024 5.
2154 980 2217 1024 53
2274 973 2485 1032 Metuss,
2520 989 2581 1024 ne
2619 977 2679 1024 sb
2716 994 2771 1026 re

1720 1039 1815 1088 sint
1850 1047 2007 1087 tumen
2046 1039 2305 1087 omissiores
2340 1040 2485 1102 paulo
2535 1039 2632 1088 Ad.
2654 1047 2772 1097 νή.

1719 1108 1785 1154 44
1818 1103 2019 1152 Paulum
2040 1103 2090 1152 id
2114 1105 2307 1152 sutem?
2356 1103 2451 1152 De.
2490 1103 2539 1151 Si
2572 1105 2775 1154 multum

1721 1168 1827 1225 siet,
1851 1177 2006 1216 tumen
2028 1167 2300 1217 faciundum
2322 1177 2395 1216 est
2449 1167 2544 1219 Ad.
2565 1185 2615 1230 v,
2636 1173 2684 1219 8.
2706 1175 2773 1221 27

1720 1233 1898 1281 Tamen
1936 1233 2017 1296 pol
2054 1234 2252 1281 eandem
2292 1232 2518 1296 injurium
2564 1241 2639 1281 est
2670 1251 2775 1284 esse

1720 1298 1939 1346 omnibus
1992 1297 2087 1345 He.
2108 1297 2144 1354 i,
2169 1301 2215 1347 1.
2238 1301 2300 1346 14
2355 1297 2457 1346 Etsi
2477 1297 2593 1356 scio,
2616 1310 2773 1348 meum

1717 1362 1799 1426 jus
1819 1377 1941 1422 esse,
1958 1369 2013 1410 ut
2033 1369 2082 1410 te
2103 1377 2299 1426 cogam:
2335 1377 2425 1426 ego
2444 1370 2599 1410 tamen
2624 1363 2777 1427 patrio

1725 1427 1881 1475 animo
1917 1427 2085 1483 victus,
2120 1426 2309 1482 faciam,
2346 1434 2401 1474 ut
2454 1425 2641 1482 He.·ii,
2674 1432 2723 1476 2.
2742 1435 2777 1479 2

1722 1491 1899 1540 Tamen
1940 1504 2181 1556 nunquam
2224 1503 2364 1538 ausus
2403 1505 2504 1539 sum
2560 1507 2769 1541 recusare

1725 1555 2689 1686 3⁸¹3.qgffffimgffiszkfflzffssssgff‘dssa
2702 1559 2780 1669 *iia

1726 1685 1950 1750 pietatem
1970 1686 2122 1733 colam
2155 1685 2249 1732 He.
2272 1685 2344 1737 iii,
2367 1691 2416 1734 4.
2439 1690 2500 1736 33
2535 1685 2600 1734 Ει
2621 1693 2778 1734 tannen

1726 1750 2052 1810 utrum‘mslis,
2072 1747 2169 1798 scio
2202 1748 2297 1798 He.
2318 1749 2389 1802 iii.
2414 1757 2461 1798 5.
2484 1755 2543 1799 15
2596 1749 2777 1798 Tamen

1726 1815 1937 1878 suspicor
1988 1813 2082 1864 He.
2104 1831 2151 1870 v,
2174 1819 2222 1864 4.
2244 1818 2308 1863 34
2364 1815 2457 1862 Sed
2496 1823 2549 1862 ut
2584 1823 2638 1861 ut
2676 1817 2780 1864 haec

1727 1886 1853 1935 sunt,
1888 1887 2043 1928 tamen
2081 1879 2173 1927 hoc
2209 1879 2377 1926 facium
2444 1879 2536 1927 Ph.
2558 1879 2628 1934 iii,
2642 1883 2691 1928 2.
2710 1884 2777 1930 46

1727 1943 1795 1992 Di
1813 1945 1931 1992 bene
1953 1951 2154 1999 vortant,
2174 1944 2302 2007 quod
2324 1943 2463 2006 agas!
2490 1945 2777 2006 pedetentim

1728 2015 1883 2056 tamen
1931 2009 2022 2058 Ph.
2045 2009 2113 2064 iii,
2134 2013 2181 2057 3.
2207 2013 2269 2058 19
2322 2007 2393 2055 Αι
2415 2009 2602 2057 tandem
2623 2019 2779 2056 tamen

1729 2089 1826 2121 non
1842 2073 2010 2136 cupitis
2031 2072 2135 2136 ejus
2157 2089 2229 2120 res
2268 2073 2439 2136 agitur,
2462 2075 2543 2120 sed
2567 2072 2781 2136 pecuniae

1732 2138 1821 2186 Ph.
1844 2136 1910 2198 iv,
1934 2143 1981 2187 3.
2002 2143 2065 2188 25
2102 2138 2173 2186 Ac
2198 2137 2333 2185 rebus
2354 2137 2595 2186 vilioribus
2614 2138 2781 2200 multo,

1731 2211 1887 2250 tumen
1904 2203 2079 2250 talentu
2102 2201 2215 2249 bins
2265 2201 2359 2251 Ph.
2382 2217 2429 2269 v,
2450 2207 2498 2251 3.
2522 2207 2553 2252 8
2604 2201 2781 2250 Tamen

1730 2267 1886 2315 adhuc
1907 2267 2065 2316 curavi
2088 2281 2231 2314 unum
2252 2267 2344 2314 hoc
2364 2267 2575 2331 quidem,
2596 2275 2648 2313 ut
2669 2267 2783 2314 mihi

1732 2339 1855 2380 esset
1874 2331 1993 2380 fides
2024 2331 2114 2379 Ph.
2134 2348 2179 2387 ν,
2206 2335 2253 2380 7.
2276 2335 2341 2379 lo

1793 2395 2014 2444 Tametsi.
2079 2396 2335 2452 obtundis,
2364 2394 2549 2444 tametsi
2570 2395 2785 2459 intelligo

1727 2458 1791 2511 A.
1835 2460 1891 2521 ii,
1926 2465 1977 2519 2,
2020 2465 2079 2510 11
2151 2459 2368 2520 Memini,
2400 2459 2583 2509 tametsi
2622 2459 2783 2509 nullus

1725 2540 1913 2573 moneas
1990 2525 2082 2572 Eu.
2122 2525 2175 2581 ii,
2218 2528 2259 2573 l.
2297 2530 2355 2573 10
2408 2524 2613 2571 Tametsi
2651 2526 2780 2572 bona

1724 2596 1797 2636 est
1812 2596 1995 2645 natura,
2014 2590 2219 2637 reddunt
2232 2596 2440 2638 curatura
2451 2586 2649 2650 juncens
2678 2588 2780 2637 Eu.

1726 2653 1780 2711 ii,
1796 2659 1843 2703 3.
1866 2658 1931 2703 24
1980 2654 2159 2701 Metuit
2179 2652 2255 2701 bic
2276 2668 2377 2707 nos,
2399 2652 2583 2700 tametsi
2604 2648 2773 2701 sedulo

1725 2716 1991 2765 dissimulat
2024 2719 2112 2765 Ph.
2135 2718 2189 2779 ii,
2211 2723 2258 2766 3.
2282 2721 2345 2767 81

1788 2782 2019 2830 Tandem.
2087 2782 2190 2830 Ah!
2216 2783 2291 2829 vix
2313 2781 2505 2829 tandem
2540 2782 2664 2829 sensi
2684 2788 2782 2829 sto-

1726 2845 1849 2895 lidus
1882 2846 1944 2896 A.
1966 2848 2037 2903 iii,
2063 2852 2105 2896 1.
2132 2852 2189 2897 12
2224 2846 2361 2893 Itane
2378 2846 2567 2894 tandem
2586 2848 2783 2894 idoneus

1726 2910 1811 2959 tibi
1832 2911 1991 2959 videor
2010 2927 2131 2967 esse,
2169 2926 2308 2975 quem
2330 2918 2424 2958 tam
2448 2919 2607 2973 aperte
2622 2910 2786 2959 fallere

1726 2975 1928 3039 incipias
1967 2975 2125 3023 dolis?
2192 2976 2254 3023 A.
2276 2975 2344 3030 iii,
2366 2980 2416 3023 2.
2442 2980 2505 3023 12
2570 2976 2784 3024 Tandem

1726 3040 1959 3102 cognosti,
1979 3040 2063 3105 qui
2085 3040 2200 3087 siem
2246 3040 2309 3087 A.
2330 3040 2403 3101 iii,
2422 3043 2471 3088 4.
2494 3044 2523 3090 7
2568 3040 2781 3089 Tandem

1728 3104 1917 3154 inventa
1954 3112 2027 3152 est
2046 3120 2220 3153 causa:
2275 3104 2453 3152 solvisti
2492 3104 2653 3154 fidem.
2688 3105 2779 3156 Pa.

1727 3168 1857 3225 Quid
1898 3170 2086 3217 tandem
2110 3168 2127 3215 Ρ
2181 3168 2244 3216 A.
2268 3168 2333 3224 iv,
2360 3174 2405 3218 1.
2430 3171 2509 3217 19.
2530 3172 2596 3217 20
2650 3169 2783 3227 Quid

1727 3236 1795 3281 ait
1826 3234 2049 3281 tandem?
2097 3233 2160 3280 A.
2182 3250 2229 3293 v,
2244 3238 2293 3282 2.
2324 3238 2398 3281 18.
2462 3233 2553 3280 Ph.
2576 3248 2622 3289 V,
2646 3238 2695 3282 3.
2716 3238 2783 3283 16

1726 3298 1839 3345 Ain’
1863 3300 2053 3345 tnndem
2075 3299 2093 3345 ?
2136 3298 2253 3345 civis
2275 3296 2551 3362 Glycerium
2572 3298 2679 3345 est?
2711 3298 2783 3346 At

1729 3363 1916 3409 tandem
1952 3362 2081 3410 dicat
2117 3362 2219 3410 sine
2262 3361 2331 3411 A.
2352 3379 2405 3423 v,
2422 3366 2469 3411 3.
2491 3366 2539 3410 4.
2562 3366 2627 3411 24
2702 3362 2781 3409 Ειι

1727 3428 1909 3474 noster!
1932 3427 2104 3475 laudo:
2130 3428 2321 3479 tandem
2339 3426 2592 3490 perdoluit.
2624 3426 2781 3483 Quam

1720 3490 1834 3554 joco
1878 3506 1974 3539 rem
2018 3491 2207 3538 voluisti
2245 3506 2274 3539 a
2310 3508 2384 3539 me
2420 3493 2625 3550 tandem,
2660 3492 2778 3553 quin

1726 3556 2010 3619 perfeceris?
2061 3556 2154 3605 Eu.
2176 3556 2213 3613 i,
2235 3561 2283 3607 2.
2310 3560 2394 3606 74.
2420 3561 2515 3605 100
2566 3555 2779 3603 Tandem

1726 3636 1823 3667 non
1843 3636 1933 3685 ego
1969 3620 2051 3667 ina
2086 3635 2287 3677 caream,
2324 3622 2364 3669 si
2403 3620 2464 3667 sit
2498 3635 2632 3683 opus,
2665 3621 2783 3668 vel?

1726 3685 1819 3734 Eu.
1843 3685 1893 3739 ii,
1918 3690 1965 3734 l.
1988 3690 2048 3734 17
2104 3684 2237 3741 Quid
2269 3700 2326 3733 ex
2362 3700 2422 3733 es.
2444 3701 2491 3733 re
2516 3685 2702 3733 tandem
2728 3692 2786 3732 ut

1726 3765 1916 3814 caperes
1936 3749 2207 3797 commodi?
2240 3748 2331 3797 Ειι.
2344 3749 2416 3808 iii,
2432 3756 2480 3798 5.
2502 3754 2563 3797 25
2599 3749 2783 3806 Quam-

1727 3816 1883 3862 obrem
1920 3815 2147 3862 tandem?
2191 3830 2252 3861 an
2294 3814 2409 3877 quia
2445 3814 2621 3877 pudet?
2687 3814 2779 3862 Ειι.

1725 3894 1775 3940 v,
1798 3884 1845 3929 2.
1868 3882 1932 3927 68
1966 3878 2034 3926 Πι
2053 3881 2251 3926 haeream
2273 3880 2323 3927 in
2349 3886 2477 3943 parte
2499 3878 2656 3943 aliqua
2674 3887 2778 3926 tan-

1726 3944 1833 3991 dem
1851 3944 1977 4006 apud
1998 3943 2224 3991 Thaidem
2246 3943 2337 3993 Eu.
2360 3960 2407 4001 v,
2429 3948 2477 3992 9.
2500 3948 2561 3993 25
2586 3944 2781 4005 Quaeso,

1727 4009 1916 4057 tandem
1939 4008 2281 4071 aliquantulum
2301 4008 2385 4057 tibi
2408 4022 2547 4073 perce
2600 4006 2717 4055 Hea.
2737 4006 2773 4063 i,

1729 4077 1774 4123 1.
1798 4077 1891 4122 111
1948 4072 2085 4121 Itone
2108 4074 2315 4129 tandem,
2337 4088 2516 4138 quaiso,
2542 4072 2771 4121 Menede-

1725 4138 1835 4186 me?
1869 4136 1992 4185 Hes.
2013 4154 2060 4197 v,
2078 4142 2129 4189 2.
2154 4143 2179 4188 1
2232 4139 2363 4196 Quid
2386 4138 2455 4186 sit
2476 4138 2663 4185 tandem
2685 4152 2777 4183 no·

1726 4201 1799 4250 bis
1816 4200 2031 4250 Sannio?
2064 4203 2163 4252 Ad.
2186 4203 2241 4265 ii,
2260 4209 2307 4255 4.
2333 4207 2393 4252 12
2427 4201 2559 4258 Quid
2581 4202 2651 4249 illi
2675 4208 2781 4249 tnn-

1726 4268 1835 4315 dem
1856 4267 2045 4317 creditis
2064 4268 2163 4316 fore
2184 4266 2329 4317 animi
2357 4267 2554 4315 misero?
2589 4266 2647 4315 In
2719 4281 2781 4314 ua

1725 4331 1917 4381 civitate
1940 4334 2131 4382 tandem
2154 4340 2202 4380 te
2219 4332 2437 4381 ubinam
2450 4331 2606 4379 vivere
2624 4331 2667 4377 ?'
2726 4331 2780 4377 d.

1724 4397 1791 4460 iv,
1812 4402 1862 4449 5.
1884 4401 1965 4446 sl.
1997 4402 2057 4446 51
2112 4396 2323 4447 Tandem
2352 4396 2554 4462 reprime
2588 4395 2775 4444 iracun-
