3192 4975
1180 397 1261 447 m
1306 381 1782 448 ’rnnnn'rman

416 542 485 595 A.
506 558 558 608 ν,
578 548 627 593 4.
648 548 711 594 18
748 542 903 594 Unum
936 543 1140 608 (filium)
1175 546 1247 594 vi·
1280 559 1456 608 curem,

415 624 529 658 curo
580 607 674 656 Ad.
714 607 745 670 ἰ,
764 615 811 658 2.
832 613 897 659 58
946 609 1088 657 Illum
1126 625 1238 659 curo
1280 626 1422 658 unum
1443 628 1456 658 ε

411 671 497 720 ille
512 673 574 726 ad
591 689 663 720 me
680 674 848 720 attinet
880 671 979 723 Ad.
1001 673 1076 731 iii,
1093 678 1141 722 3.
1156 678 1221 723 82
1255 674 1459 731 Quando

413 751 505 799 ego
528 745 656 783 tuum
677 753 772 784 non
792 752 928 794 curo,
957 752 1018 785 ne
1040 752 1151 785 cura
1169 753 1326 785 meum
1360 736 1460 788 Ad.

413 815 460 856 v,
482 804 531 849 3.
555 803 615 848 16
646 799 705 847 Id
726 802 933 864 popuma
952 810 1101 858 curat,
1138 801 1344 850 scilicet!
1393 801 1460 850 A.

413 862 452 919 i,
471 868 518 914 2.
544 867 603 912 14
653 863 860 912 Curabat
879 881 975 912 una
996 866 1137 912 funus
1169 863 1233 914 A.
1264 864 1299 922 i.
1326 869 1375 914 1.
1396 870 1457 915 81

413 927 535 975 Istos
555 927 688 976 vobis
708 945 856 992 usque
885 944 914 976 a
952 929 1104 992 pueris
1124 929 1281 976 curavi
1301 929 1463 977 ambo·

414 991 576 1038 sedulo
607 991 707 1042 Ad.
731 1009 777 1050 v,
800 996 849 1040 9.
872 999 901 1041 5
953 992 1061 1041 Jam
1095 993 1167 1040 ini
1200 994 1361 1041 datum
1390 1000 1463 1040 eat

414 1057 693 1118 argentum?
727 1056 824 1105 De.
862 1055 1037 1104 Curavi
1070 1056 1179 1104 ilico
1228 1056 1318 1104 Ph.
1341 1072 1390 1118 v,
1410 1061 1459 1106 3.

414 1123 478 1168 13
514 1119 706 1176 Curavi,
736 1119 922 1183 propria
942 1135 1000 1167 ea
1022 1120 1239 1168 Phaedria
1262 1127 1313 1167 ut
1334 1121 1459 1182 poti-

412 1190 540 1230 retur
571 1182 665 1232 Ph.
685 1200 731 1238 v,
754 1190 801 1232 5.
822 1188 854 1232 2
901 1183 1078 1232 Tamen
1110 1185 1264 1232 adhuc
1303 1184 1461 1232 curavi

411 1259 562 1293 unum
582 1248 674 1294 hoc
696 1247 883 1309 quidem
918 1248 1009 1296 Ph.
1032 1264 1077 1302 v,
1098 1252 1146 1297 7.
1172 1252 1229 1297 n
1274 1247 1461 1296 Curasti

411 1311 563 1372 probe
608 1310 671 1358 A.
710 1327 753 1364 v,
776 1315 823 1360 2.
844 1315 875 1358 6
909 1310 1133 1373 AEdepol,
1173 1311 1378 1374 Syrisce,
1413 1319 1462 1360 te

412 1374 585 1420 curasti
610 1373 807 1422 molliter
837 1373 935 1421 Ad.
960 1390 1008 1432 v,
1028 1380 1076 1424 1.
1100 1380 1127 1424 l
1162 1375 1257 1424 Hic
1274 1375 1464 1424 ad'utor

412 1437 520 1493 fuit,
558 1438 635 1485 bic
668 1438 846 1485 curavit
894 1436 995 1487 Ad.
1030 1455 1077 1494 v,
1100 1444 1149 1488 9.
1172 1443 1231 1487 11
1340 1455 1463 1504 eque

414 1502 543 1561 quod
564 1503 749 1548 daretur
767 1500 1042 1565 quidquam,
1063 1503 1114 1549 id
1135 1510 1351 1550 curarant
1377 1517 1461 1567 pa-

416 1573 507 1612 tres
539 1565 630 1612 Ph.
652 1565 685 1620 i,
707 1570 758 1614 2.
778 1571 839 1614 34
874 1566 956 1613 Sat
968 1573 1056 1614 est.
1070 1568 1249 1614 curabo.
1276 1567 1339 1614 A.
1360 1567 1459 1624 i‚1.

416 1633 513 1682 144
532 1629 564 1678 J
566 1645 658 1685 am,
670 1630 749 1677 ubi
764 1628 959 1684 abierit,
974 1629 1221 1677 inventum
1234 1629 1321 1678 tibi
1330 1646 1463 1678 cura·

414 1693 477 1742 bo
512 1691 577 1742 A.
604 1693 671 1750 iv,
684 1698 769 1742 2.1
808 1693 912 1756 Ego
927 1694 1046 1742 istuc
1060 1694 1231 1742 curabo
1253 1693 1375 1743 Hea.
1392 1695 1463 1750 iii,

417 1761 469 1806 3.
489 1759 553 1806 32
585 1757 793 1816 curabo,
813 1773 875 1805 ue
900 1758 1014 1820 quid
1051 1759 1292 1806 verborum
1312 1757 1465 1812 ,duint

416 1820 511 1872 Ph.
530 1820 595 1875 iv.
612 1827 661 1870 5.
686 1826 713 1871 1
752 1822 877 1871 Cura
898 1822 1237 1869 adservandum
1256 1822 1462 1870 vinetum

416 1883 478 1932 A.
499 1900 547 1941 v,
568 1889 619 1934 2.
641 1889 705 1934 24
737 1885 942 1942 Quando
964 1900 1052 1948 ego
1069 1892 1201 1933 tuum
1220 1901 1319 1932 nou
1334 1901 1463 1944 curo.

417 1963 479 1996 ne
498 1963 611 1996 cura
628 1964 782 1997 meum
814 1949 913 1997 Ad.
944 1965 990 2005 v,
1014 1953 1061 1998 3.
1085 1954 1147 1998 16
1201 1949 1271 1997 At
1305 1949 1353 1996 ui
1391 1965 1463 1998 re·

418 2011 515 2074 peri
531 2010 631 2074 jam
652 2031 666 2060 z
689 2013 814 2061 aliud
832 2028 945 2062 cura
976 2013 1066 2061 Ph.
1082 2013 1137 2068 ii,
1155 2017 1202 2062 1.
1221 2019 1251 2062 5
1326 2013 1462 2062 hem!

420 2084 579 2124 curate
598 2078 733 2124 istam
753 2077 1003 2139 diligenter
1020 2077 1244 2140 virginem
1276 2077 1369 2126 Eu.
1389 2077 1467 2134 iii,

419 2143 471 2188 2.
496 2145 560 2188 52
602 2140 759 2189 Unum
799 2139 1002 2203 (filium)
1041 2140 1111 2188 vis
1144 2155 1319 2195 curem,
1354 2155 1465 2188 curo

420 2203 518 2252 Ad.
550 2204 589 2259 i.
608 2211 659 2254 2.
683 2211 747 2254 58
802 2204 1087 2267 Diligenter,
1130 2203 1344 2268 Pythias,
1389 2203 1465 2254 fac

422 2282 555 2316 cures
586 2267 678 2316 Eu.
696 2269 766 2326 iii,
788 2272 839 2317 2.
862 2272 927 2317 48
975 2267 1191 2324 Chreme,
1224 2275 1465 2317 tantumne

422 2338 495 2378 est
516 2332 575 2379 ab
594 2348 643 2382 re
666 2341 747 2380 tua
768 2332 856 2380 otii
878 2331 983 2387 tibi.
1016 2332 1169 2380 aliena
1206 2340 1260 2380 ut
1295 2333 1465 2382 cures?

419 2394 543 2452 ‚Hea-
564 2396 599 2451 i,
620 2401 665 2445 1.
680 2401 741 2446 24
794 2396 1022 2444 Curemus
1056 2411 1237 2458 aequam
1272 2403 1465 2461 uterque

422 2468 601 2523 partem
632 2458 729 2509 Ad.
750 2459 783 2517 i,
805 2465 855 2511 2.
878 2464 941 2510 50
994 2459 1269 2524 Exemplum
1313 2461 1465 2510 omni·-

422 2524 511 2572 bus
531 2540 735 2573 curarem
755 2533 809 2573 ut
824 2540 947 2572 esses
978 2523 1076 2572 Ad.
1098 2540 1143 2584 v,
1165 2530 1189 2573 1
1203 2559 1214 2571 .
1234 2528 1295 2574 10
1328 2525 1400 2573 Ex
1417 2532 1466 2574 to

424 2586 545 2637 adeo
578 2596 649 2637 eat
679 2596 849 2645 ortum,
885 2604 945 2635 ne
992 2594 1046 2635 tu
1078 2603 1261 2636 curares
1295 2603 1467 2645 meum,

424 2666 545 2701 neve
565 2668 655 2716 ego
674 2652 838 2700 tuum?
872 2650 966 2699 Ad.
986 2667 1035 2708 v,
1057 2655 1106 2701 3.
1131 2656 1192 2700 11
1235 2651 1357 2707 Quae
1390 2653 1467 2701 hic

426 2725 573 2773 erant,
594 2731 805 2765 curaresz
828 2731 936 2763 cum
958 2730 1039 2763 vos
1060 2714 1181 2763 solvi
1200 2714 1321 2763 curis
1342 2722 1468 2764 cete-

426 2779 489 2827 ris
520 2780 613 2829 He.
636 2781 691 2836 ii,
714 2786 762 2830 1.
786 2782 850 2828 33
884 2777 1067 2827 Ambos
1100 2793 1277 2833 curare,
1309 2794 1468 2841 repos-

426 2859 533 2891 cere
549 2844 680 2891 illum
697 2851 785 2898 eat,
807 2857 946 2904 quem
968 2841 1143 2889 dedisti
1173 2839 1269 2887 Ad.
1287 2841 1325 2898 i,
1341 2846 1388 2890 2.
1406 2847 1469 2891 51

424 2906 544 2955 Non
577 2914 627 2954 te
656 2921 743 2968 pro
760 2905 845 2979 ,113³
876 2918 1059 2979 curasse
1089 2906 1243 2959 rebus,
1276 2919 1337 2953 ne
1357 2906 1472 2968 quid

422 2967 1264 3092 ‚aff‘ffifi‘fflffsffiezz’issziz.
1277 2967 1475 3081 ῗῗιῖῗζ

421 3097 561 3145 domi
602 3102 786 3145 curetur
824 3094 1073 3158 diligenter
1124 3094 1219 3143 He.
1253 3095 1309 3151 ii,
1336 3100 1389 3145 2.
1414 3102 1471 3145 15

424 3160 618 3225 ,Nempe
641 3168 694 3207 ut
712 3166 929 3208 curentur
961 3166 1087 3207 recte
1122 3160 1223 3206 haec
1271 3157 1337 3209 A.
1368 3158 1403 3215 i,
1429 3165 1476 3209 1.

431 3229 464 3273 3
496 3224 622 3272 Huic
643 3225 854 3279 manda,
893 3222 935 3270 si
964 3222 1080 3285 quid
1107 3232 1231 3271 recte
1264 3232 1473 3272 curatum

433 3288 548 3335 velis
577 3289 673 3336 Ad.
695 3287 769 3344 iii,
790 3292 839 3336 3.
863 3291 941 3335 18.
979 3286 1073 3335 Ph.
1095 3286 1160 3342 iv,
1180 3291 1230 3337 4.
1250 3291 1283 3335 8

500 3350 827 3406 curriculum.⁴
838 3350 1081 3407 Curriculo
1102 3366 1315 3415 percurre
1332 3350 1474 3406 „Hem

434 3417 501 3473 iv,
523 3421 570 3467 4.
593 3421 652 3466 11

500 3480 663 3529 Curro.
726 3478 825 3533 Abi
856 3494 972 3541 prae,
992 3492 1141 3534 curre,
1161 3484 1217 3525 ut
1238 3477 1330 3525 sint
1348 3478 1477 3527 domi

434 3552 597 3608 parata
625 3543 719 3592 Eu.
744 3542 815 3599 iii,
836 3547 886 3591 2.
906 3547 972 3592 46
1025 3541 1232 3604 Propera
1267 3550 1335 3598 tu,
1371 3558 1479 3590 mea
1502 3542 1511 3553 '

425 3608 687 3663 Canthara,
706 3621 835 3655 curre
866 3604 1055 3680 Ad3iii,
1073 3610 1122 3655 2.
1138 3610 1204 3654 56
1232 3605 1307 3681 Tu
1325 3606 1479 3668 pueris

428 3673 837 3785 ,ffiss'sstff?‘0¹?13¹5
841 3669 1205 3789 ·1?L’J}}²·1¹?4.¹{⁶9·
1234 3673 1390 3782 ¹351ss
1415 3673 1480 3781 33

427 3800 725 3849 Bacchidem
743 3800 866 3845 hanc
899 3797 991 3845 He.
1012 3798 1079 3854 iv,
1101 3802 1150 3846 4.
1171 3800 1233 3845 97
1278 3797 1482 3859 Propere

372 3900 377 3907 -
436 3880 569 3913 curre
590 3865 649 3911 ad
672 3862 971 3924 Pamphilum
1020 3862 1113 3909 He.
1135 3878 1181 3922 v,
1202 3866 1250 3910 3.
1273 3864 1335 3909 10
1378 3862 1482 3908 Ser-

428 3944 524 3979 .vus
566 3942 752 3977 currens
785 3926 907 3973 Hea-
928 3924 1055 3973 Prol.
1086 3929 1148 3974 37
1200 3924 1295 3980 Qui
1334 3936 1485 3988 nuper

437 3992 553 4041 fecit
572 4007 704 4039 servo
726 3989 927 4037 currenti
949 3990 999 4035 iu
1021 3988 1097 4035 via
1118 3989 1308 4036 decenae
1364 4004 1484 4050 opu-

428 4057 536 4111 ,lum
568 4054 693 4103 Hea.
716 4054 845 4103 Ptol.
868 4057 928 4101 31
973 4050 1183 4099 Videon'
1202 4067 1293 4115 ego
1343 4051 1483 4100 'etam

440 4126 699 4168 currentem
738 4120 831 4165 huc
864 4115 1113 4165 advenire?
1158 4116 1255 4173 Ph.
1292 4114 1330 4173 i,
1352 4120 1398 4163 3.
1420 4121 1483 4165 25

440 4184 539 4241 Qui
574 4183 719 4245 magia
752 4180 881 4237 licet,
918 4186 1152 4227 currentes
1190 4195 1344 4227 servos
1375 4178 1485 4229 scri-

380 4300 387 4307 .
409 4248 581 4305 ..δεῐεὲ
616 4247 711 4297 Eu.
730 4245 863 4303 Prot.
880 4249 945 4297 36
975 4244 1033 4301 Si,
1048 4258 1143 4311 qua
1156 4242 1385 4299 ,laboriosa
1398 4250 1487 4305 est,

2432 385 2588 454 lxxi'

1534 546 1596 595 ad
1616 553 1692 594 me
1713 546 1910 594 curritur
1941 543 2066 596 Hea.
2086 544 2214 594 Proh
2233 547 2298 596 4⁴

1596 609 1802 658 Cur-sito.
1868 607 1946 658 Ne
1968 625 2164 666 sursum,
2195 610 2406 660 deorsum
2429 610 2577 660 curri·

1534 681 1604 722 tes
1638 675 1729 723 Eu.
1751 674 1804 728 ii,
1827 679 1876 724 2.
1891 677 1955 722 47
1989 673 2066 722 Ne
2083 674 2187 737 quia
2203 673 2320 722 forte
2333 673 2577 724 internun-

1534 738 1631 785 tius
1653 738 1772 787 clam
1795 753 1823 785 a
1844 737 1990 786 milite
2005 738 2067 786 ad
2087 737 2223 786 iatam
2238 737 2462 785 cursitet?
2484 739 2580 792 Eu.

1533 801 1571 850 ii
1609 805 1656 850 2.
1675 807 1739 851 56

1574 838 1765 916 ’Curam
1831 864 1908 913 Ita
1944 862 2195 918 cursando.
2238 871 2380 928 atque
2419 867 2582 916 ambu-

1535 927 1679 979 lando
1710 937 1860 978 totum
1878 929 2004 976 huuc
2025 928 2224 976 contrivi
2245 928 2372 976 diem
2417 928 2512 979 He.
2536 949 2582 990 v,

1534 997 1583 1042 3.
1605 997 1662 1042 17
1695 992 1784 1042 Tre
1817 992 1944 1069 ³⁶⁸5}
1959 993 2128 1048 sendo,
2149 999 2200 1040 et
2219 990 2391 1041 cursari
2406 1008 2584 1044 rursum

1534 1071 1792 1170 Pr‘gzffis·
1829 1060 2190 1178 οὶὴῐιῗιιῖιιιιῖιῗτὲιιι,
2204 1127 2287 1168 aut
2301 1134 2476 1168 novum
2491 1129 2583 1180 eat,

1536 1185 1761 1242 revocari,
1783 1199 1966 1233 cunum
1997 1198 2142 1248 quum
2163 1184 2452 1234 institueris?
2487 1185 2583 1237 Pb.

1536 1264 1584 1305 V,
1605 1252 1654 1297 ⁶0
1675 1253 1708 1298 8

1601 1311 1792 1360 Custos.
1855 1309 1960 1360 Eho
1985 1310 1996 1358 !
2027 1325 2250 1360 numnam
2279 1309 2360 1358 hic
2395 1311 2584 1361 relictus

1534 1383 1693 1426 custos
1713 1376 1731 1423 ?
1781 1374 1872 1424 Eu.
1909 1375 1962 1432 ii,
1982 1380 2033 1425 2.
2056 1381 2118 1424 55
2164 1375 2288 1422 Nam
2323 1374 2393 1422 ibi
2427 1384 2585 1424 custos

1536 1439 1726 1504 publice
1767 1446 1842 1488 est
1881 1455 2008 1488 nuno
2062 1438 2152 1486 Eu.
2189 1439 2243 1500 ii,
2270 1441 2319 1488 2.
2349 1443 2417 1488 59
2467 1439 2581 1488 Ho!

1538 1505 1662 1552 bone
1683 1510 1857 1561 custos,
1879 1502 2006 1551 salve
2035 1503 2128 1554 Ph.
2149 1502 2202 1560 ii,
2230 1507 2272 1550 1.
2293 1506 2356 1552 57

1602 1567 1834 1678 Cynthus.
1897 1567 2110 1630 Cynthos
2131 1566 2372 1614 sorbillaua
2405 1565 2584 1630 paulla-

1536 1630 1622 1678 tim
1677 1646 1768 1679 unc
1789 1631 2044 1694 producam
2065 1630 2192 1678 diem
2234 1629 2330 1678 Ad.
2364 1630 2428 1687 iv,
2450 1635 2501 1680 2.
2519 1636 2585 1682 52

1603 1695 1812 1758 Cyprus.
1873 1693 1944 1742 Te
1962 1693 2096 1742 aiunt
2121 1693 2352 1756 proficisci
2372 1693 2586 1758 Cyprum

1537 1757 1637 1808 Ad.
1663 1758 1718 1816 ii,
1740 1763 1789 1807 2.
1811 1762 1874 1807 16
1906 1758 2028 1805 Item
2058 1758 2168 1806 hinc
2190 1757 2301 1820 alia,
2321 1772 2428 1820 quae
2447 1765 2584 1820 porto

1537 1822 1750 1886 Cyprum
1783 1821 1878 1871 Ad.
1897 1822 1954 1878 ii,
1975 1826 2023 1871 2.
2046 1825 2110 1870 22
2150 1821 2246 1870 Hic
2283 1832 2500 1886 properet
2533 1823 2585 1870 iu

1538 1887 1752 1951 Cyprum
1783 1884 1884 1936 Ad.
1906 1886 1959 1944 ii,
1983 1889 2034 1934 4.
2053 1889 2118 1936 14
2501 1927 2506 1938 .

1972 2012 2092 2072 ¹D.

1551 2180 1560 2185 .
1605 2135 1812 2188 Damno.
1871 2139 2002 2188 Tum
2033 2147 2106 2188 eat
2135 2139 2382 2188 dannatus
2404 2143 2589 2202 gratus,

1540 2217 1636 2250 nou
1659 2211 1711 2252 tu
1727 2203 1819 2254 Ph.
1841 2203 1894 2259 ii,
1911 2207 1958 2253 3.
1980 2209 2042 2254 75
2077 2203 2242 2260 Dices,
2263 2203 2589 2259 duceutdam·

1540 2275 1703 2316 natum
1719 2268 1910 2316 domum
1943 2267 2035 2316 Ph.
2054 2267 2108 2329 ii,
2127 2272 2176 2318 2.
2204 2271 2270 2316 20

1606 2330 1891 2381 Damnosus.
1957 2331 2120 2389 Gerro,
2155 2332 2298 2388 iners,
2333 2329 2475 2388 fraus,
2507 2331 2591 2382 he·

1540 2393 1643 2453 luo,
1665 2411 1837 2458 ganeo,
1855 2395 2106 2445 damnosus
2127 2395 2140 2442 Ι
2176 2393 2299 2443 Rea.
2318 2411 2368 2456 v,
2389 2399 2439 2444 4.
2460 2399 2522 2445 11

1605 2459 1863 2513 Damnum.
1943 2459 2056 2511 Nisi
2076 2475 2134 2509 eo
2155 2459 2217 2512 ad
2240 2466 2492 2508 mercatum
2510 2475 2592 2509 ve-

1539 2524 1639 2582 nio,
1679 2526 1898 2573 damnum
1938 2540 2202 2573 maxumum
2227 2531 2302 2573 est
2331 2523 2430 2573 Ad.
2466 2524 2523 2586 ii,
2543 2528 2595 2573 2.

1540 2593 1605 2637 23
1639 2588 1722 2636 Nu
1801 2589 1883 2636 uid
1903 2596 1976 2636 est
1995 2590 2124 2637 aliud
2146 2588 2260 2636 mali
2281 2587 2500 2647 damnive
2520 2603 2593 2636 re-

1540 2651 1752 2725 liquom?
1833 2668 1880 2702 u.
1914 2670 1962 2710 v,
1994 2657 2042 2701 6.
2077 2656 2140 2701 25
2207 2650 2318 2708 Nae,
2353 2650 2434 2699 ine
2465 2651 2594 2700 haud

1544 2723 1649 2770 κη,
1671 2716 1880 2778 paullum
1917 2716 2052 2771 lucri,
2089 2722 2316 2777 quantum
2351 2714 2399 2763 ei
2433 2715 2596 2763 damni

1544 2779 1764 2839 adportet
1793 2778 1914 2826 nea.
1934 2778 1999 2833 iv,
2018 2784 2066 2827 4.
2083 2782 2146 2827 2⁵
2195 2778 2326 2833 Quid
2347 2777 2490 2825 facias
2510 2780 2598 2834 mi.

1546 2842 1627 2904 qui
1667 2841 1850 2888 dederit
1879 2842 2100 2887 damnum
2134 2847 2218 2888 aut
2239 2840 2442 2887 malum?
2475 2841 2539 2887 A.
2559 2842 2598 2899 i,

1547 2909 1595 2952 1.
1639 2908 1734 2953 116
1783 2904 1909 2967 Ergo
1948 2906 2084 2953 herus
2117 2904 2288 2956 damno
2326 2911 2490 2950 auctus
2525 2912 2601 2951 eat

1548 2968 1671 3016 Hea.
1706 2968 1771 3025 iv,
1797 2972 1840 3015 1.
1883 2973 1942 3016 15
1999 2966 2200 3025 Pericla,
2234 2967 2424 3027 damna,
2459 2966 2601 3015 exilia

1548 3046 1738 3095 peregre
1774 3030 1958 3079 rediens
1993 3046 2174 3095 semper
2210 3030 2387 3093 cogitet
2419 3028 2512 3079 Ph.
2545 3031 2600 3089 ii,

1614 3157 1804 3207 Danae.
1835 3158 2002 3207 Jovem
2039 3173 2137 3220 quo
2158 3163 2295 3221 pacto
2313 3156 2494 3205 Dauaae
2513 3156 2601 3205 mi-

1548 3222 1662 3271 sisse
1683 3222 1817 3335 aiunFt
1835 3221 2142 3335 quo-rudgmri'n
2164 3219 2388 3285 gremium
2409 3222 2602 3269 imbrem

1548 3302 1741 3335 aureum
1819 3303 1866 3334 u.
1891 3302 1963 3343 ιιι,
2020 3316 2033 3332 .

1614 3350 1796 3400 Dama.
1863 3348 2027 3397 Davus
2049 3365 2167 3406 sum,
2185 3365 2282 3397 nou
2302 3348 2506 3413 OEdipua
2536 3347 2605 3397 A.

1547 3414 1583 3478 i,
1620 3420 1671 3464 2.
1704 3418 1769 3465 23
1818 3413 1998 3465 Βινοε.
2029 3414 2120 3463 ch.
2153 3413 2346 3461 Davus!
2381 3413 2467 3461 Pa.
2499 3411 2602 3461 Da-

1549 3494 1634 3526 vos
1655 3479 1814 3526 omnia
1843 3478 1906 3524 A.
1933 3478 2001 3535 iv,
2026 3483 2072 3529 1.
2095 3482 2160 3528 39
2206 3477 2344 3525 Davo
2374 3477 2498 3525 istuc
2519 3479 2603 3525 de-

1550 3542 1660 3589 dam
1671 3541 1772 3604 jam
1793 3542 1956 3605 negoti
1995 3540 2058 3591 A.
2095 3558 2142 3599 v,
2174 3547 2223 3592 4.
2261 3546 2326 3589 50
2373 3540 2605 3589 Perterre-

1552 3604 1702 3653 facias
1747 3605 1937 3653 Davum
1968 3605 2033 3655 A.
2091 3605 2129 3663 i,
2164 3609 2210 3653 1.
2248 3608 2342 3655 142
2391 3602 2464 3651 Te
2504 3618 2604 3660 oro,

1553 3668 1712 3726 Dave,
1733 3676 1788 3717 ut
1808 3669 1970 3717 redeat
1983 3669 2084 3733 jam
2105 3669 2154 3715 iu
2175 3669 2298 3714 vfiam
2331 3665 2396 3713 A.
2413 3666 2449 3723 i,
2469 3672 2519 3716 2.
2541 3671 2606 3717 19

1556 3733 1706 3796 Apud
1727 3734 1878 3781 forum
1899 3734 2042 3779 modo
2064 3748 2092 3780 e
2112 3731 2252 3779 Davo
2273 3730 2434 3779 audivi
2465 3728 2530 3779 A.
2547 3730 2607 3788 ii,
2645 3770 2650 3773 .

1558 3802 1604 3847 1.
1626 3803 1657 3845 2
1690 3798 1861 3859 passim
1884 3796 2000 3843 alibi

1622 3860 1714 3908 De.
1781 3861 1985 3907 Posthac
2022 3874 2138 3923 quaa
2171 3858 2312 3906 faciet
2333 3859 2394 3905 de
2425 3858 2608 3919 integro

1556 3924 1826 3980 Comoedias
1859 3922 1923 3971 A.
1944 3923 2071 3972 Prol.
2092 3927 2157 3972 26
2204 3922 2333 3978 Quid
2373 3920 2476 3969 aia?
2511 3920 2607 3972 Da.

1558 3989 1669 4044 Qua
1683 3990 1746 4036 de
1767 3988 1848 4035 re?
1881 3986 1948 4035 A.
1967 3988 2002 4049 i,
2021 3992 2068 4037 2.
2095 3992 2152 4035 13
2203 3986 2440 4042 Quantum
2467 3984 2609 4033 iutel-

1558 4052 1671 4108 lexi,
1691 4053 1832 4099 modo
1871 4050 1994 4099 senia
2028 4050 2304 4098 seutentiam
2338 4050 2400 4097 de
2434 4049 2610 4111 nuptiis

1556 4115 1624 4177 A.
1643 4116 1680 4174 i,
1703 4119 1753 4166 3.
1773 4120 1806 4165 2
1852 4116 1962 4164 Jam
1985 4116 2046 4163 de
2068 4128 2222 4162 amore
2256 4115 2348 4162 hoc
2383 4113 2613 4176 comperit

1557 4178 1621 4227 A.
1643 4180 1681 4237 i,
1703 4184 1752 4229 3.
1771 4184 1805 4229 6
1836 4179 1914 4228 Ne
1937 4180 1998 4227 de
2017 4180 2108 4229 hac
2129 4194 2176 4226 re
2191 4186 2323 4242 pater
2339 4177 2609 4242 impruden·

1560 4251 1656 4293 tem
1683 4244 1930 4309 ⁸opprimat:
1974 4241 2043 4299 A.
2082 4244 2119 4303 i,
2155 4246 2208 4299 3.
2238 4247 2304 4295 22
2351 4241 2482 4301 Quid
2519 4258 2613 4307 ego
