3192 4975
555 416 770 489 cxviii

551 584 601 631 2.
627 584 688 630 17
719 578 900 637 Faciet,
919 585 974 628 ιιι
987 578 1116 627 voles
1146 580 1238 627 Ph.
1253 596 1298 637 V,
1317 584 1366 629 8.
1383 584 1445 630 54
1479 579 1613 638 Quid

551 644 637 693 illo
657 644 899 701 faciemus,
920 642 1097 692 stulta?
1147 644 1238 692 Eu.
1261 660 1308 707 v,
1333 650 1378 694 1.
1401 650 1463 695 21
1515 646 1609 695 Sed

589 710 670 756 uid
713 709 937 757 faciemus
979 724 1125 771 puero
1145 709 1162 756 ?
1216 709 1309 757 He.
1348 709 1416 766 iv,
1460 715 1508 759 4.
1545 714 1612 759 46

553 724 750 822 {Itium
770 774 841 820 ita
863 772 931 820 Di
950 772 1132 821 faxint!
1165 772 1257 822 Ch.
1276 771 1470 823 Facient
1484 790 1611 823 nuuc

554 838 680 889 Hea.
702 838 738 899 i,
759 842 804 886 1.
828 840 926 886 1⁰9
977 836 1084 885 Nisi
1125 836 1319 894 facient,
1362 854 1468 901 quse
1507 838 1614 886 illos

554 915 596 949 re
629 917 738 949 uom
761 908 851 959 est,
872 902 1000 950 haud
1020 902 1086 951 sic
1107 902 1320 951 auferent
1350 903 1447 952 Ad.
1468 903 1537 960 iii,
1561 908 1612 952 4.

555 971 588 1017 8
663 967 765 1014 roin
784 974 838 1014 tu
857 967 953 1028 fac,
972 967 1101 1029 apud
1123 973 1171 1014 te
1192 975 1247 1014 ut
1266 968 1356 1015 sies
1405 967 1468 1013 A.
1487 967 1540 1023 ii,
1563 969 1613 1014 4.

553 1035 586 1080 5
619 1029 765 1079 Nunc
786 1030 986 1093 primum
1007 1030 1102 1086 fac.
1127 1031 1288 1079 isthaec
1313 1040 1368 1077 ut
1389 1031 1512 1079 lavet
1548 1031 1613 1079 A.

548 1094 625 1152 iii,
647 1100 694 1145 2.
718 1099 747 1143 3
779 1094 870 1154 Τιι,
895 1095 1145 1152 Parmeno,
1167 1097 1258 1143 huc
1281 1096 1354 1143 fac
1374 1094 1448 1143 illi
1463 1096 1613 1142 addu-

554 1166 721 1208 cantur
751 1158 844 1208 Ειι.
863 1160 900 1215 i,
921 1163 970 1208 2.
994 1164 1090 1209 109
1130 1160 1272 1207 Meus
1305 1159 1382 1207 fac
1411 1160 1473 1206 sis
1505 1175 1614 1222 pos-

554 1228 704 1272 tremo
721 1224 922 1280 animus,
943 1225 1134 1286 quando
1155 1240 1244 1286 ego
1260 1240 1360 1271 sum
1384 1231 1491 1271 tuus
1523 1223 1615 1272 Eu.

552 1286 591 1343 i,
613 1292 662 1339 2.
682 1292 778 1337 116
809 1287 922 1346 Fac,
951 1290 1019 1335 ita
1052 1295 1109 1335 ut
1137 1287 1288 1351 jussi3
1323 1290 1618 1337 deducantur

555 1350 637 1399 isti
667 1351 758 1401 Eu.
779 1352 832 1406 ii.
853 1357 903 1402 1.
929 1358 956 1402 1
1006 1350 1102 1401 Fac
1132 1362 1185 1399 ut
1213 1352 1433 1401 admittar
1464 1354 1522 1399 ad
1557 1353 1616 1400 il-

554 1415 652 1463 lam
684 1416 775 1467 Eu.
798 1416 851 1473 ii,
869 1422 918 1465 2.
941 1421 1004 1466 50
1044 1414 1138 1467 Fac
1159 1417 1220 1465 sis
1241 1434 1368 1465 nunc
1391 1417 1619 1481 promissa

555 1489 817 1593 32532221
835 1481 956 1594 ἒξ..
973 1481 1092 1593 ⁵¹23·
1117 1482 1618 1595 ¹3..J‡Z¹“}.‡¹².:3333

558 1608 652 1658 Ειι.
673 1581 729 1666 ii’,
751 1614 799 1659 8.
821 1614 886 1660 28
935 1562 1148 1659 (ibsecri)³
1166 1610 1340 1669 hercle,
1365 1610 1619 1667 Parmeno,

556 1674 634 1721 fac
655 1682 710 1722 ιιι
728 1675 881 1737 potiar
928 1674 1021 1722 Eu.
1045 1676 1098 1735 ii,
1119 1679 1167 1724 8.
1187 1680 1253 1724 70
1299 1673 1338 1722 F
1339 1690 1394 1723 ac
1433 1675 1618 1739 pericu·-

559 1737 657 1785 lum
679 1738 730 1801 in
751 1738 923 1787 literis=
949 1739 1025 1787 fac
1045 1739 1096 1787 in
1130 1740 1362 1803 palaestra,
1392 1740 1440 1787 in
1475 1738 1621 1785 musi-

558 1801 628 1849 cis
664 1802 752 1850 Eu.
775 1802 844 1860 iii,
865 1808 916 1853 2.
939 1807 1016 1852 23.
1039 1808 1104 1853 24
1142 1803 1424 1865 Diligenter,
1449 1803 1621 1867 Pythi-

560 1881 631 1922 as,
647 1866 724 1914 fac
744 1882 878 1915 cures
922 1867 1014 1918 Eu.
1034 1868 1103 1923 iii,
1126 1872 1176 1917 2.
1193 1871 1259 1916 48
1313 1866 1409 1915 Fac
1451 1868 1621 1915 amabo

561 1928 656 1979 Eu.
671 1930 744 1993 iii,
767 1934 815 1981 3.
837 1936 902 1981 28
947 1929 1042 1979 Fac
1077 1931 1233 1979 animo
1268 1933 1368 1981 haec
1402 1932 1623 1995 praesenti

559 1994 694 2043 dicas
726 1992 820 2045 Eu.
839 1996 903 2057 iv,
924 1998 972 2044 6.
994 2000 1054 2045 31
1108 1994 1147 2043 F
1147 2012 1204 2044 ac
1225 1996 1428 2044 vicissim
1450 2004 1506 2044 ut
1524 2012 1623 2043 me-

561 2059 750 2107 mineris
780 2058 874 2109 Eu.
896 2060 964 2122 iv,
984 2064 1034 2109 7.
1055 2065 1119 2111 45
1152 2060 1274 2108 Τιιιιι
1296 2069 1366 2117 tu,
1385 2061 1525 2108 frater
1542 2061 1623 2109 ubi

561 2122 647 2171 ubi
683 2132 773 2180 est,
811 2125 888 2173 fac
922 2139 1062 2187 quam
1096 2125 1295 2188 primum
1328 2127 1429 2173 baec
1459 2126 1623 2173 audiat

560 2186 656 2238 Eu.
677 2204 722 2245 v,
745 2193 794 2239 9.
819 2194 880 2239 12
929 2188 1092 2253 Atque
1112 2190 1250 2247 istuc,
1280 2190 1511 2253 quicquid
1531 2198 1623 2248 est,

562 2250 640 2300 fac
661 2268 736 2299 me
757 2261 813 2300 ut
830 2252 972 2301 sciam
1005 2254 1130 2301 Hea.
1164 2254 1198 2310 i,
1222 2258 1270 2303 l.
1294 2258 1358 2303 32
1397 2254 1491 2302 Fac
1512 2270 1623 2317 ergo

561 2314 687 2363 Hea.
718 2317 790 2372 iii,
811 2321 860 2365 2.
883 2321 947 2366 39
997 2317 1090 2365 Fac
1124 2326 1170 2364 te
1191 2325 1368 2381 patrem
1394 2334 1495 2365 esse
1517 2334 1625 2365 sen-

562 2378 686 2427 tiatz
729 2379 805 2427 sac
843 2386 897 2427 ut
929 2381 1104 2428 audeat
1133 2380 1218 2428 tibi
1252 2383 1438 2429 credere
1466 2382 1627 2427 omnia

563 2442 692 2494 Hea.
714 2458 762 2500 ν,
785 2448 830 2493 1.
853 2448 916 2493 52
948 2443 1236 2494 Salsamenta
1272 2446 1390 2499 haec,
1423 2444 1626 2506 Stepha-

563 2507 666 2564 nio,
685 2507 762 2555 fac
783 2515 1075 2555 macerentur
1094 2507 1286 2571 pulchre
1305 2509 1316 2556 ἔ
1362 2509 1457 2556 Ad.
1478 2508 1548 2564 iii,
1571 2513 1623 2558 3.

565 2575 630 2620 27
665 2571 804 2619 Βοιιο
827 2573 984 2618 animo
1005 2573 1082 2619 fac
1109 2573 1204 2632 σὴς
1237 2579 1287 2620 et
1323 2573 1458 2620 istam
1496 2574 1626 2636 quod

565 2642 721 2699 potes,
741 2637 818 2683 fac
837 2635 1078 2684 consolere
1125 2636 1223 2685 Ad.
1246 2637 1316 2700 iii,
1337 2644 1382 2686 5.
1409 2643 1453 2686 1.
1471 2642 1503 2686 2
1550 2637 1625 2684 Τιι

564 2700 660 2758 fac,
680 2707 736 2748 ut
758 2700 877 2756 dixi,
898 2701 941 2748 si
961 2703 1085 2764 sapis
1115 2700 1212 2750 Ad.
1234 2701 1302 2757 iv,
1324 2708 1374 2750 5.
1396 2706 1460 2751 72
1489 2701 1629 2750 Hila-

557 2779 668 2811 rum
689 2780 746 2812 ac
770 2764 1010 2813 lubentem
1029 2765 1108 2814 sac
1127 2773 1175 2813 te
1196 2765 1246 2812 in
1281 2766 1411 2828 gnati
1445 2766 1629 2829 nuptiis

566 2827 667 2876 Ad.
703 2827 769 2887 iv,
791 2833 838 2878 7.
863 2835 925 2878 38
976 2829 1072 2878 Fac
1092 2845 1234 2894 quam
1258 2831 1508 2892 plurimum
1536 2831 1629 2877 illis

566 2893 805 2957 relinquas
834 2893 931 2941 Ad.
953 2911 999 2950 v,
1023 2899 1072 2946 3.
1094 2899 1158 2944 27
1213 2894 1372 2943 Hodie
1393 2895 1535 2942 modo
1555 2894 1630 2942 hi-

566 2958 714 3006 larum
753 2958 829 3007 fac
872 2965 920 3006 te
975 2957 1072 3006 Ad.
1109 2975 1157 3016 v,
1181 2963 1229 3008 8.
1251 2964 1316 3008 56
1366 2958 1520 3008 Unam
1553 2959 1630 3007 fac

558 3023 760 3069 domum
794 3021 893 3069 Ad.
914 3039 961 3078 V,
985 3027 1036 3073 7.
1061 3027 1123 3072 11
1156 3022 1280 3071 Fac:
1317 3024 1508 3086 promisi
1539 3039 1631 3088 ego

565 3086 664 3134 illis
695 3087 794 3136 Ad.
815 3104 863 3144 v,
884 3091 934 3136 8.
961 3091 1021 3136 17
1070 3086 1182 3145 Fac,
1205 3089 1424 3150 promitte
1457 3086 1552 3138 Ad.
1581 3104 1630 3146 v,

569 3155 620 3200 8.
643 3154 729 3200 19-
762 3149 801 3198 F
802 3167 858 3199 ac
879 3152 1044 3199 eadem
1067 3160 1119 3198 ut
1139 3151 1204 3199 sis
1223 3167 1358 3214 porro
1390 3152 1485 3200 He.
1508 3169 1555 3206 v,
1581 3157 1629 3201 1.

571 3219 633 3263 37
683 3213 722 3262 F
723 3230 780 3262 ac
810 3221 863 3263 ιιι
892 3215 1021 3262 illam
1043 3217 1206 3276 ducat,
1226 3229 1314 3262 nos
1334 3230 1475 3277 quam
1499 3215 1632 3262 volu-

567 3293 674 3326 mus
707 3279 802 3328 Ph.
819 3279 886 3334 iv,
910 3282 958 3328 8.
981 3283 1048 3328 66
1093 3279 1187 3326 Fac
1219 3278 1300 3326 illa
1332 3287 1386 3326 ut
1423 3279 1635 3341 placetur

571 3341 708 3389 nobis
739 3342 830 3388 Ph.
853 3357 899 3398 v,
923 3346 972 3392 8.
998 3348 1023 3390 1
1061 3341 1156 3390 Fac
1177 3341 1436 3405 periculum
1468 3342 1560 3392 Ph.
1586 3361 1635 3405 v,

569 3410 620 3453 7.
640 3409 704 3454 40
757 3405 935 3452 Melius
977 3413 1079 3454 tute
1116 3407 1297 3469 reperi:
1329 3422 1405 3454 me
1443 3407 1631 3455 missum

571 3468 675 3516 face
711 3467 769 3520 A.
792 3470 859 3526 iv,
885 3475 929 3519 1.
949 3474 1012 3519 57
1047 3470 1158 3519 Huc
1179 3471 1282 3518 face
1303 3471 1364 3518 ad
1383 3487 1458 3520 me
1479 3479 1532 3518 ιιι
1555 3488 1633 3520 ve-

572 3533 693 3590 nias,
716 3533 756 3580 si
776 3534 891 3597 quid
913 3535 1084 3596 poteris
1118 3534 1181 3584 A.
1203 3535 1268 3596 iv,
1289 3539 1337 3584 2.
1353 3539 1418 3584 29
1451 3536 1635 3584 Orandi

566 3595 669 3658 jam
705 3598 846 3646 finem
885 3598 988 3647 sace
1021 3600 1083 3649 A.
1105 3615 1153 3656 v,
1177 3605 1222 3649 1.
1244 3604 1277 3648 2
1332 3600 1436 3648 Νοε
1469 3601 1635 3648 missos

573 3662 680 3709 face
711 3662 774 3710 A.
796 3678 841 3718 v,
866 3668 914 3712 1.
937 3668 999 3712 14
1030 3663 1188 3711 Missa
1201 3665 1330 3712 istaec
1349 3665 1452 3712 face
1484 3664 1576 3714 Eu.
1600 3666 1633 3721 i,

574 3730 623 3774 2.
648 3731 710 3775 10
764 3727 892 3774 Mihi
925 3727 992 3775 sic
1025 3736 1098 3776 est
1127 3743 1268 3776 usus:
1314 3728 1401 3776 tibi
1434 3738 1485 3774 ut
1514 3744 1635 3790 opus

574 3789 702 3838 sacto
723 3797 813 3853 est,
832 3791 936 3838 sace
989 3791 1111 3840 Hea.
1144 3793 1179 3848 i,
1205 3798 1250 3840 1.
1272 3797 1336 3841 28
1390 3792 1634 3849 Servesne,

575 3870 638 3903 an
659 3856 828 3918 perdas
848 3864 1018 3914 totum,
1039 3857 1281 3904 dividuum
1312 3856 1416 3904 face
1459 3856 1557 3903 Ad.
1583 3857 1634 3912 ii,

575 3923 624 3968 2.
647 3923 711 3969 33
744 3919 897 3968 Missa
917 3922 1018 3969 haec
1039 3921 1142 3969 face
1190 3919 1286 3967 Ad.
1323 3935 1370 3976 V,
1392 3924 1440 3967 7.
1463 3924 1494 3968 8
1548 3918 1637 3967 Iti-

575 3983 684 4031 dem
707 3990 760 4030 tu
787 3985 892 4033 face
925 3984 1014 4032 Ph.
1035 3985 1090 4040 ii,
1114 3989 1160 4034 3.
1183 3989 1245 4032 50
1285 3985 1526 4040 Quantum
1549 3999 1636 4046 po-

576 4054 666 4104 tes,
685 4063 760 4095 me
776 4047 1037 4112 certiorem,
1054 4047 1228 4112 inquit,
1249 4049 1352 4094 face
1384 4047 1476 4094 Ph.
1500 4048 1565 4109 iv,
1588 4052 1637 4100 8.

575 4113 656 4158 69·
676 4111 810 4174 Cape
824 4113 916 4160 hoc
934 4113 1190 4173 flabellum,
1204 4119 1254 4160 et
1265 4111 1504 4158 ventulum
1525 4112 1637 4160 huic

582 4173 652 4220 sic
686 4175 848 4232 facito,
886 4178 999 4224 dum
1034 4176 1238 4224 lavamus
1285 4175 1378 4226 Eu.
1407 4176 1476 4232 iii,
1499 4181 1549 4224 5.
1571 4181 1635 4226 47

580 4235 844 4285 Periculum
877 4256 935 4287 ex
967 4239 1072 4288 aliis
1101 4241 1262 4296 facito,
1295 4240 1381 4286 tibi
1417 4240 1543 4302 quod
1579 4257 1636 4288 ex

580 4315 668 4348 usu
690 4299 781 4348 siet
809 4301 933 4352 Hea.
951 4304 1002 4361 ii,
1029 4308 1123 4354 1.9
1154 4304 1316 4353 Facito
1332 4304 1444 4352 dum
1465 4305 1631 4353 eadem

1518 430 1765 481 :anax

1685 573 1787 629 haic
1828 579 2091 629 memineris
2136 579 2261 629 Hea.
2305 578 2377 637 iii,
2406 582 2456 629 2.
2483 582 2548 630 39
2594 578 2739 636 Quod

1684 646 1951 709 imperabit,
1972 645 2116 693 facito
2136 662 2149 692 ε
2172 644 2376 708 loquitor
2395 643 2598 707 paucula
2618 644 2741 692 Hea.

1685 710 1749 767 iv,
1772 716 1821 759 6.
1846 714 1911 759 24
1945 708 2055 757 Hoc
2072 708 2219 757 facito
2249 708 2345 758 Ad.
2367 708 2437 766 iii,
2462 712 2509 757 3.
2532 713 2595 757 63
2628 709 2744 763 Sed.

1687 774 1887 829 Demea,
1930 773 2021 821 hoc
2068 780 2119 819 tu
2162 772 2307 820 facito
2360 772 2457 820 Ad.
2489 773 2563 833 iii,
2594 776 2641 821 4.
2677 777 2741 821 55

1685 838 1881 895 Quoeso,
1903 838 2045 886 facito
2066 838 2168 884 haec
2190 844 2343 885 tecum
2364 837 2544 899 cogites
2576 836 2672 884 Ad.
2695 853 2742 893 v,

1686 908 1735 951 3.
1762 907 1824 952 22
1874 902 2027 950 Modo
2050 902 2210 958 facito,
2236 901 2431 949 otiliam
2453 914 2603 947 serves
2642 900 2740 952 Ad.

1685 984 1733 1023 v,
1755 971 1805 1017 8.
1828 970 1895 1015 59
1927 965 2051 1013 Puer
2071 973 2127 1012 ut
2148 974 2273 1013 satur
2293 966 2371 1026 sit,
2393 965 2535 1013 facito
2572 964 2666 1012 He.
2692 980 2739 1020 v,

1686 1036 1735 1081 2.
1757 1036 1787 1079 3
1844 1030 2021 1089 Facite,
2064 1030 2246 1091 fingite,
2288 1030 2511 1084 invenite,
2554 1029 2742 1085 efficite,

1721 1095 1768 1141 ui
1789 1095 1925 1143 detur
1945 1095 2031 1142 tibi
2064 1095 2128 1145 A.
2148 1094 2204 1151 ii,
2229 1100 2275 1144 1.
2300 1098 2361 1142 34
2402 1094 2544 1141 Domi
2564 1093 2745 1155 adsitis,

1705 1160 1825 1207 acite
1880 1159 1974 1207 Eu.
1997 1156 2067 1214 iii,
2090 1164 2137 1209 2.
2160 1162 2223 1208 53
2278 1158 2439 1207 Facite
2480 1159 2604 1220 aequi
2645 1157 2746 1205 sitis

1687 1222 1811 1271 Hea.
1834 1222 1961 1270 Prol.
1978 1227 2043 1273 28
2079 1222 2257 1283 Facite,
2276 1221 2603 1286 aeqnanimitas
2620 1220 2743 1270 Po&-

1688 1295 1749 1334 tae
1770 1289 1829 1335 ad
1854 1287 2149 1334 scribendum
2163 1292 2333 1349 augeat
2346 1288 2623 1334 industriam
2644 1284 2746 1334 Ad.

1689 1351 1817 1400 Prol.
1839 1355 1902 1401 24
1936 1350 2030 1407 Ita,
2052 1359 2105 1397 ut
2118 1351 2235 1413 dixi,
2248 1350 2470 1406 Sostrata,
2485 1351 2627 1398 facite
2648 1349 2747 1397 Ad.

1688 1416 1752 1472 iv,
1774 1422 1821 1465 5.
1845 1421 1875 1465 2
1928 1414 2191 1477 Effundite,
2225 1414 2385 1472 emite,
2422 1414 2581 1471 facite,
2616 1415 2746 1477 quod

1690 1482 1822 1528 vobis
1842 1481 1973 1529 lubet
2003 1479 2097 1527 Ad.
2118 1496 2166 1537 ν,
2186 1484 2236 1529 9.
2261 1483 2323 1529 34
2368 1478 2547 1537 Facite,
2567 1486 2620 1525 ιιι
2640 1490 2748 1526 vos—

1690 1554 1761 1593 tra
1802 1544 2053 1593 auctoritas
2094 1558 2210 1592 mete
2253 1544 2518 1592 auctoritati
2562 1542 2750 1598 fautrix,

1690 1611 1749 1657 ad
1747 1609 1988 1673 jutrixque
2008 1609 2071 1656 sit
2101 1609 2194 1655 He.
2214 1607 2313 1654 Alt.
2334 1607 2463 1655 Ptol.
2485 1608 2551 1657 39
2604 1607 2748 1663 Quod

1692 1690 1800 1723 cum
1822 1675 2001 1733 dixero,
2020 1674 2060 1720 si
2080 1673 2327 1735 placuerit,
2346 1672 2541 1719 facitote
2584 1672 2676 1721 Eu.
2702 1687 2751 1727 v,

1693 1743 1742 1788 9.
1762 1743 1825 1787 38
1860 1738 1939 1786 Ne
1960 1752 2101 1802 quam
2122 1737 2293 1785 faciam
2315 1737 2363 1783 in
2378 1735 2555 1799 nuptiis
2568 1736 2750 1783 fallaci·-

1690 1818 1767 1851 am
1799 1802 1862 1849 A.
1881 1803 1919 1859 i,
1943 1807 1991 1851 3.
2011 1806 2042 1851 7
2076 1802 2182 1850 Nec
2214 1801 2329 1864 quid
2367 1816 2441 1847 me
2474 1816 2601 1847 nunc
2634 1799 2750 1848 faci-

1692 1882 1789 1925 am,
1811 1867 1908 1915 scio
1940 1866 2004 1914 A.
2027 1866 2097 1926 iii,
2118 1874 2163 1915 5.
2187 1870 2218 1914 8
2263 1864 2373 1913 Una
2394 1865 2753 1927 harum-quavis

1694 1946 1835 1979 causa
1856 1947 1947 1987 me,
1971 1937 2024 1979 ut
2044 1930 2233 1989 faciam,
2273 1937 2433 1976 monet
2481 1928 2545 1977 A.
2578 1946 2624 1985 v,
2647 1932 2695 1977 4.
2720 1933 2747 1977 1

1694 1992 1765 2043 Ut
1783 1994 1955 2045 Thaidi
1978 2011 2051 2042 rue
2068 1994 2256 2049 dedam,
2276 2001 2327 2041 et
2338 1994 2508 2041 faciam
2526 1994 2655 2056 quod
2672 1992 2753 2056 ju-

1696 2060 1805 2107 beat
1837 2060 1929 2111 Eu.
1952 2077 2001 2119 v,
2020 2064 2068 2108 8.
2090 2064 2122 2108 2
2167 2058 2298 2115 Quid
2318 2058 2389 2104 vis
2409 2057 2610 2105 faciam?
2658 2057 2753 2107 Eu.

1699 2140 1747 2182 v,
1768 2129 1819 2174 9.
1841 2128 1904 2173 24
1960 2123 2163 2172 Rectum
2200 2122 2307 2171 est?
2344 2137 2433 2185 ego
2471 2130 2524 2169 ιιι
2552 2122 2721 2170 faciam
2747 2138 2759 2169 ι

1702 2204 1800 2236 nou
1824 2189 1933 2237 est?
1956 2197 2005 2236 te
2024 2196 2080 2235 ut
2099 2189 2354 2235 deterream
2401 2186 2525 2236 Hea.
2562 2185 2607 2243 i,‚
2622 2191 2669 2235 1.
2693 2189 2757 2235 27

1696 2253 1887 2300 Sumtus
1908 2254 2037 2301 domi
2072 2260 2227 2299 tantos
2258 2267 2347 2314 ego
2387 2250 2513 2298 solus
2550 2250 2755 2297 faciam?

1697 2316 1822 2363 Hea.
1856 2317 1891 2374 i,
1917 2323 1963 2365 1.
1986 2321 2050 2366 79
2096 2316 2232 2364 Malo
2253 2315 2445 2380 quidem
2464 2330 2539 2363 me
2560 2315 2757 2378 dignum

1698 2381 1864 2443 quovis
1885 2382 2127 2443 deputem,
2149 2381 2188 2427 si
2210 2381 2259 2427 id
2281 2379 2451 2427 faciam
2490 2379 2615 2428 Hea.
2650 2380 2689 2436 i,
2712 2383 2759 2429 1.

1697 2448 1762 2494 84
1796 2444 2111 2501 Quamobrem
2127 2444 2385 2504 id'faciam‚
2406 2458 2513 2492 vera
2530 2459 2671 2493 causa
2688 2450 2760 2492 es‘

1698 2509 1823 2557 Hea.
1844 2510 1898 2570 ii,
1920 2513 1968 2558 3.
1989 2514 2052 2558 95
2103 2508 2258 2566 Cedo,
2297 2509 2411 2572 quid
2440 2508 2547 2556 vis?
2590 2509 2762 2556 faciam

1698 2573 1823 2622 Hea.
1845 2574 1911 2629 iv,
1932 2578 1980 2622 8.
2002 2579 2031 2623 5
2082 2572 2225 2620 ΙΙΙιιιιι
2257 2575 2349 2621 hoc
2370 2573 2573 2635 rogitato
2604 2573 2761 2630 simul,

1736 2639 2003 2685 uamobrem
2037 2637 2089 2684 id
2131 2638 2299 2686 faciam
2352 2637 2474 2684 Hea.
2517 2653 2567 2695 v,
2607 2643 2657 2685 1.
2695 2642 2759 2686 71

1700 2653 2018 2758 Quamobrem
2039 2703 2133 2750 hoe
2148 2702 2337 2758 faciam,
2356 2702 2538 2748 nescias
2569 2701 2693 2749 Hea.
2714 2717 2762 2758 v,

1702 2771 1751 2816 8.
1774 2771 1807 2816 6
1838 2766 1915 2814 Ne
1950 2766 2070 2813 sorte
2106 2766 2377 2829 imprudens
2407 2765 2594 2821 faciam,
2630 2766 2760 2827 quod

1702 2831 1825 2878 nolit
1877 2830 1975 2878 Ad.
2015 2831 2080 2888 iv,
2102 2836 2151 2879 5.
2172 2834 2235 2880 77
2288 2829 2395 2877 Tibi
2437 2829 2603 2877 lubens
2642 2829 2763 2876 bene

1703 2895 1845 2943 faxim
1866 2895 1963 2945 Ad.
1986 2911 2031 2951 V,
2047 2901 2093 2945 5.
2108 2901 2157 2944 6.
2182 2911 2226 2950 v,
2248 2900 2297 2945 6.
2319 2899 2350 2942 8
2374 2893 2451 2942 Ne
2464 2894 2581 2958 quid
2596 2893 2765 2942 faciam

1706 2959 1829 3023 plus,
1850 2961 1979 3023 quod
2001 2969 2109 3022 post
2129 2975 2203 3006 me
2242 2959 2396 3006 minus
2426 2958 2593 3007 fecisse
2620 2957 2765 3006 satius

1696 3024 1768 3072 ‘sit
1806 3025 1900 3072 He.
1923 3040 1970 3080 v,
1997 3029 2041 3072 1.
2065 3029 2096 3073 4
2153 3023 2263 3079 Quo
2304 3022 2451 3085 magis
2492 3038 2656 3070 omnes
2693 3037 2766 3070 rea

1706 3090 1905 3143 cautius,
1928 3104 1989 3135 ne
2010 3095 2183 3134 temere
2194 3086 2381 3142 faciam,
2398 3101 2567 3133 accuro
2600 3086 2695 3136 He.
2718 3102 2767 3148 v,

1708 3157 1755 3202 1.
1783 3158 1843 3202 11
1899 3152 2031 3207 Quin
2072 3157 2144 3210 tu,
2186 3151 2315 3212 quod
2358 3149 2545 3207 faciam,
2588 3151 2769 3212 impera

1709 3217 1801 3266 Ph.
1837 3217 1871 3272 i,
1894 3223 1943 3264 4.
1964 3220 2029 3264 46
2074 3213 2205 3261 Nihil
2230 3221 2319 3268 est,
2341 3228 2475 3275 aeque
2499 3214 2627 3275 quod
2648 3213 2768 3260 faci-

1708 3296 1783 3328 am
1826 3281 1991 3327 lubens
2034 3278 2123 3326 Ph.
2152 3278 2229 3338 iii,
2252 3281 2299 3325 3.
2323 3281 2385 3326 33
2447 3278 2577 3333 Quid
2623 3278 2769 3325 facias

1706 3345 1799 3401 illi,
1820 3346 1902 3408 qui
1922 3343 2107 3408 dederit
2124 3344 2346 3390 damnum
2368 3349 2453 3389 aut
2474 3342 2645 3389 malum
2665 3343 2682 3388 ?
2701 3341 2770 3389 A.

1705 3409 1744 3465 i,
1769 3415 1813 3459 1.
1838 3413 1935 3458 116
1976 3407 2069 3455 Sed
2088 3407 2197 3455 dico
2220 3407 2324 3462 tibi,
2346 3423 2408 3454 ne
2430 3414 2603 3454 temere
2622 3406 2770 3454 facias

1708 3472 1771 3520 A.
1808 3473 1846 3530 i,
1868 3477 1917 3521 2.
1938 3476 2001 3521 34
2048 3470 2249 3518 Paulum
2270 3470 2489 3519 interesse
2509 3487 2690 3531 censes,
2710 3486 2769 3518 ex

1708 3537 1867 3584 animo
1890 3538 2049 3584 omnia
2068 3535 2229 3590 facias,
2252 3551 2311 3582 an
2334 3537 2395 3583 de
2408 3535 2673 3582 industria?
2706 3535 2768 3582 A.

1708 3601 1773 3658 iv,
1795 3607 1842 3651 4.
1865 3606 1931 3649 56
1976 3600 2112 3648 Tune
2135 3602 2327 3662 impune
2350 3601 2449 3648 haec
2476 3599 2659 3647 facias?
2705 3599 2768 3646 A.

1708 3681 1755 3720 v,
1778 3668 1827 3713 4.
1852 3670 1880 3713 7
1917 3664 2046 3719 Quid
2070 3665 2191 3711 istuc
2210 3665 2225 3710 ?
2249 3665 2290 3711 si
2311 3671 2489 3711 certum
2510 3672 2583 3710 est
2596 3663 2771 3720 facere,

1706 3729 1853 3776 facias
1888 3727 1979 3777 Ειι.
2002 3728 2053 3782 ii,
2075 3733 2125 3776 8.
2144 3732 2209 3776 96
2261 3729 2463 3775 Miseret
2483 3729 2554 3775 tui
2578 3745 2669 3789 me,
2688 3727 2772 3790 qui

1708 3793 1835 3840 hunc
1865 3800 2049 3838 tantum
2084 3791 2316 3838 hominem
2350 3793 2499 3840 facias
2532 3792 2769 3839 inimicum

1710 3857 1798 3903 tibi
1849 3855 1940 3903 Eu.
1977 3856 2042 3910 iv,
2068 3861 2115 3904 7.
2152 3858 2215 3903 32
2269 3856 2439 3910 Milon.
2483 3873 2609 3903 nunc
2650 3856 2771 3901 adeo

1708 3921 1847 3968 edico
1871 3919 1975 3975 tibi,
1996 3936 2057 3966 ne
2084 3919 2175 3966 vim
2198 3919 2344 3967 facias
2378 3920 2520 3968 ullam
2559 3922 2608 3966 in
2640 3918 2769 3965 illam

1711 3980 1803 4034 Ειι.
1841 3985 1905 4039 iv,
1926 3989 1975 4032 7.
1996 3989 2058 4032 37
2114 3984 2243 4039 Quid
2267 3985 2430 4039 facias,
2451 3983 2621 4045 rogas?
2677 3981 2770 4030 Eu.

1710 4053 1883 4161 {30:202
1891 4047 2354 4160 ιιθρίῗιὶἑίιιξῃῒπῗεῗιῗ
2368 4047 2546 4158 {agga-
2569 4047 2771 4158 ἰὲὶιῗὲιῖιξ

2513 4146 2528 4171 9

1710 4177 1835 4226 Hea.
1874 4176 1945 4232 iii,
1969 4182 2017 4227 1.
2038 4181 2102 4226 84
2147 4176 2269 4224 Rem
2290 4175 2437 4222 facias
2459 4175 2613 4237 palam
2647 4173 2769 4222 Hea.

1706 4242 1774 4297 iv,
1798 4247 1845 4292 3.
1869 4244 1933 4290 43
1984 4239 2131 4292 Nulla
2164 4247 2236 4287 est
2254 4246 2349 4285 tam
2371 4239 2523 4287 facilis
2542 4255 2632 4296 res,
2652 4238 2769 4302 quin

1710 4305 1913 4354 difficilis
1946 4305 2049 4361 siet,
2082 4319 2220 4368 quam
2248 4303 2425 4354 invitus
2456 4303 2603 4354 facias
2648 4303 2773 4353 Hea.
