3192 4975
595 440 778 510 clviii

605 638 614 643 -
659 604 935 673 Impudens.
1033 605 1339 671 Sycophanta
1396 607 1649 671 impudens

594 672 718 737 Hea-
757 674 884 722 Ptol.
907 676 970 721 88
1026 670 1210 719 Adeon’
1245 680 1292 721 te
1325 688 1425 721 esse
1469 674 1655 739 incogi··

593 746 791 798 tantem,
809 744 950 802 atque
971 736 1327 801 impudentem?
1376 738 1467 786 Ph.
1507 738 1575 794 iii,
1597 745 1646 787 2.

595 806 659 852 14
706 803 810 850 Ebc
845 810 892 848 tu
930 800 1195 863 impudens,
1214 816 1312 848 non
1333 802 1443 850 satis
1467 803 1610 851 habes
1630 806 1649 850 ἓ

591 866 658 914 A.
685 866 751 922 iv,
773 870 822 915 2.
844 868 907 915 27
955 865 1087 922 Quid
1121 866 1237 929 agis.
1271 866 1480 929 inquam,
1508 869 1647 916 bomo

591 930 876 994 impudens?
910 930 1003 977 Eu.
1032 930 1101 986 iii,
1126 935 1173 979 1.
1196 934 1258 979 86
1306 930 1438 979 Eho!
1480 932 1650 995 paulu-

591 994 708 1050 lum,
730 994 1018 1058 impudens?
1051 994 1143 1041 Eu.
1177 1008 1226 1055 ν,
1246 999 1296 1044 2.
1321 1000 1380 1045 17
1415 994 1461 1042 0
1500 996 1649 1043 homi·

591 1058 666 1106 nis
687 1059 1006 1122 impudentem
1029 1059 1304 1107 audaciam!
1350 1059 1474 1107 Hes.
1513 1060 1565 1118 ii,
1597 1064 1648 1109 8.

591 1126 658 1173 72
691 1122 848 1171 Vide!
887 1124 926 1171 si
961 1139 1077 1183 nou,
1117 1139 1222 1171 cum
1247 1125 1466 1186 aspicias,
1489 1141 1541 1172 os
1562 1124 1649 1172 im-

591 1188 778 1251 pudens
798 1186 982 1236 videtur
1003 1188 1106 1236 'Eua
1143 1204 1189 1244 v,
1216 1192 1260 1237 1.
1282 1188 1504 1239 22›'l'um
1527 1190 1648 1240 istuc

591 1266 647 1299 os
668 1258 800 1300 tuum
820 1252 1072 1315 impudens
1092 1252 1250 1301 videre
1269 1252 1464 1300 nimium
1481 1254 1649 1302 vellem

593 1316 687 1368 Eu.
722 1316 793 1379 iii,
815 1322 864 1367 6.
886 1320 952 1366 49
1001 1315 1078 1364 Ibi
1099 1324 1200 1364 tum
1220 1332 1379 1365 eorum
1399 1318 1649 1382 impuden-

590 1380 767 1429 tissima
789 1382 936 1429 oratio
959 1388 1044 1439 est¹
1063 1380 1127 1428 A.
1149 1382 1215 1438 iv,
1242 1386 1286 1430 l.
1313 1387 1374 1432 10

659 1442 981 1509 Impudenter.
1045 1446 1222 1494 Mirum
1246 1462 1374 1502 vero,
1395 1446 1648 1509 impuden-

594 1516 665 1558 ter
685 1510 850 1559 mulier
868 1510 910 1558 si
929 1509 1045 1559 fucit
1064 1510 1276 1559 meretrix
1297 1512 1315 1559 ἓ
1348 1510 1410 1559 A.
1433 1512 1498 1566 iv,
1519 1516 1567 1561 4.
1583 1508 1651 1563 16

657 1573 979 1638 Impudentia.
1042 1574 1118 1622 Tu
1149 1574 1250 1623 sola
1293 1591 1497 1633 exorere,
1539 1592 1648 1641 quae

591 1638 831 1701 perturbes
851 1640 970 1697 boec,
1005 1647 1089 1688 tua
1117 1638 1410 1707 impudentia
1462 1642 1557 1689 He.
1592 1642 1647 1699 ii,

658 1766 906 1831 Impulsor.
969 1768 1088 1816 Tum
1121 1767 1290 1833 Syrum
1323 1768 1645 1832 impulsorem,

589 1831 699 1888 vah,
721 1832 892 1892 quibus
913 1833 1042 1881 illum
1060 1832 1310 1881 lacerarem
1328 1834 1509 1881 modis!
1545 1834 1645 1883 Ad.

589 1894 661 1951 iii,
678 1900 728 1947 2.
754 1900 813 1945 17
862 1897 950 1945 Me
983 1897 1234 1960 impulsore
1268 1899 1368 1945 haec
1401 1914 1496 1945 non
1531 1900 1647 1949 facit

590 1958 685 2007 Eu.
707 1976 754 2017 v,
773 1964 824 2009 6.
848 1966 910 2011 18
949 1962 1036 2009 Me
1057 1962 1309 2024 impulsore
1327 1964 1450 2011 hanc
1471 1972 1644 2011 emtam

589 2038 692 2073 esse
713 2026 781 2073 ait
810 2024 908 2075 Ad.
930 2024 996 2083 iv,
1018 2031 1068 2075 2.
1089 2030 1146 2075 21

654 2088 908 2153 Impulsus.
941 2092 1099 2140 Subst.
1149 2090 1242 2139 Ubi
1277 2091 1450 2140 duxere
1468 2092 1645 2155 impul·

589 2168 646 2201 su
677 2161 849 2212 vostro,
885 2164 1039 2203 vostro
1083 2154 1286 2219 impulsu
1318 2158 1505 2205 easdem
1542 2157 1643 2205 exi-

589 2226 711 2279 gunt
741 2218 835 2267 He.
868 2219 920 2279 ii,
942 2224 989 2269 1.
1010 2224 1072 2270 46
1106 2219 1321 2283 Impulsu
1343 2221 1518 2268 duxisti
1539 2236 1643 2269 meo

591 2281 686 2330 He.
707 2282 776 2339 iv,
797 2287 846 2333 4.
869 2288 932 2333 66

655 2346 874 2409 Impune.
936 2346 1072 2394 Tune
1104 2347 1300 2410 impune
1330 2350 1432 2397 haec
1460 2349 1644 2398 facias?

589 2408 657 2458 A.
701 2427 746 2465 v,
771 2415 820 2459 4.
842 2415 873 2459 7
929 2410 1120 2458 Credin'
1153 2419 1200 2458 te
1233 2411 1424 2475 impune
1456 2414 1645 2461 habitu·

588 2474 724 2522 rum?
759 2474 852 2523 Eu.
873 2491 920 2532 v,
939 2479 990 2524 2.
1014 2478 1075 2524 13
1110 2474 1338 2533 Ulciscur,
1376 2484 1430 2524 ut
1463 2489 1528 2526 ue
1557 2477 1645 2525 im-

589 2554 718 2603 pune
757 2539 806 2586 in
839 2555 926 2587 nos
955 2539 1156 2587 illuseris
1203 2539 1294 2588 Eu.
1329 2557 1376 2598 V,
1398 2547 1449 2590 4.
1469 2547 1536 2592 20
1567 2543 1643 2590 Si-

588 2603 779 2668 quidem
801 2604 924 2652 istuc
941 2603 1132 2668 impune
1155 2605 1369 2653 habueris
1401 2605 1494 2654 Eu.
1529 2623 1575 2664 v,
1592 2612 1643 2656 7.

589 2672 656 2718 18
700 2667 809 2716 Hoc
841 2669 952 2718 licet
991 2669 1186 2732 impune
1215 2670 1368 2718 facere
1407 2672 1536 2728 huic,
1573 2671 1649 2719 illi

587 2747 686 2780 non
709 2733 820 2781 licet
849 2731 947 2782 Ad.
978 2750 1025 2789 v,
1047 2737 1096 2782 8.
1118 2736 1183 2782 88
1238 2733 1442 2797 Impune
1480 2744 1644 2800 optare

588 2797 712 2845 istuc
735 2798 846 2846 licet
878 2798 972 2846 He.
993 2798 1066 2856 iii,
1087 2805 1136 2847 5.
1161 2802 1222 2848 14
1258 2799 1509 2848 Crederem
1527 2801 1645 2848 mibi

585 2860 826 2924 impunius
849 2862 988 2911 licere
1021 2861 1145 2911 Hes.
1167 2863 1236 2920 iii,
1252 2868 1301 2913 2.
1320 2867 1387 2912 49

587 2970 592 2978 ,
652 2925 937 2990 Impuratus.
1002 2925 1269 2990 Impuratus
1290 2943 1366 2975 me
1385 2927 1468 2976 ille
1487 2935 1542 2975 ut
1557 2928 1645 2976 eti·⁴

587 3003 664 3036 am
687 2989 910 3039 irrideat?
963 2992 1056 3039 Ph.
1094 2992 1160 3048 iv,
1182 2995 1230 3040 3.
1251 2995 1316 3041 64
1365 2991 1484 3039 Tum
1521 2994 1645 3041 hunc

587 3051 871 3117 impuratum
905 3056 1161 3119 poterimus
1189 3064 1349 3104 nostro
1383 3057 1524 3105 modo
1572 3057 1643 3104 ul·

587 3117 702 3167 cisci
731 3120 836 3168 Ph.
861 3135 906 3177 v,
929 3126 978 3170 7.
997 3125 1066 3170 69

652 3183 888 3247 Impurus,
911 3201 955 3242 n,
975 3201 1074 3233 um.
1130 3184 1367 3234 Persuasit
1387 3185 1468 3233 ille
1487 3183 1554 3232 im
1590 3202 1644 3233 u·

587 3261 684 3309 rus,
707 3256 778 3296 sat
797 3249 897 3296 scio
929 3247 1028 3296 Ad.
1067 3247 1140 3309 iii,
1160 3252 1207 3298 8.
1228 3254 1262 3300 6
1310 3249 1524 3299 Conveni
1591 3265 1645 3297 o·

587 3310 668 3358 die
688 3312 923 3360 homiuem
946 3313 1072 3360 haud
1089 3313 1320 3376 impurum
1354 3313 1446 3362 Eu.
1468 3315 1520 3372 ii,
1541 3319 1589 3363 2.
1610 3316 1644 3362 4

588 3373 635 3421 Ο
658 3375 894 3424 hominem
917 3376 1144 3440 impurum
1166 3377 1177 3423 !
1199 3378 1312 3430 Λᾶ.
1331 3378 1386 3440 ii,
1402 3383 1448 3428 1.
1467 3383 1549 3428 29.
1573 3378 1644 3435 iii,

587 3441 636 3487 2.
657 3442 692 3487 0
736 3439 974 3504 Impurum
1000 3441 1124 3499 vide,
1147 3450 1373 3504 quantum
1394 3443 1522 3491 valet
1553 3443 1644 3490 Ph.

588 3517 638 3559 v,
658 3507 708 3553 7.
729 3507 793 3554 98
845 3505 1100 3554 Hominem
1119 3506 1258 3555 istum
1281 3506 1643 3571 impurissimum

587 3569 931 3680 gamprimum
973 3571 1253 3619 absolvitote
1295 3570 1394 3620 Ad.
1433 3571 1484 3626 ii,
1507 3577 1555 3622 4.
1579 3576 1644 3622 17

682 3631 912 3683 serviebat
933 3634 1092 3685 lenoni
1113 3635 1428 3701 impurissimo
1471 3636 1564 3684 Ph.
1606 3637 1645 3696 i,

585 3698 637 3744 2.
659 3702 724 3748 88
779 3699 966 3762 Pergin'
997 3701 1110 3748 hero
1141 3700 1324 3749 absenti
1357 3700 1510 3748 malel
1575 3700 1645 3758 ui,

581 3761 932 3825 impurissime?
953 3765 1047 3812 Ph.
1064 3765 1118 3826 ii,
1140 3768 1190 3815 8.
1211 3769 1274 3815 26
1315 3764 1430 3812 Erat
1446 3765 1523 3814 hic
1589 3781 1643 3812 0-

588 3825 757 3875 rintbia
775 3843 907 3884 anus,
928 3831 1055 3878 haud
1069 3830 1251 3892 impura
1276 3829 1402 3878 Hea-
1419 3829 1487 3885 iv,
1513 3833 1558 3878 1.
1577 3834 1643 3879 16

651 3891 727 3942 In.
760 3892 820 3941 In
842 3910 900 3942 eo
922 3895 1170 3958 disputant
1197 3892 1262 3941 A.
1278 3892 1406 3942 Prol.
1429 3898 1491 3943 16
1525 3893 1643 3942 Fere

586 3953 638 4002 in
655 3956 822 4006 diebus
839 3959 1002 4022 paucis
1021 3957 1215 4023 Chrysis
1231 3958 1424 4005 moritur
1456 3956 1519 4008 A.
1541 3958 1580 4016 i,
1593 3964 1641 4008 1.

585 4022 651 4068 77
684 4019 826 4072 Hanc
847 4023 959 4070 mihi
980 4023 1030 4070 in
1051 4037 1240 4071 manum
1259 4022 1346 4070 dat
1375 4019 1439 4070 A.
1460 4021 1494 4076 i,
1512 4028 1561 4070 6.
1575 4027 1641 4073 62

585 4081 792 4147 Sequere
825 4103 902 4135 me
919 4087 1062 4149 intro,
1092 4103 1154 4136 ne
1175 4087 1225 4134 in
1247 4101 1377 4134 mora
1395 4085 1464 4133 illi
1485 4086 1546 4134 sis
1577 4087 1643 4135 A.

587 4145 658 4203 ffi-
681 4153 727 4198 1.
749 4155 783 4199 9
831 4151 934 4214 Ego
955 4152 1006 4200 in
1035 4159 1175 4216 portu
1209 4150 1381 4213 navigo
1413 4149 1476 4198 A.
1497 4149 1568 4206 iii,
1592 4157 1641 4203 1.

587 4213 654 4258 22
703 4213 762 4262 Id
800 4230 882 4264 oro
903 4224 968 4272 te.
992 4216 1042 4264 in
1076 4230 1322 4266 commuue
1341 4221 1396 4263 ut
1426 4216 1643 4264 consulas

586 4275 653 4325 A.
673 4278 743 4337 iii,
764 4284 816 4329 8.
836 4286 900 4331 16
935 4283 996 4331 In
1017 4282 1188 4346 quibus
1209 4280 1278 4329 sic
1297 4277 1540 4328 illudatis?
1573 4279 1642 4330 A.

587 4340 654 4400 iv,
675 4346 725 4393 4.
747 4349 811 4395 19
859 4347 1026 4399 Omnis
1047 4347 1122 4396 res⁴
1139 4344 1329 4408 estjam
1350 4344 1402 4394 in
1421 4344 1544 4394 vado
1573 4345 1640 4393 A.

1578 455 1821 506 INDEX

1724 624 1772 665 v.
1794 610 1843 657 2.
1864 612 1895 658 4
1944 606 2003 657 In
2036 616 2245 671 tempore
2276 596 2381 671 ipso
2426 605 2541 654 mihi
2561 602 2779 657 'advenis

1724 673 1789 721 A.
1811 690 1860 730 v,-
1880 678 1929 723 6.
1955 677 2017 721 10
2065 670 2123 720 In
2144 673 2237 721 hoc
2257 672 2472 728 biduum,
2493 672 2656 729 Tiaris,-
2674 674 2785 720 vare

1724 736 1815 787 Eu.
1857 737 1892 793 i.
1915 742 1962 787 2.
1998 742 2091 787 110
2146 738 2259 785 Sese
2294 739 2387 785 huc
2424 737 2687 785 advorterat
2727 738 2781 784 in·

1724 809 1925 851 nostram
1945 802 2147 864 plateam
2168 802 2259 850 Eu.
2276 802 2327 856 ii,
2344 806 2392 851 8.
2414 806 2478 849 62
2511 801 2773 849 Audieras?

1725 866 1823 915 Gn.
1848 867 2018 930 Soepe3
2049 874 2099 915 et
2126 866 2271 915 fertur
2300 866 2353 913 in
2388 864 2545 928 primis
2579 865 2668 914 Eu.
2705 865 2778 927 iii,

1727 935 1773 979 1.
1794 934 1859 979 89
1892 930 2102 987 Coimus,
2126 931 2175 978 in
2196 932 2325 979 hunc
2344 931 2467 977 diem
2491 936 2545 976 ut
2564 930 2625 977 de
2644 946 2777 993 sym-

1724 994 1845 1042 bolis
1864 1010 2069 1045 essemus
2102 994 2196 1044 Eu.
2216 995 2285 1052 iii,
2306 999 2353 1044 4.
2372 1000 2405 1044 2
2453 994 2522 1041 Ut
2542 1009 2603 1041 un
2638 996 2775 1041 uibus

1726 1060 1793 1107 illi
1818 1059 1867 1107 in
1889 1060 2051 1109 oculos
2071 1060 2276 1108 involem
2310 1057 2551 1107 venefico!
2630 1075 2675 1108 u.
2707 1059 2775 1118 iv,

1726 1128 1773 1173 8.
1794 1127 1827 1173 6
1866 1124 1917 1185 Si
1936 1124 2031 1172 vim
2051 1124 2211 1187 faciet,
2233 1124 2281 1171 in
2297 1123 2379 1187 jus
2400 1122 2563 1170 ducito
2594 1123 2683 1171 Eu.
2708 1123 2775 1184 iv,

1723 1194 1773 1237 6.
1797 1192 1862 1238 80
1916 1188 1985 1237 Ut
2004 1188 2337 1238 contumeliam
2358 1196 2452 1235 tam
2470 1187 2701 1250 insignem
2722 1188 2777 1233 irr

1725 1268 1799 1301 me
1820 1252 2047 1317 accipiam
2068 1254 2085 1300 ?
2120 1252 2211 1300 Eu.
2230 1253 2296 1313 iv,
2317 1256 2365 1301 7.
2389 1257 2417 1301 1
2456 1251 2547 1299 Ubi
2572 1252 2684 1308 vidi,
2702 1262 2777 1299 me

1723 1317 1772 1363 in
1797 1318 1959 1381 pedes,
1986 1325 2211 1381 quantum
2244 1331 2384 1379 queo,
2405 1315 2454 1363 in
2478 1315 2774 1379 angiportum

1723 1380 1815 1432 Eu.
1850 1396 1898 1437 ν,
1920 1386 1969 1431 2.
1990 1388 2040 1431 6.
2061 1385 2094 1431 6
2127 1382 2185 1429 In
2208 1382 2333 1428 diem
2362 1381 2504 1440 istuc,
2527 1380 2776 1441 Parmcno',

1723 1453 1797 1493 est
1815 1445 2008 1495 fortusse
2040 1446 2133 1493 Eu.
2154 1462 2200 1509 v,
2221 1449 2267 1493 7.
2292 1450 2354 1493 19
2396 1443 2517 1500 Qum
2541 1450 2614 1491 tot
2632 1460 2704 1497 res
2725 1443 2775 1491 in

1724 1525 1870 1558 unum
1915 1510 2147 1559 conclusit
2194 1509 2353 1557 diem?
2408 1507 2503 1556 Eu.
2541 1524 2590 1564 v,
2628 1514 2679 1557 9.
2713 1514 2775 1557 17

1724 1574 1905 1624 Perfice
1926 1577 2037 1636 hoc,
2070 1583 2125 1622 ut
2155 1576 2352 1622 haeream
2372 1572 2427 1620 in
2450 1580 2583 1635 parte
2619 1573 2779 1635 aliqua

1724 1640 1851 1703 apud
1872 1639 2097 1687 Thaidem
2120 1638 2211 1687 Eu.
2230 1656 2276 1695 v,
2293 1642 2343 1687 9.
2355 1641 2418 1686 26
2452 1636 2597 1693 Quod
2614 1652 2776 1701 agrum

1722 1702 1772 1750 in
1796 1704 2007 1767 proximo
2029 1703 2107 1751 hic
2128 1710 2357 1751 mercatus
2375 1717 2425 1750 es
2458 1701 2581 1751 Heu.
2616 1701 2652 1761 i,
2675 1706 2719 1749 Ι.
2742 1707 2777 1750 2

1722 1767 1781 1814 In
1804 1768 1968 1817 Asiam
1988 1769 2045 1816 ad
2068 1784 2223 1831 regem
2247 1766 2495 1814 militatum
2518 1765 2635 1814 abiit
2653 1765 2775 1813 Hea-

1722 1832 1757 1888 i,
1782 1837 1826 1881 1.
1848 1838 1911 1882 66
1961 1833 2199 1881 Servolum
2222 1833 2281 1879 ad
2304 1846 2407 1879 eam
2428 1830 2482 1878 in
2502 1831 2663 1878 urbem
2684 1830 2772 1879 mi-

1722 1896 1783 1943 sit
1813 1897 1937 1947 Hea.
1960 1897 1994 1952 i.
2017 1902 2067 1947 2.
2095 1902 2153 1947 17
2188 1896 2399 1944 Pessime
2418 1895 2538 1942 istoc
2559 1894 2611 1942 in
2634 1902 2681 1943 tc
2702 1893 2775 1941 at-

1721 1960 1883 2024 quein
1904 1961 2039 2009 illum
2062 1961 2267 2009 consulis
2300 1960 2421 2008 Hes.
2440 1959 2516 2020 iii,
2530 1963 2575 2007 l.
2592 1962 2657 2008 28
2689 1960 2773 2006 I·n-¹

1722 2026 1959 2075 tendenda
1990 2026 2040 2072 in
2062 2040 2219 2073 senem
2242 2032 2315 2073 est
2342 2024 2529 2072 fallacia
2556 2023 2680 2071 Hea.
2701 2022 2772 2079 iii,

1720 2094 1768 2138 2.
1790 2094 1822 2138 2
1873 2088 2034 2140 Amici
2054 2106 2243 2153 quoque
2264 2105 2335 2137 res
2355 2089 2407 2136 iu
2431 2096 2533 2136 tuto
2554 2096 2607 2135 ut
2626 2088 2773 2136 collo-

1717 2161 1852 2201 cetur
1880 2154 2006 2206 Hea.
2059 2156 2123 2213 iv,
2145 2160 2195 2205 8.
2218 2158 2300 2203 11.
2319 2157 2381 2202 17
2432 2152 2689 2201 consulere
2722 2152 2778 2199 in

1720 2218 2061 2282 longitudinem
2084 2220 2208 2269 Hea.
2225 2235 2272 2275 V,
2284 2222 2335 2269 2.
2355 2222 2417 2268 10
2438 2218 2621 2273 Victus,
2640 2218 2779 2265 vesti-

1717 2290 1811 2338 tus,
1834 2298 1929 2347 quo
1950 2284 2001 2331 in
2024 2291 2201 2332 tectum
2218 2292 2264 2331 te
2286 2289 2495 2345 receptes
2512 2282 2632 2330 Hea.
2654 2298 2699 2339 v,
2722 2286 2773 2331 2.

1722 2352 1782 2396 16
1832 2348 1951 2395 Eum
1972 2348 2051 2397 hic
2072 2349 2227 2397 locum
2248 2348 2414 2395 sumsit
2432 2346 2522 2393 sibi
2542 2346 2588 2393 in
2624 2346 2775 2394 Adel-⁸

1719 2412 1839 2473 phos
1870 2410 1968 2459 Ad.
1988 2412 2116 2461 Ptol.
2138 2418 2197 2462 11
2256 2411 2456 2459 Mallem
2488 2412 2667 2459 auferre
2686 2424 2781 2475 pou·

1720 2474 1812 2524 tius
1846 2476 1897 2524 in
1934 2478 2179 2540 presentia
2212 2476 2306 2525 Ad.
2327 2476 2381 2534 ii,
2400 2480 2450 2526 2.
2473 2480 2537 2526 14
2589 2476 2778 2533 Potius,

1717 2543 2127 2656 &2⁷32ssss
2144 2540 2543 2655 {essssuffiiofflia
2564 2539 2773 2653 iiiii-1³1⁹„

1720 2669 1890 2718 miser?
1923 2670 2022 2720 Ad.
2042 2671 2095 2730 ii,
2117 2676 2167 2722 2.
2189 2676 2251 2720 86
2304 2670 2402 2729 Ab,
2438 2685 2597 2719 vereor
2616 2685 2775 2718 coram

1719 2732 1769 2780 in
1792 2749 1844 2782 os
1865 2741 1913 2782 te
1934 2735 2124 2784 laudare
2143 2735 2346 2799 amplius
2375 2734 2471 2784 Ad.
2494 2735 2547 2792 ii,
2573 2740 2618 2786 4.
2639 2739 2669 2783 6
2704 2734 2777 2782 Ut

1719 2797 1831 2845 iram
1854 2800 1977 2848 hunc
1996 2800 2046 2847 in
2066 2817 2149 2850 eos
2170 2815 2382 2848 evomam
2411 2799 2512 2849 Ad.
2546 2799 2615 2854 iii,
2636 2804 2685 2848 2.
2712 2804 2771 2848 14

1720 2862 1890 2927 Capite
1907 2863 1957 2912 in
1975 2871 2140 2914 terram
2157 2872 2407 2912 statuerem
2438 2863 2538 2912 Ad.
2556 2863 2626 2920 iii,
2642 2867 2690 2912 2.
2708 2868 2771 2912 18

1718 2926 1875 2976 Credo
1896 2930 2153 2979 abductum
2174 2930 2223 2977 in
2246 2944 2446 2994 ganeum
2480 2927 2637 2990 aliquo
2671 2927 2775 2976 Ad.

1717 2991 1789 3045 iii.
1812 2997 1861 3042 8.
1885 2999 1915 3042 6
1950 2992 2103 3042 Dedit
2120 2995 2173 3043 iu
2194 3002 2395 3042 sumtum
2418 2993 2665 3042 dimidium
2688 2991 2773 3039 mi·

1718 3071 1799 3112 nte,
1827 3055 1925 3105 Ad.
1961 3058 2031 3114 iii,
2065 3063 2114 3108 8.
2148 3063 2213 3108 10
2260 3057 2518 3119 Credebas,
2559 3057 2685 3105 illam
2721 3056 2772 3104 in

1717 3120 1985 3170 cubiculum
2026 3122 2082 3169 iri
2116 3121 2368 3169 deductum
2406 3122 2597 3168 domum
2620 3121 2639 3167 ἓ
2673 3120 2772 3168 Ad.

1718 3185 1783 3241 iv,
1804 3190 1855 3233 6.
1875 3189 1940 3235 60
1972 3185 2159 3234 Interea
2172 3185 2224 3233 in
2261 3185 2485 3246 angulum
2504 3183 2665 3248 aliquo
2687 3186 2770 3232 ab·

1716 3263 1820 3296 eam
1860 3247 1958 3297 Ad.
2006 3265 2052 3312 v,
2084 3254 2135 3299 2.
2170 3253 2231 3298 10
2302 3248 2423 3305 Quae
2464 3249 2553 3296 tibi
2593 3251 2773 3312 putaris

1716 3313 2502 3428 ifissi’ssffiffissffissssuiii'
2532 3312 2773 3428 3⁶5⁹&

1717 3440 1827 3491 Huc
1864 3458 1965 3491 raro
2002 3444 2053 3491 iu
2089 3444 2249 3492 urbem
2285 3450 2517 3492 commeat
2548 3442 2644 3490 He.
2660 3443 2698 3498 i,
2719 3447 2771 3492 2.

1718 3510 1815 3556 100
1862 3507 1976 3557 Non
1999 3509 2143 3556 visam
2166 3523 2374 3563 uxorem,
2396 3507 2575 3557 cumin
2598 3521 2769 3569 proxu-

1716 3587 1795 3619 mo
1816 3571 1895 3622 hic
1916 3572 1977 3620 sit
1996 3574 2154 3636 asgra?
2186 3573 2280 3621 He.
2300 3573 2373 3628 iii,
2394 3576 2443 3621 2.
2462 3575 2495 3621 6
2527 3571 2607 3619 De
2629 3570 2767 3618 redu-

1716 3637 1870 3686 cenda
1906 3637 1957 3686 id
1994 3637 2157 3694 facias,
2187 3639 2315 3701 quod
2351 3636 2401 3684 iu
2438 3651 2535 3684 rem
2556 3635 2621 3684 sit
2640 3642 2769 3683 tuam

1715 3699 1812 3750 He.
1835 3701 1905 3758 iii,
1928 3706 1975 3752 8.
1998 3706 2060 3751 31
2098 3701 2171 3750 Eu
2192 3718 2265 3750 me
2286 3701 2566 3750 abstinuisse
2577 3701 2627 3747 in
2644 3700 2769 3764 prin-

1714 3764 1863 3877 {ipiss'
1884 3767 2147 3879 ssffludssff
2164 3775 2245 3880 332
2268 3766 2367 3878 ¹312
2386 3765 2609 3878 {staff
2622 3762 2769 3879 {sib}

2136 3866 2152 3892 9
2480 3865 2495 3880 ⁰
2655 3861 2670 3876 ⁶

1714 3892 1883 3941 Forma
1918 3894 1966 3942 in
2007 3895 2211 3944 tenebris
2236 3895 2373 3944 nosci
2405 3911 2503 3943 non
2534 3865 2667 3958 quiite
2696 3899 2773 3940 est

1715 3956 1809 4006 He.
1830 3957 1897 4015 iv,
1923 3964 1968 4010 1.
1988 3964 2052 4009 67
2085 3959 2367 4024 Opportune
2389 3967 2437 4009 te
2458 3959 2573 4008 mihi
2592 3960 2645 4006 in
2665 3957 2771 4021 ipso

1715 4030 1924 4087 tempore
1944 4025 2154 4072 ostendis
2184 4025 2280 4073 He.
2300 4025 2366 4087 iv,
2388 4029 2438 4074 4.
2459 4030 2493 4073 6
2540 4021 2653 4071 Non
2678 4037 2769 4084 po-

1715 4094 1809 4134 test
1841 4089 2081 4137 transdere
2116 4089 2354 4138 hominem
2386 4089 2439 4137 in
2482 4089 2630 4135 otium
2672 4084 2769 4134 Ph.

1721 4150 1846 4202 Ptol.
1868 4157 1905 4202 2
1944 4153 2003 4200 In
2024 4154 2181 4205 medio
2204 4153 2420 4202 omnibus
2444 4151 2643 4215 palmam
2666 4164 2769 4197 esse

1716 4217 1915 4280 positam
1948 4217 2040 4267 Ph.
2063 4218 2193 4269 Ptol.
2217 4223 2276 4268 17
2310 4215 2439 4264 Hinc
2459 4231 2536 4264 me
2555 4212 2769 4276 conjice·-

1714 4296 1811 4329 rem
1844 4277 2059 4346 protinus
2089 4283 2139 4329 in
2172 4281 2319 4345 pedes
2352 4280 2443 4329 Ph.
2466 4281 2500 4337 i,
2521 4286 2571 4332 4.
2596 4285 2657 4330 18
2701 4277 2768 4332 11¹

1714 4359 1791 4394 me
1812 4361 1997 4396 omnem
2020 4348 2133 4395 iram
2156 4347 2361 4396 derivem
2394 4345 2554 4395 senis?
2586 4345 2681 4396 Ph.
2714 4341 2769 4399 iia
