3192 4975
442 505 449 510 .
541 434 718 504 lxxx

540 613 643 648 non
662 595 761 646 dixi
782 595 871 644 hoc
893 609 995 644 esse
1014 593 1253 643 futurum?
1286 593 1350 644 A.
1368 593 1440 652 iii,
1457 599 1507 646 ⁵.
1527 598 1589 646 15

544 663 801 725 Postquam
820 675 896 708 me
918 674 1072 708 amare
1086 659 1203 716 dixi,
1226 659 1595 723 complacitam

542 728 630 776 tibi
652 726 717 776 A.
740 725 805 783 ἰν,
830 729 881 774 1.
900 729 963 774 21
982 723 1139 780 Nihil,
1154 723 1373 787 pol,faisi
1392 724 1509 780 dixi,
1524 725 1593 772 mi

542 807 685 840 senex
716 790 781 838 A.
804 788 869 847 iv,
886 793 937 840 4.
956 793 1022 838 49
1054 788 1165 845 Quo
1188 795 1327 851 pacto
1350 787 1595 836 Rhodium

543 853 775 917 tetigerim
795 853 843 899 ἰιι
866 852 1099 909 convivio,
1122 853 1337 916 nunquid
1358 853 1443 900 tibi
1462 850 1595 900 dixi?

540 919 635 966 Eu.
653 917 728 974 iii,
751 922 799 967 1.
818 921 876 966 31
938 915 1122 966 Ilicone
1158 918 1347 966 credere
1382 932 1457 972 ea,
1486 931 1595 980 quo

540 982 658 1041 dixi,
696 981 904 1043 oportuit
932 982 1013 1029 te?
1058 981 1149 1029 Eu.
1172 997 1218 1037 v,
1240 985 1289 1030 7.
1316 986 1373 1032 11
1430 979 1596 1030 Dixin'

540 1063 631 1110 ego
650 1046 701 1093 in
723 1047 815 1094 hoc
837 1046 989 1094 inesse
1014 1045 1145 1093 vobis
1165 1045 1374 1094 Atticam
1404 1045 1596 1108 elegan-

542 1110 689 1158 tiam?
724 1109 817 1158 Eu.
838 1127 886 1166 v,
906 1114 955 1160 9.
978 1113 1044 1158 63
1094 1109 1200 1157 Hac
1222 1111 1413 1172 quidem
1435 1122 1595 1164 causa,

540 1190 637 1238 qua
672 1175 770 1222 dixi
806 1173 893 1222 tihi
940 1173 1066 1222 Hea.
1102 1174 1138 1230 i,
1163 1179 1206 1224 l.
1229 1178 1291 1223 35
1325 1173 1438 1222 Ah!
1480 1173 1595 1236 quid

538 1239 638 1286 dixi
670 1239 841 1288 habere
874 1238 985 1286 me?
1018 1237 1164 1285 immo
1195 1238 1355 1294 habui,
1396 1237 1599 1287 Chreme

541 1302 664 1353 Hea.
688 1303 731 1357 .i,
752 1308 799 1353 1.
818 1306 885 1352 42
938 1301 1095 1351 Clinia
1138 1317 1269 1350 meus
1304 1301 1466 1351 venit!
1502 1301 1595 1352 Ch.

540 1365 656 1414 Dixi
688 1366 815 1416 Hea.
835 1365 910 1422 iii,
934 1370 981 1415 1.
1002 1371 1067 1416 23
1116 1365 1237 1414 Dixi
1257 1366 1497 1429 equidem,
1516 1367 1600 1415 ubi

542 1431 661 1479 mihi
682 1429 1101 1488 ostendisti,.ilico,
1122 1447 1231 1478 eum
1253 1445 1355 1478 esse
1389 1429 1513 1478 Hea.
1536 1431 1600 1488 iv,

544 1501 593 1544 1.
612 1500 643 1548 3
676 1495 770 1544 Sed
791 1495 933 1555 illud,
954 1495 1085 1558 quod
1109 1494 1197 1542 tibi
1217 1495 1317 1542 dixi
1332 1495 1392 1542 de
1406 1502 1600 1556 argento

541 1559 667 1609 Heu.
713 1559 776 1615 iv,
811 1565 860 1608 5.
892 1562 958 1607 43
1015 1557 1130 1606 Dixi
1178 1557 1404 1622 pleraque
1444 1559 1603 1608 omnia

540 1622 666 1672 Hea.
684 1623 749 1678 iv,
772 1628 821 1672 7.
842 1627 876 1674 2
910 1621 1097 1675 cliniae.
1118 1638 1225 1686 quae
1248 1623 1363 1680 dixi,
1387 1623 1600 1670 nuntiar-

542 1681 628 1736 tin¹
642 1687 661 1734 ἓ
700 1687 824 1738 Hea.
847 1703 897 1748 v,
918 1691 965 1736 1.
990 1691 1048 1735 11
1086 1686 1185 1735 Cur
1204 1703 1301 1734 non
1324 1687 1492 1736 arcessi
1520 1686 1600 1750 ju·

544 1753 629 1800 bea
662 1751 827 1809 filiam,
858 1758 909 1799 et
939 1752 1068 1813 quod
1099 1751 1225 1799 dotis
1257 1752 1375 1806 dixi,
1408 1751 1602 1799 firmas?

543 1815 669 1864 Heu.
692 1831 737 1872 v,
760 1821 810 1864 5.
835 1820 868 1864 4
902 1814 1065 1862 Dixin'
1088 1817 1179 1864 hoc
1202 1816 1301 1864 fore
1322 1816 1338 1862 ἓ
1373 1814 1473 1864 Ad.
1496 1815 1531 1872 i,
1552 1819 1607 1865 2.

544 1883 575 1928 3
608 1879 704 1937 Ita,
740 1887 797 1927 ut
831 1879 949 1941 dixi,
981 1880 1123 1927 facite
1156 1878 1254 1928 Ad.
1282 1880 1349 1934 iv,
1373 1885 1421 1928 5.
1448 1884 1470 1928 1
1528 1879 1602 1926 Tu

544 1945 638 1998 fac,
660 1950 717 1992 ut
737 1942 857 2005 dixi,
876 1943 916 1990 si
938 1944 1063 2006 sapis
1100 1943 1201 1990 Ad.
1231 1943 1298 2000 iv,
1322 1950 1369 1993 5.
1390 1947 1455 1992 72
1509 1943 1603 1991 Pa-

543 2015 644 2056 rata
666 2024 695 2056 a
716 2008 854 2056 uobis
876 2015 1001 2064 sunt,
1026 2014 1080 2055 ut
1100 2007 1217 2063 dixi,
1236 2008 1319 2054 ubi
1336 2007 1405 2054 vis
1436 2007 1531 2055 Ad.
1553 2023 1602 2064 v,

543 2077 595 2121 3.
619 2077 647 2122 1
704 2071 897 2122 Servare
914 2103 917 2106 -
934 2071 985 2120 in
1028 2087 1087 2120 eo
1130 2077 1309 2120 certum
1344 2079 1433 2126 est,
1471 2073 1603 2135 quod

544 2136 661 2191 dixi,
686 2136 827 2184 fidem
861 2135 955 2185 He.
977 2135 1045 2192 iii,
1068 2140 1116 2185 3.
1134 2140 1201 2186 42
1256 2135 1442 2196 Dixin',
1481 2137 1606 2184 hanc

542 2197 1604 2327 chffissssissuffieffiuffffluisseffli}

545 2329 646 2376 dixi
680 2329 775 2376 He.
799 2328 863 2383 iv,
887 2332 936 2376 3.
958 2333 991 2378 6
1023 2328 1229 2390 Tempus
1250 2327 1352 2375 dixi
1373 2343 1475 2375 esse
1510 2327 1608 2377 He.

544 2391 611 2453 iv,
645 2397 694 2442 4.
730 2396 793 2440 65
848 2392 957 2442 Jam
1000 2392 1182 2439 dudum
1225 2391 1344 2446 dixi,
1384 2391 1607 2454 idemque

545 2470 675 2505 nunc
700 2455 829 2512 dico,
851 2455 1010 2505 Lache
1042 2455 1140 2505 He.
1162 2455 1229 2511 iv,
1250 2458 1301 2504 4.
1327 2459 1421 2506 100
1466 2454 1606 2505 Νοιι·

545 2522 663 2569 dum
685 2520 829 2567 etiam
850 2520 946 2567 dixi
969 2518 1039 2575 id,
1062 2520 1193 2583 quod
1209 2520 1340 2567 volui
1370 2520 1467 2569 He.
1494 2538 1541 2577 v,
1558 2525 1609 2571 1.

550 2588 612 2633 18
668 2583 771 2647 Ego
808 2583 941 2633 illam
982 2582 1187 2646 ejiciam.
1231 2583 1347 2641 dixi,
1381 2584 1606 2635 Phormio

546 2648 639 2697 Ph.
678 2648 731 2705 iia,
771 2652 819 2699 3.
857 2654 923 2699 90
978 2646 1149 2697 Dicam
1204 2648 1293 2695 tihi
1348 2648 1604 2712 impingam

582 2714 791 2762 tandem.
827 2712 945 2768 dixi,
979 2712 1223 2775 Demipho
1274 2712 1363 2760 Ph.
1392 2712 1452 2773 ii,
1470 2717 1519 2761 3.
1540 2718 1606 2763 92

546 2730 607 2825 fd
631 2776 917 2840 impetrabis.
956 2778 1056 2825 dixi
1088 2778 1177 2826 Ph.
1208 2778 1263 2833 ii,
1284 2781 1334 2826 4.
1365 2781 1427 2826 12
1460 2776 1606 2834 Quod

544 2841 650 2889 dixi
670 2842 793 2890 adeo
816 2840 865 2889 ei
894 2842 985 2889 Ph.
1006 2842 1075 2903 iv,
1096 2847 1146 2891 3.
1168 2846 1235 2891 40
1282 2841 1412 2890 Istoc
1434 2841 1495 2890 de
1518 2858 1606 2889 no-

546 2906 1533 3031 Τέ“ἷι’.ἓὲ’.“ἒῗ.ῗῗ“ἔίῑὲ’,“ἲέιῖἰίἷς.ξ’Ἦηῖ
1555 2911 1605 3027 ἒξ

548 3034 598 3082 ⁷.
624 3037 689 3083 12
723 3034 803 3081 Ita
822 3036 901 3097 pol
925 3050 996 3083 res
1018 3042 1107 3095 est,
1129 3043 1181 3083 ut
1214 3034 1331 3083 dixti
1376 3033 1441 3085 A.
1462 3034 1533 3089 iii.
1557 3038 1606 3085 ι.

551 3102 579 3145 1
639 3098 736 3147 Cur
768 3114 867 3147 non
898 3098 1019 3147 dixti
1052 3100 1287 3161 extemplo
1316 3098 1606 3161 Pamphilo?

547 3160 611 3212 A.
632 3162 707 3219 iii,
726 3167 779 3213 2.
800 3168 867 3212 38
898 3162 1051 3211 Hem!
1123 3164 1203 3211 uid
1226 3163 1377 3210 dixti?
1434 3162 1497 3209 A.
1533 3163 1606 3219 iii,

546 3230 599 3276 4.
624 3230 689 3276 14
721 3226 801 3275 An
816 3242 913 3275 non
925 3226 1056 3273 dixi?
1140 3242 1184 3273 a.
1206 3226 1347 3274 Dixti
1378 3224 1443 3275 A.
1464 3225 1539 3282 iii,
1556 3233 1606 3277 5.

550 3295 611 3339 15
662 3290 787 3345 Eho,
808 3306 905 3337 non
925 3296 979 3335 tu
1002 3289 1123 3337 dixti
1145 3305 1247 3337 esse
1268 3289 1390 3339 inter
1410 3306 1491 3337 eos
1514 3290 1607 3338 ini-

548 3353 765 3409 micitias,
786 3353 1046 3401 carnufex?
1078 3353 1143 3403 A.
1168 3370 1217 3410 v,
1240 3358 1289 3403 2.
1316 3358 1372 3402 11
1410 3352 1606 3411 Nonne,

554 3416 639 3465 ubi
678 3416 794 3465 mihi
827 3416 963 3474 dixti,
996 3433 1169 3480 cupere
1201 3425 1247 3465 te
1279 3434 1338 3466 ex
1360 3417 1610 3482 AEthiopia

548 3479 839 3540 ancillulam,
878 3482 1104 3545 quaesivi?
1153 3498 1289 3545 porro
1324 3482 1606 3531 Eunuchum

548 3544 677 3593 dixti
692 3545 813 3595 velle
828 3552 876 3594 te
906 3545 998 3595 Eu.
1020 3547 1121 3602 i,.2.
1142 3552 1227 3597 85.
1250 3552 1313 3597 87
1349 3547 1484 3595 Dixti
1500 3548 1608 3611 pul-

548 3609 659 3659 chre
706 3610 798 3661 Eu.
829 3610 883 3665 ii,
907 3614 954 3658 3.
978 3614 1059 3659 84.
1093 3611 1184 3659 Ph.
1206 3612 1259 3669 ii,
1283 3617 1330 3661 1.
1352 3617 1417 3662 72
1472 3612 1611 3665 Bene

548 3673 670 3723 dixti
721 3674 815 3725 Eu.
850 3674 923 3731 iii,
948 3678 993 3725 1.
1016 3680 1077 3725 61
1136 3676 1269 3725 Istuc
1313 3678 1442 3741 quod
1484 3677 1609 3725 dixti

549 3740 691 3789 modo
726 3740 819 3789 Eu.
849 3740 921 3795 iii,
942 3744 992 3789 2.
1011 3743 1076 3790 44
1130 3739 1317 3789 Dixtin'
1362 3742 1449 3788 hoa
1492 3741 1608 3789 mihi

550 3802 651 3851 dies
678 3803 767 3851 soli
803 3804 913 3851 dare
950 3805 1035 3851 te?
1079 3804 1171 3853 Eu.
1191 3804 1259 3861 iv,
1280 3811 1329 3856 7.
1350 3810 1413 3855 23
1447 3804 1603 3853 Hem!

582 3866 665 3915 nid
688 3868 842 3919 dilti?
878 3868 970 3918 Eu·
991 3886 1038 3927 V,
1059 3873 1109 3919 7.
1136 3868 1359 3920 16··Hea.
1379 3869 1433 3926 ii,
1448 3872 1496 3919 3·
1513 3874 1608 3919 ιω

600 3946 663 3978 on
686 3938 737 3980 tu
754 3934 801 3981 ei
822 3932 1003 3989 dixisti,
1027 3940 1082 3979 ut
1100 3934 1287 3981 essem?
1320 3934 1443 3981 Hea-
1463 3932 1535 3988 iii,
1562 3938 1608 3983 1.

550 3998 615 4043 27
649 3996 781 4053 Quid
805 3998 869 4045 rei
892 4004 1033 4053 esset,
1051 3996 1169 4045 dixti
1188 3996 1337 4046 huic?
1392 3996 1517 4046 Hea.
1542 3998 1608 4056 iv,

550 4058 599 4105 ².
621 4062 656 4107 2
686 4060 819 4117 Quid
838 4062 975 4118 dixti,
996 4061 1195 4110 Chreme
1220 4063 1237 4109 ?
1292 4061 1417 4111 Hea.
1455 4060 1523 4121 iv,
1558 4067 1610 4111 8.

554 4123 617 4168 10
647 4122 764 4173 Tam
786 4125 851 4174 fla
884 4126 1022 4174 ‘tium
1040 4134 1130 4183 eet,
1162 4142 1257 4173 non
1280 4126 1433 4175 facere
1458 4126 1608 4185 vobis,

551 4200 658 4246 quae
680 4190 821 4237 modo
842 4142 961 4238 ‹iixti
1009 4188 1107 4240 Ad.
1128 4191 1204 4253 iii,
1224 4194 1272 4239 3.
1292 4194 1358 4239 69
1409 4190 1609 4250 Eadem,

552 4262 661 4311 quae
680 4251 797 4299 mihi
820 4252 956 4309 dixti,
984 4261 1086 4303 tute
1119 4254 1249 4303 dicas
1281 4254 1463 4303 mulieri
1508 4256 1610 4306 Ad.

551 4311 621 4371 iv,
643 4318 693 4362 3.
714 4319 746 4365 8
780 4314 981 4379 Egomet
1000 4319 1214 4377 narrabo,
1234 4334 1341 4383 quae
1359 4318 1476 4369 mihi
1490 4320 1610 4372 dixti

1524 443 1768 493 umnx

1667 594 1764 646 Ad.
1786 595 1852 652 ir,
1872 597 1924 644 3.
1946 598 2009 644 13
2060 591 2194 642 Bene
2232 598 2283 641 et
2325 592 2564 656 sapienter
2597 593 2724 644 vdixti

1666 660 1847 708 dudum
1879 656 1982 708 Ad.
1999 675 2046 714 v,
2067 663 2114 708 8.
2137 663 2201 708 30
2249 658 2445 705 Interii!
2485 674 2570 706 eur
2603 660 2722 708 mihi

1669 725 1715 772 id
1740 739 1836 770 non
1858 723 2008 771 dixti?
2043 723 2138 772 He.
2159 723 2231 777 iii,
2255 727 2298 771 l.
2321 726 2388 771 42
2422 721 2608 770 Dixfin’
2629 725 2718 772 du-

1667 788 1800 844 dum,
1821 787 1952 836 illam
1973 787 2183 836 dixisse?
2218 786 2312 835 He.
2335 786 2413 842 iii,
2432 791 2482 836 5.
2506 791 2535 836 1
2587 787 2722 844 Quid

1669 851 1790 899 dixti
1810 853 1828 899 ἓ
1885 851 1977 900 Hae.
2015 851 2082 908 iv,
2103 856 2153 902 4.
2173 855 2239 900 49
2298 849 2437 899 Hane
2480 851 2561 898 ubi
2603 851 2724 900 dixti

1669 931 1858 964 causam
1911 915 2006 965 He.
2036 915 2106 974 iv,
2138 921 2192 966 4.
2223 920 2288 964 55
2353 915 2528 962 Harum
2573 931 2724 964 nerum

1669 980 1886 1044 nunquid
1919 979 2042 1027 dixti
2070 978 2172 1042 jam
2193 979 2312 1042 patri
2335 979 2354 1026 ἓ
2399 979 2496 1027 He.
2517 995 2564 1036 v,
2585 984 2636 1030 4.
2657 985 2721 1030 2³

1670 1045 1826 1102 Quem
1849 1045 1968 1094 dixti
1989 1045 2008 1091 ἓ
2047 1044 2138 1092 Ph.
2154 1043 2209 1099 ii,
2233 1048 2281 1092 3.
2297 1047 2364 1093 43
2411 1043 2509 1100 Qui
2539 1060 2618 1092 me
2637 1046 2727 1092 du·

1672 1111 1805 1166 dum,
1826 1117 1880 1156 ut
1912 1109 2050 1164 dixti,
2083 1107 2320 1171 adjuverit
2348 1107 2580 1156 comiter?
2635 1109 2727 1158 Ph.

1671 1173 1742 1229 iii,
1766 1179 1816 1223 3.
1837 1177 1868 1222 4
1915 1173 2048 1231 Quid
2072 1171 2218 1220 dixit!
2255 1171 2324 1219 A.
2343 1171 2396 1226 ii,
2418 1177 2466 1219 5.
2491 1177 2554 1221 10
2607 1172 2728 1222 Hoec

1673 1253 1725 1286 se
1746 1253 1774 1285 e
1797 1236 2050 1301 Pamphilo
2082 1237 2322 1300 gravidam
2355 1235 2478 1283 dixit
2508 1252 2610 1284 ease
2663 1235 2725 1285 A.

1672 1302 1748 1363 iii,
1761 1305 1810 1352 2.
1831 1306 1895 1350 33
1930 1301 2072 1349 Haud
2097 1302 2214 1356 acio,
2234 1316 2312 1357 an,
2337 1315 2444 1364 qun
2465 1300 2604 1356 dixit,
2633 1301 2731 1348 sint

1675 1381 1784 1414 vera
1805 1366 1964 1413 omnia
2009 1365 2071 1413 A.
2094 1365 2163 1421 iii,
2185 1369 2234 1414 2.
2255 1369 2319 1414 45
2373 1365 2503 1412 Mihi
2547 1365 2728 1422 Dares,

1673 1430 1758 1505 qui
1769 1429 2266 1544 3ιιιιλιιιιιιιῖῗιιιῒὲιιεἰὶῳιιῖιιι
2275 1429 2499 1540 consilitia,
2521 1428 2643 1476 dixit
2663 1428 2728 1477 A.

1671 1510 1748 1551 ιιι,
1803 1525 1816 1542 .
1997 1511 2016 1542 ι
2140 1509 2204 1542 m
2267 1509 2365 1550 um,
2399 1509 2429 1540 ιι
2487 1509 2510 1541 ε
2573 1509 2730 1542 uerere

1675 1559 1812 1606 sese?
1848 1559 1940 1608 Eu.
1965 1559 2032 1615 iv,
2055 1565 2103 1608 5.
2127 1563 2161 1608 9
2193 1557 2484 1620 Clitiphonis
2499 1510 2730 1606 ssqsseami-

1674 1637 1780 1672 cam
1801 1623 1922 1672 hanc
1944 1622 2251 1681 Bacchidem,
2281 1621 2573 1670 Menedemo
2605 1621 2730 1670 dixit

1677 1686 1836 1735 Clinia
1869 1687 1992 1736 Hea.
2011 1687 2076 1744 iv,
2101 1693 2149 1736 5.
2171 1691 2234 1736 19
2290 1685 2428 1734 Dixit
2457 1686 2583 1734 velle
2615 1703 2730 1734 uxo·

1675 1767 1772 1798 rem
1794 1751 1966 1800 ducere
1999 1752 2097 1801 Ad.
2121 1751 2156 1808 i,
2177 1755 2227 1800 2.
2246 1754 2308 1800 71
2369 1751 2624 1814 Myrrhina
2662 1751 2734 1798 ita

1675 1813 1920 1878 Phidippo
1943 1816 2063 1863 dixit
2091 1815 2190 1864 He.
2214 1831 2266 1874 ν,
2282 1818 2332 1863 4.
2354 1819 2420 1864 30
2468 1813 2732 1879 Argentum

1675 1879 1792 1927 mihi
1818 1878 1947 1928 milex
1967 1881 2079 1928 dare
2115 1895 2165 1928 se
2197 1879 2322 1927 dixit
2370 1879 2462 1930 Ph.
2497 1879 2568 1937 iii,
2595 1883 2644 1928 2.
2662 1884 2730 1928 47

1675 1943 1776 1992 Cur
1816 1944 1947 1992 aliud
1985 1944 2106 1992 dixit
2131 1945 2150 1990 ?
2203 1944 2293 1991 Ph.
2316 1960 2364 2001 v,
2383 1949 2436 1994 3.
2459 1947 2526 1993 22
2576 1943 2732 2000 Quam

1677 2009 1856 2054 dudum
1879 2009 2002 2056 dixit
2037 2007 2166 2056 Geta
2220 2009 2310 2057 Ph.
2339 2024 2387 2064 v,
2407 2014 2456 2058 5.
2483 2013 2544 2057 10
2599 2008 2733 2064 Quid

1676 2071 1787 2119 huic
1809 2073 2012 2129 credam,
2033 2072 2119 2134 qui
2134 2072 2252 2120 nihii
2274 2073 2430 2120 dixit?
2465 2073 2556 2122 Ph.
2577 2089 2624 2128 v,
2641 2077 2688 2123 8.
2698 2075 2732 2122 >8

1677 2135 1786 2184 Hoc
1809 2137 2080 2185 advenienti
2091 2144 2208 2200 quot
2217 2137 2348 2193 mihi,
2361 2136 2531 2194 Micio,
2545 2137 2704 2184 dixere
2715 2137 2728 2183 Ι

1679 2199 1777 2248 Ad.
1800 2199 1837 2256 i,
1857 2205 1906 2249 2.
1928 2205 1988 2250 13
2027 2200 2198 2249 Dixere
2219 2216 2406 2248 causam
2423 2209 2553 2258 tunc,
2572 2201 2732 2250 nescio

1679 2279 1820 2327 quam
1862 2265 1955 2312 He.
1978 2265 2015 2322 i,
2033 2268 2085 2314 2.
2111 2269 2200 2314 111
2252 2265 2582 2313 Philumenam
2600 2266 2737 2330 pavi·

1679 2335 1797 2389 tare,
1819 2330 1980 2378 nescio
2001 2329 2136 2392 quid,
2159 2329 2379 2377 dixerunt
2397 2329 2489 2377 He.
2509 2329 2579 2386 iii,
2604 2335 2648 2378 1.
2667 2331 2730 2380 41

1677 2391 1786 2448 Ibo,
1809 2407 1864 2440 ac
1897 2393 2070 2450 dicam,
2105 2401 2159 2440 ut
2189 2393 2394 2441 dixeram
2445 2393 2568 2442 Hea.
2591 2393 2662 2452 iii,
2685 2397 2734 2444 1.

1679 2459 1744 2505 94
1802 2456 1894 2506 Vix
1919 2457 2032 2506 dum
2054 2457 2300 2506 dimidium
2334 2457 2559 2517 dixeram,
2590 2457 2734 2507 intel-

1669 2520 1856 2582 ,laxarat
1885 2522 1976 2571 Ph.
2002 2522 2068 2577 iv,
2093 2527 2142 2571 2.
2166 2528 2199 2571 4
2229 2522 2353 2571 Τιιιι’
2377 2524 2567 2571 dixeras·
2583 2524 2734 2571 huic?

1677 2584 1770 2633 Ph.
1791 2586 1856 2642 iv.
1879 2590 1927 2637 3.
1951 2592 1982 2636 8
2038 2586 2172 2643 Quid
2200 2603 2302 2649 ego!
2325 2602 2454 2636 nane
2482 2588 2641 2636 dicam
2673 2588 2736 2635 de

1680 2657 1811 2710 patre
1837 2652 1854 2696 ?
1880 2650 1942 2701 A.
1967 2652 2005 2712 i,
2024 2657 2072 2700 5.
2096 2655 2157 2700 17
2192 2651 2322 2699 Huic
2344 2652 2423 2699 dic
2445 2668 2621 2715 queso.
2640 2652 2740 2717 By.

1679 2713 1783 2777 Ego
1805 2715 1960 2763 dicam
1993 2713 2058 2764 A.
2080 2714 2133 2770 ii,
2157 2719 2203 2763 1.
2227 2720 2290 2765 23
2343 2716 2447 2779 Ego
2472 2716 2628 2765 dicam
2649 2716 2739 2763 tihi

1677 2776 1743 2825 A.
1765 2778 1817 2831 ii.
1841 2783 1889 2829 3.
1916 2784 1942 2829 1
1979 2778 2112 2835 Quin
2133 2786 2260 2828 taces
2282 2781 2300 2827 ?
2335 2780 2422 2828 Pa.
2443 2779 2618 2829 Dicam
2664 2779 2728 2829 A.

1680 2841 1736 2897 ii,
1757 2846 1806 2892 3.
1829 2848 1894 2893 26
1951 2843 2048 2891 Vos
2070 2844 2237 2901 celavi,
2259 2846 2393 2909 quod·
2412 2852 2538 2893 nuuc
2579 2844 2734 2893 dicam

1679 2904 1744 2955 A.
1767 2905 1838 2964 iii,
1855 2911 1906 2956 4.
1927 2913 1960 2957 6
2011 2906 2224 2955 Domum
2236 2910 2380 2956 modo
2395 2910 2496 2965 ihu,
2518 2915 2576 2957 ut
2589 2924 2738 2973 appa·-

1677 2978 1854 3027 rentur,
1874 2972 2029 3020 dicam
2084 2970 2150 3020 A.
2169 2973 2240 3030 iii,
2260 2978 2313 3023 4.
2333 2978 2394 3023 15
2448 2974 2588 3031 Haec,
2630 2988 2739 3037 qum

1679 3035 1768 3085 tibi
1789 3035 1905 3092 dixi,
1929 3036 2086 3085 dicam
2104 3036 2269 3085 itidem
2304 3037 2373 3085 ini
2423 3036 2486 3085 A.
2508 3036 2581 3095 iii,
2601 3041 2650 3087 4.
2672 3042 2740 3087 20

1679 3099 1814 3155 Quid
1836 3116 1926 3163 ego
1948 3116 2076 3149 nunc
2097 3101 2252 3149 dicam
2275 3102 2398 3164 pan-i
2420 3102 2438 3148 ?
2493 3100 2569 3149 A.
2596 3102 2740 3165 iii‚&

1680 3168 1712 3213 6
1767 3164 1960 3220 Dicam,
1993 3164 2173 3228 aliquid
2199 3166 2299 3227 jam
2338 3166 2638 3215 inventurum
2670 3166 2736 3213 Ae.

1681 3227 1748 3283 iii,
1775 3234 1823 3277 5.
1861 3232 1896 3277 9
1944 3228 2016 3275 Te
2048 3244 2151 3279 ease
2193 3230 2322 3277 inum
2357 3230 2510 3277 dicam
2557 3229 2650 3277 Eu.
2685 3230 2741 3290 ii,

1681 3296 1729 3341 3.
1751 3297 1816 3342 79
1849 3291 2022 3341 Dicam
2045 3294 2173 3349 huic,
2196 3309 2254 3341 an
2275 3294 2409 3342 non?
2453 3294 2608 3343 dicam
2631 3294 2738 3341 her*

1677 3355 1754 3405 cle
1808 3356 1900 3404 Eu.
1943 3374 1989 3414 v,
2022 3362 2075 3407 5..
2110 3363 2176 3407 26
2207 3358 2268 3406 Id
2310 3358 2514 3422 primum
2544 3358 2738 3407 dicam:

1681 3419 1872 3480 deinde,
1893 3422 2022 3483 quod
2047 3422 2171 3480 veni,
2195 3424 2386 3487 eloquar
2439 3422 2566 3471 Hea.
2612 3422 2740 3470 Prot.

1681 3486 1712 3533 3
1747 3484 1876 3541 Quid
1900 3492 2008 3534 tuta.
2022 3488 2215 3535 tecum?
2259 3488 2354 3537 Ch.
2399 3486 2569 3535 Dieam
2608 3487 2735 3535 Hea-

1682 3548 1724 3605 i,
1739 3554 1792 3599 2.
1813 3554 1880 3600 26
1911 3550 1968 3599 Si
1985 3550 2126 3607 sinas,
2149 3552 2313 3599 dinam.
2359 3552 2484 3600 Hea-
2517 3550 2574 3605 ii,
2597 3554 2647 3599 3.
2670 3553 2738 3599 76

1681 3612 1879 3671 Dicam,
1897 3622 1952 3661 ut
1971 3623 2262 3663 revertantur
2297 3617 2489 3665 domum
2518 3614 2644 3664 Hea.
2681 3612 2738 3671 iis,

1681 3682 1729 3727 3.
1747 3683 1812 3727 99
1867 3678 1974 3735 Πιο,
1995 3694 2052 3727 ac
2073 3680 2248 3735 dicaam,
2273 3688 2330 3727 ut
2344 3681 2556 3729 dixeram
2611 3677 2737 3727 Heu.

1682 3742 1754 3797 iii,
1779 3746 1827 3791 1.
1850 3747 1912 3792 94
1959 3743 2093 3792 Cedo
2127 3744 2246 3806 quid
2269 3746 2384 3792 eat?
2435 3744 2524 3809 Sy.
2565 3741 2740 3791 Dicam

1681 3806 1810 3854 Hee.
1832 3806 1904 3863 iii,
1924 3810 1974 3857 3.
1994 3811 2058 3856 37
2095 3806 2308 3865 ,Dicam
2341 3810 2466 3857 hano
2497 3823 2599 3857 esse
2628 3820 2740 3869 cap-

1684 3876 1779 3917 tam
1799 3886 1867 3918 ex.
1878 3870 2018 3919 Caria
2057 3871 2182 3919 Hea.
2201 3872 2274 3934 iii,
2295 3878 2346 3923 3.
2367 3877 2433 3923 47
2489 3872 2620 3929 Quid
2663 3870 2738 3917 di-

1681 3950 1786 3983 cam
1807 3935 1826 3982 ?
1859 3950 2001 3999 quam
2023 3936 2462 3985 causam-afferam?
2517 3936 2642 3984 Hea-
2673 3934 2738 3991 iv,

1683 4002 1730 4048 3.
1751 4002 1824 4048 28
1851 4000 2039 4048 Dicam.
2060 4001 2178 4065 quid
2199 4001 2412 4050 deiude?
2458 4001 2584 4049 Hea.
2606 4000 2670 4060 iv,
2691 4003 2742 4047 8.

1681 4066 1745 4111 24
1803 4063 1930 4121 Quid
1967 4066 2091 4113 dotis
2124 4066 2280 4114 dicam
2315 4074 2364 4113 te
2395 4065 2570 4113 dixisse
2599 4062 2742 4111 mio?

1683 4126 1806 4179 Hea.
1851 4146 1900 4185 v,
1926 4134 1972 4177 l.
1994 4134 2058 4179 64
2114 4129 2308 4187 Dicam,
2351 4131 2480 4193 quod
2531 4129 2652 4176 mihi
2687 4128 2743 4175 in

1682 4200 1887 4242 mentem
1921 4194 2046 4243 Hea.
2065 4210 2116 4251 v,
2133 4200 2187 4245 2.
2209 4199 2273 4243 38
2327 4194 2384 4243 Si·
2403 4195 2522 4243 acire
2543 4193 2631 4254 via,
2651 4206 2742 4255 ego

1683 4257 1838 4306 dicam
1861 4275 1873 4305 ε
1909 4274 2041 4322 gen-o
2068 4260 2080 4307 ἒ
2104 4259 2230 4308 Hea.
2251 4276 2300 4323 v,
2317 4262 2367 4315 4.
2388 4263 2452 4309 10
2483 4258 2744 4319 Nunquam

1681 4320 1750 4369 ita
1767 4322 2017 4385 magnifice
2038 4324 2290 4388 quiequam
2309 4323 2487 4383 dicam,
2522 4323 2572 4371 id
2595 4322 2743 4370 xirtm
