3192 4975
1178 467 1258 517 m
1309 455 1797 518 ranan-rmus.

2284 443 2575 516 cclxxiii

379 619 497 670 mint
517 633 644 669 nune
663 613 820 680 affers,
853 581 1440 682 quamobrem'expeetem,
1511 613 1703 678 quando
1738 612 1839 678 jam
1884 591 2149 662 accusando
2187 613 2287 661 fieri
2336 612 2565 670 infectum

385 693 471 734 aut
489 699 686 748 sperem,
725 697 862 749 porro
883 697 980 731 non
1013 681 1112 730 fore
1133 683 1151 730 ?
1206 681 1296 730 Ph.
1317 698 1364 738 v,
1377 685 1436 730 8.
1511 695 1607 728 non
1630 687 1806 746 potest,
1824 679 2017 741 ignosce
2050 677 2141 727 Ph.
2160 693 2210 740 v,
2232 683 2280 726 8.
2303 683 2381 728 10.
2404 684 2466 730 4⁵

381 753 465 798 ⁸1.
486 753 553 798 36

389 851 400 858 ,
449 811 825 876 Quamprimum.
885 811 1102 860 Obsecro
1119 817 1186 869 te,
1207 810 1442 874 quampri·
1514 815 1769 873 superstes,

385 893 514 926 mum
539 878 632 925 hoc
655 893 730 924 me
748 876 894 923 libera
914 877 1133 925 miserum
1155 883 1282 924 metu
1315 873 1444 932 A.ii,
1514 875 1599 922 nio
1642 875 1769 922 bono

384 947 435 992 2.
459 945 519 991 14
575 939 693 1001 Fae,
771 941 1078 1018 uamprimum
1134 940 1237 988 haec
1281 939 1444 987 audiat

383 1006 478 1056 Eu.⁴
497 1023 547 1062 v,
572 1009 623 1055 9.
646 1010 709 1056 12
805 1019 1007 1053 ominem
1029 1005 1168 1053 istum
1185 1004 1460 1068 impurissi-·

384 1086 512 1119 mum
557 1069 900 1135 quamprimum
938 1069 1216 1118 absolvitote
1237 1093 1247 1102 ·
1270 1067 1370 1116 Ad.
1391 1069 1444 1129 ii,

385 1139 437 1186 4:
463 1139 526 1184 18
575 1135 664 1183 Sin
685 1133 824 1182 aliter
841 1135 904 1182 de
939 1135 1028 1182 hac
1049 1149 1097 1182 re
1115 1141 1190 1182 est
1209 1131 1313 1196 ejus
1335 1147 1443 1180 sen-

389 1199 562 1254 tentia,
586 1198 870 1262 respoudeat
893 1199 1006 1246 mihi
1026 1216 1037 1245 ε
1061 1205 1131 1254 ut,
1153 1199 1268 1262 quid
1292 1213 1446 1259 agam,

389 1263 732 1328 quamprimum
750 1263 928 1312 sciam?
964 1263 1059 1314 Ad.
1076 1263 1148 1318 iii,
1168 1269 1217 1312 5.
1237 1268 1270 1312 6
1293 1262 1446 1310 Cesso

389 1330 503 1376 hino
543 1329 788 1383 ire-intro,
827 1335 880 1374 ut
935 1329 1028 1377 boc
1087 1343 1226 1390 quara
1245 1331 1250 1338 '
1266 1325 1448 1382 rimum,

392 1392 618 1458 quicquid
641 1399 731 1449 est,
753 1401 930 1440 certum
953 1393 1096 1440 sciam
1117 1393 1133 1439 ?
1240 1409 1284 1440 e.
1308 1391 1380 1447 iii,
1402 1396 1450 1440 1.

392 1461 456 1570 ³31
481 1457 575 1504 Sed
594 1473 725 1506 oeno
747 1455 876 1505 adire
895 1457 1244 1521 quamprimum
1253 1472 1412 1504 senem
1431 1457 1450 1505 ἓ

400 1553 402 1556 >
443 1524 492 1568 h.
513 1521 568 1578 ii,
590 1526 638 1571 1.
659 1527 720 1571 55

419 1623 428 1632 .
461 1587 690 1642 Quamvis
740 1583 1130 1650 (Quantumvis).
1214 1583 1308 1633 Hic
1344 1599 1453 1648 pro-

401 1656 533 1714 perat
551 1651 854 1716 iri-Cyprum.
909 1652 988 1699 Sa.
1011 1650 1088 1697 No
1111 1658 1204 1696 tam
1224 1649 1453 1713 quidem·;

396 1715 612 1780 quamvis
629 1716 770 1764 etiam
787 1729 956 1764 maneo
977 1717 1154 1764 otiosus
1175 1714 1252 1762 hic
1286 1713 1380 1764 Ad.
1403 1713 1458 1774 ii,

465 1844 691 1901 Quande.
741 1841 824 1891 ‘Ut
843 1843 1047 1906 quimus,
1083 1843 1231 1899 aiunt,
1266 1842 1457 1905 quando

399 1916 454 1956 nt
477 1909 708 1968 volumus,
728 1923 823 1955 non
847 1909 975 1957 licet.
1021 1907 1132 1955 Duo
1153 1923 1229 1954 me
1251 1908 1310 1954 ad
1333 1921 1458 1963 eam,

401 1974 594 2036 quando
613 1975 706 2020 huc
729 1972 859 2030 veni,
903 1980 958 2020 ut
995 1973 1177 2020 videam
1207 1989 1213 1994 ·
1237 1973 1294 2021 A.
1322 1971 1386 2028 iv,
1412 1977 1459 2020 5.

403 2043 483 2088 10.
505 2041 569 2086 23
621 2037 764 2086 Meua
786 2038 862 2085 fac
903 2037 964 2084 sis
989 2046 1218 2100 postremo
1261 2036 1460 2091 animus,

401 2103 596 2166 quando
618 2117 707 2164 ego
730 2113 832 2148 sum
855 2110 964 2149 tuus
998 2103 1090 2150 Eu.
1114 2101 1147 2158 i,
1168 2105 1215 2150 2.
1239 2104 1335 2150 no
1385 2100 1459 2148 Si-

403 2167 514 2214 cubi
536 2181 644 2214 enm
667 2167 808 2214 satias
831 2167 1090 2221 hominum,
1131 2173 1214 2212 aut
1237 2164 1398 2230 negoti
1422 2161 1462 2212 si

409 2232 602 2294 quando
623 2231 785 2278 odium
807 2238 1014 2294 ceperat.
1063 2230 1112 2278 Si
1151 2231 1342 2293 quando
1383 2229 1463 2276 illa

406 2296 692 2342 mentionem
729 2295 958 2342 Phaedriae
994 2294 1124 2342 facit.
1181 2295 1230 2342 Si
1271 2295 1464 2357 quando

405 2359 490 2408 illa
510 2359 655 2421 dioet3
669 2359 936 2408 Phaedriam
949 2359 1313 2408 intromittamus
1335 2373 1464 2406 com·

407 2425 664 2472 minatum.
729 2423 936 2481 Quando
974 2425 1110 2499 illud,
1141 2424 1268 2489 quod
1288 2432 1343 2470 >tu
1363 2424 1465 2480 das,

405 2497 644 2553 expectat,
677 2496 820 2554 atque
841 2496 983 2539 amat.
1048 2490 1231 2537 Metuit
1267 2504 1468 2552 semper,

407 2569 550 2619 quem
571 2554 824 2618 ipsa-nunc
841 2554 972 2619 eapit
991 2555 1210 2610 fructum,
1234 2566 1295 2601 ne
1317 2568 1468 2617 quan-

409 2621 473 2667 do
489 2620 635 2667 iratus
655 2618 750 2667 alio
763 2620 976 2667 conferas
1009 2618 1100 2666 Eu.
1119 2618 1190 2673 iii,
1213 2623 1258 2666 1.
1281 2620 1362 2679 ¹⁴.-
1385 2622 1470 2666 47.

413 2688 490 2732 51.
513 2688 595 2735 57.
613 2688 679 2731 60
713 2683 955 2739 Quando?
978 2682 1078 2729 Do.
1097 2680 1262 2729 Hodie
1293 2680 1386 2727 Eu.
1405 2681 1470 2737 iv,

409 2752 465 2797 4.
486 2751 550 2795 30
616 2746 824 2803 Quando
841 2747 962 2793 istuc
975 2746 1104 2793 erit?
1149 2746 1275 2792 Heu.
1296 2744 1347 2803 ii,
1369 2748 1417 2793 2.
1437 2750 1471 2793 9

417 2811 596 2859 Verum
627 2810 764 2858 enim
793 2811 994 2874 quaudo
1035 2812 1155 2857 bene
1198 2809 1472 2873 promeruit,

413 2875 524 2989 2¹:2²
539 2875 1208 2995 ⁵40f⁸23¹⁰⁵3¹3122¹33²3²332
1231 2873 1474 2985 3333&

420 3004 578 3066 cessit,
591 3004 783 3051 hilarem
804 3005 930 3051 hunc
951 3018 1184 3051 sumamus
1206 3004 1329 3049 diem
1374 3000 1473 3051 Ad.

417 3069 478 3125 ii,
498 3073 550 3119 4.
569 3072 634 3118 23
690 3068 898 3123 Quando
936 3066 1100 3115 vitium
1139 3068 1346 3114 oblatum
1369 3074 1475 3127 est;

413 3134 550 3197 quod
573 3134 634 3180 ad
655 3132 792 3180 illum
829 3132 1000 3180 attinet
1029 3132 1319 3195 potissimum
1375 3131 1474 3181 Ad.

415 3198 495 3253 iii.
519 3202 566 3247 1’.
587 3202 620 3246 9
666 3195 929 3251 Postremoss
963 3200 1155 3260 quando
1177 3212 1266 3259 ego
1285 3196 1478 3244 conscia

419 3262 540 3313 mihi
556 3277 660 3309 aum
714 3261 812 3311 Ad.
835 3261 906 3319 iii,
924 3264 973 3310 2.
996 3266 1060 3310 50
1114 3262 1217 3325 Ego
1240 3275 1348 3309 vero
1367 3261 1475 3309 hine

421 3328 773 3391 abeo5quando
811 3328 871 3389 is,
889 3328 1188 3389 quamobrem
1212 3326 1312 3374 huo
1337 3340 1479 3374 vene·

415 3406 538 3449 nm,
557 3406 637 3439 rua
656 3390 790 3439 abiit.
856 3390 1062 3447 Quando
1100 3392 1169 3441 ita
1205 3392 1303 3437 volt
1323 3392 1479 3447 frater,

423 3457 486 3504 de
506 3457 628 3505 istoc
661 3456 767 3520 ipae
802 3455 972 3503 viderit
1017 3454 1115 3504 Ad.
1153 3455 1224 3513 iii,
1245 3460 1292 3502 3.
1316 3461 1395 3504 81.
1415 3458 1478 3503 83

419 3520 552 3570 Cui?
581 3521 802 3584 ·.quaudo
846 3519 1074 3583 nupsit.?.
1123 3520 1220 3568 Ad.
1253 3520 1322 3579 iv,
1343 3526 1390 3569 5.
1415 3524 1478 3568 37

419 3584 635 3641 ,Quando
677 3601 768 3650 ego
801 3592 936 3633 tuum
978 3598 1075 3631 non
1113 3600 1242 3639 outo,
1277 3598 1338 3632 ue
1371 3599 1484 3632 cura

425 3664 585 3697 meum
620 3649 719 3699 Ad.
739 3668 788 3707 ir,
809 3654 859 3699 3.
888 3652 948 3699 16
997 3650 1306 3713 Experiamur
1324 3656 1487 3697 contin

429 3714 554 3769 heo,
598 3716 788 3775 quando
811 3730 869 3763 eo
890 3722 1115 3778 provocat
1159 3713 1254 3762 Ad.
1276 3730 1322 3767 v.
1345 3718 1395 3762 4.
1419 3718 1485 3763 24

427 3777 696 3840 Si'quando
713 3780 774 3826 ad
795 3794 898 3826 eam
921 3786 1180 3828 accesserat
1215 3778 1487 3827 confabula-

433 3851 532 3891 tum
565 3841 662 3889 He.
679 3841 718 3898 i,
738 3848 788 3891 2.
812 3846 907 3891 106
937 3844 1030 3891 Sed
1054 3844 1247 3908 quando
1269 3860 1370 3891 sese
1387 3858 1489 3891 esse

425 3906 676 3969 indignam
697 3907 898 3969 deputat
919 3907 1051 3955 matri
1071 3924 1204 3957 meai.
1282 3909 1490 3966 Quando

431 3986 524 4019 nec
558 3979 747 4034 gnatus,
779 3986 934 4033 neque
971 3972 1050 4020 hic
1091 3973 1202 4020 mihi
1239 3974 1320 4037 qui
1381 3987 1490 4021 uam

433 4036 764 4099 obtemperant
815 4034 911 4084 He.
933 4036 1012 4097 iii,
1033 4043 1081 4085 5.
1101 4042 1182 4087 27.
1206 4042 1270 4087 62
1325 4037 1352 4085 Ῑ
1410 4044 1492 4084 tua

435 4100 576 4149 refert
597 4100 737 4161 nihil,
757 4106 910 4147 utrum
939 4100 1032 4148 illae
1067 4101 1281 4156 fecerint,
1301 4102 1492 4165 quando

431 4166 540 4213 lnaee
557 4164 725 4214 abierit
779 4164 961 4224 He.·iv,
983 4168 1033 4215 3.
1058 4170 1121 4216 13
1177 4166 1335 4214 Abibo
1365 4166 1494 4227 hinc,

431 4244 643 4291 presens
675 4232 866 4295 quando
899 4246 1156 4293 promoveo
1189 4246 1350 4295 parum
1397 4231 1493 4279 He.
1529 4240 1538 4247 ·

437 4293 508 4349 iv,
529 4298 580 4343 4.
600 4299 657 4345 81
714 4295 920 4351 Quando
958 4309 1156 4344 evenere
1193 4297 1293 4343 haec
1335 4296 1499 4353 nobis,

442 4358 598 4414 frater,
620 4374 840 4423 prospere
872 4361 962 4409 Ph.
984 4378 1029 4418 v,
1054 4366 1101 4411 7.
1119 4366 1152 4411 2
1184 4359 1338 4409 Recte
1354 4376 1492 4409 sane:

445 4423 636 4487 quando
657 4424 774 4471 nihil
799 4426 949 4482 times,
995 4433 1045 4474 tu
1081 4442 1230 4475 narra.
1296 4426 1496 4486 Verum,

507 4500 683 4572 Delpk.
701 4508 748 4554 εί
767 4504 882 4557 Var.
901 4506 1030 4555 Clas.

1399 4508 1511 4557 Iud.
1546 4508 1735 4559 Terent.

1578 743 1997 808 Quandoquidem.
2061 741 2195 790 Deos
2230 759 2408 805 qnaeso,
2432 753 2484 792 ut
2506 745 2569 794 sit

1812 807 2196 920 qeandoquidem
2220 807 2320 870 ipse
2341 815 2413 856 est
2434 809 2569 873 inge-

1870 906 1885 923 .
1900 873 1979 929 iii,
1996 877 2044 926 2.
2068 876 2098 921 7
2171 872 2571 935 Quandoquidem

1517 947 1613 986 tam
1636 939 1778 999 iners,
1794 945 1894 984 tam
1914 937 2035 988 nulli
2060 936 2242 984 consilii
2264 952 2363 984 sum
2413 937 2478 986 A.
2503 939 2574 993 iii.

1519 1009 1567 1051 5.
1588 1007 1621 1052 2
1677 1001 2077 1067 Quandoquidem
2120 1001 2300 1050 illarum
2338 1017 2493 1067 neque
2524 1010 2573 1051 te

1519 1068 1765 1146 quisquam
1782 1067 1935 1122 novit,
1952 1081 2108 1130 neque
2130 1064 2235 1122 scit,
2252 1065 2333 1131 qui
2356 1066 2447 1115 aies
2478 1067 2573 1122 Eu.

1520 1133 1645 1194 5¹2³·
1667 1137 1733 1182 82
1765 1131 1894 1190 Quid
1917 1131 2057 1179 istic?
2080 1130 2461 1194 quandoquidem
2485 1133 2575 1178 du·

1521 1197 1675 1245 cenda
1695 1204 1786 1257 est,
1817 1204 2006 1260 egomet
2041 1195 2193 1242 habeo
2215 1196 2577 1259 propemodum,

1521 1277 1661 1326 quam
1680 1262 1788 1309 volo
1805 1261 1931 1308 Hea-
1955 1276 2001 1316 v,
2024 1266 2072 1309 5.
2090 1264 2155 1308 20
2177 1259 2577 1326 Quandoquidem

1522 1329 1615 1374 hoc
1649 1341 1886 1390 nunquam
1922 1325 2035 1372 mihi
2068 1325 2169 1388 ipse
2209 1325 2358 1372 voluit
2388 1328 2577 1375 credero

1523 1391 1622 1440 Ad.
1642 1391 1709 1448 iv,
1733 1398 1781 1441 5.
1803 1395 1835 1439 6
1868 1389 1998 1447 Quid
2024 1391 2127 1437 istic
2148 1389 2165 1436 ?
2190 1389 2404 1440 dabitur:
2429 1406 2578 1453 quan-

1526 1455 1783 1519 doquidem
1808 1455 1883 1503 liic
1907 1455 2006 1501 volt
2038 1453 2135 1502 Ad.
2148 1472 2203 1510 -v,
2228 1459 2276 1503 8.
2300 1459 2362 1503 33
2413 1457 2578 1514 Quan-

1525 1521 1779 1584 doquidem
1810 1519 1949 1566 ‘illam
1972 1535 2001 1566 a
2024 1535 2098 1566 me
2120 1519 2335 1566 distrahit
2372 1519 2578 1568 necessi·

1525 1593 1599 1633 tas
1644 1584 1736 1632 He.
1758 1584 1831 1639 iii,
1850 1591 1897 1632 5.
1920 1585 1985 1632 42
2034 1583 2434 1649 Quandoquidem
2456 1584 2583 1634 solus

1528 1663 1694 1712 regnas
1728 1650 1817 1698 Ph.
1832 1649 1884 1704 ii,
1906 1652 1953 1697 3.
1974 1651 2040 1696 58

1595 1715 1901 1780 Quanquam.
1960 1714 2253 1777 Quanquam
2289 1713 2417 1760 illam
2439 1714 2581 1777 cupio

1529 1779 1765 1828 abducere
1815 1778 1905 1825 Eu.
1928 1776 1963 1833 i,
1980 1783 2033 1828 2.
2050 1782 2119 1828 92
2176 1779 2459 1842 Quanquam
2482 1780 2585 1826 haec

1530 1844 1654 1891 inter
1696 1861 1783 1891 uos
1826 1858 1975 1906 nuper
2016 1841 2184 1890 notitia
2218 1844 2475 1891 admodum
2496 1851 2589 1894 ..est

1532 1908 1657 1957 Hea.
1672 1909 1714 1964 i,
1741 1915 1786 1958 1.
1808 1912 1830 1957 1
1898 1907 2187 1972 Quanquam
2230 1916 2303 1954 est
2344 1907 2587 1964 scelestus,

1532 1987 1632 2020 non·
1652 1973 1912 2022 committet
1936 1972 2075 2019 hodie
2098 1973 2511 2036 uuquan1‚‘iterum
2535 1981 2589 2017 ut

1533 2039 1729 2102 vapulet
1782 2038 1876 2084 Ad.
1900 2036 1950 2091 ii,
1972 2042 2019 2086 1.
2046 2043 2073 2084 5
2147 2037 2430 2100 Quanquam
2465 2035 2589 2100 inju-

1535 2103 1653 2150 rium
1674 2111 1745 2150 est
1777 2103 1874 2150 Ad.
1896 2101 1949 2156 ii,
1976 2106 2021 2150 1.
2045 2105 2107 2151 51

1545 2175 1550 2183 “
1601 2166 1813 2223 Quanto.
1884 2165 1983 2215 Ah!
2008 2173 2187 2230 quanto
2204 2164 2347 2213 satius
2365 2172 2453 2220 est,
2471 2170 2518 2212 te
2537 2163 2592 2213 id

1536 2231 1649 2280 dare
1670 2247 1880 2294 operam,
1915 2229 1997 2293 qui
2018 2277 2026 2282 ,
2050 2229 2115 2278 A.
2141 2229 2193 2289 ii,
2217 2235 2261 2278 1.
2284 2233 2314 2277 7
2370 2229 2591 2278 Ceterum

1535 2297 1661 2344 idem
1680 2299 1773 2344 boc
1794 2303 1897 2343 tute
1929 2294 2095 2344 melius
2116 2303 2293 2358 quanto
2316 2294 2595 2349 invenissem

1537 2361 1749 2410 Thraso?
1805 2360 1898 2407 Eu.
1922 2359 1991 2415 iii,
2019 2364 2061 2409 Ι.
2086 2364 2149 2409 63
2219 2357 2413 2415 Quanto
2446 2358 2595 2422 magia

1541 2427 1783 2491 magisque
1820 2423 1978 2489 cogito
2031 2421 2122 2471 Eu.
2161 2422 2231 2484 iii,
2268 2427 2315 2472 3.
2355 2428 2376 2473 1
2450 2423 2558 2470 Vah
2581 2421 2593 2470 !

1539 2501 1718 2555 quanto
1771 2505 1899 2537 ninnc
1951 2490 2197 2537 formosior
2250 2488 2410 2537 videre
2463 2489 2597 2545 milii,

1541 2570 1683 2619 quam
1730 2555 1907 2601 dudum
1929 2554 1940 2599 !
1998 2554 2089 2601 Eu.
2106 2555 2191 2609 ,ἰὴ
2228 2559 2277 2604 5.
2314 2559 2346 2603 4
2400 2552 2597 2619 Quanto

1543 2621 1695 2666 minus
1718 2619 1819 2683 spei
1841 2626 1930 2678 est,
1948 2625 2081 2665 tanto
2103 2619 2250 2681 magis
2272 2632 2378 2664 amo
2432 2618 2526 2667 Eu.
2550 2636 2599 2675 v,

1541 2688 1592 2732 9.
1616 2686 1679 2731 23
1715 2683 1907 2738 Quanto
1924 2682 2101 2729 diutius
2122 2682 2271 2737 abest,
2287 2680 2435 2743 magia
2456 2683 2601 2746 cupio

1543 2754 1695 2803 tanto,
1739 2756 1787 2794 et
1829 2746 1977 2807 magis
2010 2746 2243 2799 desidero.
2349 2745 2445 2795 Hic
2481 2746 2600 2795 mihi

1542 2819 1722 2875 quanto
1744 2825 1870 2858 nune
1908 2810 2016 2872 plus
2059 2810 2197 2873 sapit,
2237 2826 2377 2873 quam
2412 2818 2602 2873 egomet

1545 2876 1689 2922 mihi!
1746 2874 1871 2925 Hea.
1912 2874 1987 2935 iii,
2014 2879 2059 2922 1.
2083 2879 2161 2924 15.
2186 2878 2275 2923 101
2349 2873 2558 2922 Obsecro
2584 2892 2597 2923 ε

1543 2948 1723 3004 quanto
1768 2950 1876 2986 tuus
1920 2945 1992 2987 est
2042 2939 2225 2987 animus
2245 2946 2359 2987 natu
2403 2939 2601 3001 gravior.

1544 3004 1861 3069 ignoscentior
1892 3002 2015 3051 Hea-
2037 3004 2099 3057 ἰν,
2120 3009 2167 3053 1.
2192 3008 2256 3053 32
2290 3004 2483 3061 Quanto
2500 3004 2603 3051 sue-

1544 3077 1617 3117 rat
1652 3068 1974 3133 praestabilius,
2030 3068 2181 3116 ubivis
2214 3064 2425 3133 gentium
2466 3084 2605 3133 agere

1548 3142 1753 3189 aetatem,
1776 3148 1913 3196 quam
1936 3133 1954 3179 ?
1990 3130 2082 3180 He.
2105 3133 2177 3192 iii,
2202 3137 2247 3183 1.
2267 3137 2299 3181 4

1555 3212 1560 3217 ·
1613 3198 1875 3255 Quantum.
1907 3195 2037 3244 Nihil
2052 3194 2155 3247 'loci
2177 3206 2249 3245 est
2269 3196 2503 3263 segnitiae,
2522 3214 2602 3246 ne-

1549 3280 1642 3326 que
1659 3261 1904 3315 socordiae,
1916 3268 2141 3325 quantum
2158 3262 2365 3310 intellexi
2376 3263 2518 3310 modo
2534 3279 2609 3310 se-

1549 3329 1623 3376 nis
1634 3328 1915 3375 sententiam
1940 3328 1999 3374 de
2022 3326 2202 3390 nuptiis
2234 3327 2299 3375 A.
2317 3326 2351 3383 i,
2368 3332 2416 3381 3.
2439 3332 2471 3376 2
2501 3327 2608 3381 ,He-

1551 3408 1646 3449 rus,
1658 3400 1881 3454 quiantum
1894 3392 2055 3447 audio,
2066 3408 2207 3439 uxore
2217 3392 2394 3441 excidit
2416 3394 2477 3440 A.
2495 3392 2529 3440 ii
2534 3427 2549 3449 ‚
2560 3399 2610 3442 5.

1556 3462 1617 3507 12
1670 3457 1794 3504 Etis
1818 3457 1929 3503 mihi
1952 3457 2137 3512 suadet,
2158 3458 2348 3525 nuptias
2378 3467 2609 3521 ,quantum

1553 3538 1740 3587 queam,
1756 3530 1806 3568 ut
1821 3534 2042 3569 maturcm
2065 3521 2131 3570 A.
2144 3522 2267 3577 iii‚3.
2283 3526 2345 3569 45
2370 3521 2483 3568 Non
2501 3522 2613 3569 satia

1554 3588 1716 3639 habes.
1738 3588 1866 3649 quod
1906 3586 1990 3634 tibi
2020 3586 2255 3634 dieculam
2294 3585 2441 3646 addo,
2463 3600 2613 3648 quan-

1557 3659 1656 3702 tum
1680 3652 1787 3699 hnic
1825 3666 2079 3713 promoveo
2112 3650 2337 3712 nuptias?
2390 3648 2454 3701 A.
2475 3652 2544 3706 ἰν,
2564 3655 2615 3699 2.

1558 3721 1622 3765 28
1657 3717 1733 3764 Ab
1756 3716 1939 3763 Andria
1960 3724 2033 3763 est
2053 3714 2227 3767 ancilla
2246 3715 2365 3776 haeo,
2386 3720 2615 3778 quantum

1560 3778 1773 3843 intelligo
1830 3779 1893 3828 A.
1919 3780 1984 3840 iv,
2004 3784 2051 3829 4.
2074 3784 2136 3827 17
2190 3778 2445 3827 Sublimem
2486 3780 2615 3829 huuc

1557 3845 1682 3892 intro
1704 3861 1815 3909 rape
1835 3862 1847 3904 ;
1879 3850 2105 3909 quantum
2144 3850 2279 3907 potes
2326 3843 2389 3891 A.
2410 3862 2456 3900 v,
2479 3848 2527 3892 2.
2549 3848 2616 3892 20

1562 3910 1676 3969 Sed,
1695 3926 1784 3974 ego
1807 3916 2033 3972 quantum
2057 3908 2285 3971 suspicor,
2308 3910 2367 3955 ad
2390 3907 2617 3971 virginem

1562 3974 1770 4022 animum
1804 3973 1981 4037 adjecit
2029 3972 2121 4020 Eu.
2156 3974 2188 4026 i,
2226 3977 2274 4022 2.
2300 3976 2365 4021 62
2421 3970 2619 4035 Abduc,

1563 4041 1675 4093 duc,
1692 4047 1917 4102 quantum
1944 4046 2078 4100 potes
2109 4035 2200 4085 Eu.
2217 4038 2268 4092 ii,
2284 4042 2332 4087 3.
2353 4042 2415 4086 85
2451 4038 2621 4095 Quarto

1564 4116 1663 4151 tum
1688 4120 1777 4167 ego
1800 4103 1931 4151 illum
1956 4102 2072 4157 vidi,
2094 4101 2309 4149 nonnihil
2352 4102 2495 4149 timeo
2530 4103 2617 4150 mi-

1565 4184 1684 4228 sera,
1706 4184 1765 4215 ae.
1800 4167 1891 4215 Eu.
1914 4166 1975 4220 iv.
1996 4172 2039 4215 1.
2056 4170 2080 4213 1
2119 4165 2467 4229 Comprehendi
2482 4166 2620 4233 jube,

1564 4240 1791 4295 quantum
1815 4240 1973 4295 potest
2016 4230 2109 4279 Eu.
2135 4246 2180 4287 ν,
2205 4235 2251 4279 1.
2272 4236 2336 4281 20
2387 4231 2481 4279 Ubi
2505 4232 2623 4287 vidi.

1566 4312 1655 4360 ego
1680 4314 1752 4346 me
1776 4298 1821 4343 in
1845 4298 2008 4360 pedes,
2030 4302 2256 4359 quantum
2291 4312 2413 4360 queo
2460 4296 2552 4345 Eu.
2574 4312 2624 4353 v,

1566 4368 1617 4411 2.
1642 4369 1669 4411 5
1728 4363 1821 4411 Sed
1844 4362 1921 4410 hic
1942 4370 2069 4409 actor
2091 4369 2269 4409 tautum
2294 4362 2468 4426 poterit
2486 4378 2516 4408 a
2552 4362 2624 4409 fa·

1568 4428 1761 4488 cundia,
1802 4434 2028 4491 quantum
2073 4427 2151 4474 ille
2207 4427 2365 4490 potuit
2417 4426 2623 4488 cogitare

2373 4508 2501 4557 2Ν
