3192 4975
584 430 764 500 citivi

581 601 694 651 Hoc
730 598 984 667 (nornine)
1009 606 1060 647 tu
1091 599 1252 649 errasti
1271 616 1278 626 ·
1297 599 1388 652 Pb.
1427 616 1478 659 v,
1494 601 1542 650 3.
1564 605 1646 652 21“

582 666 714 715 Num
745 666 961 713 videntur
990 664 1242 713 convenire
1281 666 1383 713 haec
1413 666 1631 729 nuptiis?

586 731 656 779 Α.
669 732 721 787 ii,
743 736 793 779 2.
817 735 882 779 29
916 729 974 776 In
996 744 1152 779 amore
1171 731 1272 778 haec
1297 731 1454 778 omnia
1473 732 1635 778 insunt

583 796 698 844 vitia
728 795 819 842 Eu.
840 795 876 849 i,
895 799 939 842 1.
962 798 1021 842 14
1057 794 1175 843 Haee
1194 795 1412 843 cumillis
1428 804 1537 842 sunt
1549 796 1632 843 ha-

585 861 755 916 benda,
798 866 880 906 aut
932 858 1056 908 Hea.
1102 860 1155 914 ii,
1179 863 1226 908 3.
1249 862 1324 909 84‘
1361 860 1478 908 Haec
1505 860 1635 907 fratri

582 940 764 973 mecum
809 940 903 970 non
945 924 1231 971 conveniunt
1264 927 1268 933 '
1286 925 1384 973 Ad.
1428 925 1463 981 i,
1496 929 1635 974 1.,34

583 988 734 1052 Cujus
757 990 856 1036 baec
879 988 1001 1035 fiunt
1020 988 1218 1036 consilio
1240 988 1398 1036 omnia
1432 989 1524 1036 He.
1557 989 1632 1047 iii,

583 1060 632 1102 5.
653 1058 717 1103 64
752 1052 868 1101 Haec
889 1068 1028 1116 quam
1049 1054 1143 1100 sint
1163 1053 1324 1101 suavia
1369 1054 1471 1101 Phe
1496 1052 1550 1110 ii,
1587 1058 1636 1103 2.

583 1123 646 1167 39
696 1118 876 1165 Horum
898 1118 981 1165 ille
1004 1116 1120 1164 nihil
1150 1118 1334 1181 egregie
1364 1124 1531 1179 praeter
1555 1134 1638 1166 ce-

583 1192 681 1231 tera
701 1182 920 1230 studebat
952 1182 1011 1229 A.
1035 1184 1078 1243 i,
1092 1188 1138 1231 1.
1162 1188 1222 1231 31
1260 1183 1380 1232 Cum
1405 1190 1458 1229 tu·
1473 1183 1637 1230 horum

583 1247 698 1293 nihil
717 1246 914 1301 refelles,
932 1248 1113 1294 vincam
1131 1248 1312 1296 scilicet
1343 1246 1433 1296 Ph.
1459 1248 1491 1303 i,
1510 1251 1559 1297 2.
1570 1252 1637 1297 82

582 1311 688 1360 Nec
713 1319 762 1359 tu
783 1327 840 1358 ea
861 1326 1002 1359 causa
1023 1312 1242 1360 minueris
1275 1313 1395 1369 haec,
1427 1326 1534 1375 quae
1568 1313 1645 1358 fas

582 1376 650 1424 cis
684 1374 747 1425 A.
770 1376 820 1433 ii,
841 1380 888 1424 3.
915 1380 974 1424 18
1022 1375 1120 1432 Qui
1151 1376 1265 1423 mihi
1292 1376 1480 1439 reliquit
1517 1378 1640 1435 haec,

583 1456 689 1503 quae
711 1442 877 1497 habeo,
901 1442 1056 1488 omnia
1088 1441 1178 1488 Eu.
1216 1440 1250 1502 i,
1271 1445 1320 1488 2.
1343 1444 1407 1489 40
1449 1439 1547 1488 Ubi
1571 1442 1639 1487 vi-‘

582 1508 676 1553 deo
714 1507 815 1553 haec
835 1522 848 1565 3
887 1507 1008 1569 coepi
1039 1506 1239 1568 cogitare
1285 1504 1407 1554 Hea.
1447 1506 1482 1561 i,
1507 1511 1550 1553 1.
1572 1510 1602 1553 7
1606 1510 1639 1556 6

583 1570 700 1618 Haec
723 1586 829 1618 cum
845 1568 934 1625 illi,
959 1570 1130 1627 Micio,
1151 1570 1277 1627 dico,
1301 1569 1388 1615 tibi
1409 1570 1517 1617 dico
1541 1568 1641 1617 Ad.

582 1634 621 1691 i,
644 1640 696 1683 2.
718 1640 780 1683 16
822 1634 944 1682 Istos
977 1635 1162 1683 invidos
1195 1634 1264 1681 Di
1298 1634 1520 1696 perdant!
1557 1636 1641 1698 qui

583 1701 686 1747 haec
701 1699 899 1746 libenter
911 1700 1131 1747 nuntiant
1160 1699 1256 1749 He.
1280 1698 1352 1753 iii,
1370 1705 1417 1747 5.
1437 1704 1499 1748 19
1522 1697 1638 1745 Om-

583 1763 669 1812 nia
683 1765 782 1811 haec
799 1763 1062 1827 confingam
1084 1764 1174 1812 Ph.
1193 1764 1229 1820 i,
1247 1768 1296 1815 2.
1317 1768 1380 1811 80
1397 1762 1484 1811 Me
1498 1762 1550 1809 in
1568 1763 1642 1811 his

584 1828 828 1875 deseruisti
850 1828 980 1875 malis
1012 1829 1137 1877 Hea.
1171 1828 1222 1883 ii,
1243 1832 1293 1876 3.
1320 1831 1380 1876 17
1420 1827 1511 1875 Illa
1531 1843 1640 1877 cum

583 1893 656 1938 his
677 1894 934 1939 amittenda
955 1901 1064 1941 sunt
1111 1892 1236 1939 Hea.
1276 1892 1329 1947 ii,
1349 1896 1398 1940 3.
1423 1896 1485 1941 84
1536 1892 1639 1939 Ho-

585 1958 757 2004 minem
778 1956 852 2003 his
873 1958 1024 2004 verbis
1043 1958 1193 2005 sentio
1212 1956 1430 2004 mollirier
1463 1956 1554 2005 Ph.
1573 1958 1638 2016 iv,

585 2026 632 2070 3.
646 2026 709 2071 27
745 2022 917 2085 passim

648 2085 816 2141 Hicce,
841 2086 1032 2142 Haecce,
1052 2086 1230 2134 Hocce.
1275 2085 1402 2133 Hice
1422 2087 1513 2133 hoc
1534 2100 1641 2135 mu-

585 2166 694 2198 nere
715 2151 992 2198 arbitrantur
1013 2167 1141 2199 suam
1161 2151 1390 2197 Thaidem
1411 2166 1515 2197 esse
1551 2150 1639 2197 Eu.

585 2215 636 2269 ii,
659 2220 706 2263 2.
729 2220 790 2263 38
832 2215 1018 2265 Interea
1039 2216 1231 2262 moritur
1250 2218 1476 2277 cognatus
1499 2230 1639 2263 senex

585 2278 776 2325 horunc'
810 2278 902 2326 He.
925 2280 962 2334 i,
985 2285 1031 2327 2.
1053 2284 1116 2327 97
1159 2278 1280 2325 Tum
1311 2286 1533 2340 praeterea
1553 2280 1640 2326 ho-

585 2343 714 2391 runc'
737 2358 938 2389 amorem
961 2343 1155 2389 distrahi
1171 2342 1371 2405 poterin'
1395 2342 1526 2403 pati?
1551 2343 1641 2389 Ph.

582 2406 655 2462 iii,
676 2412 727 2455 2.
751 2411 814 2453 33
863 2406 1008 2454 Hisce
1045 2422 1134 2468 ego
1155 2422 1251 2452 non
1274 2422 1386 2468 paro
1407 2421 1484 2452 me
1507 2413 1559 2452 ut
1581 2407 1640 2453 ri-

585 2472 729 2518 deant
760 2470 851 2518 Eu.
871 2470 924 2527 ii,
945 2476 992 2520 2.
1020 2474 1079 2519 18
1126 2470 1272 2518 Hisce
1294 2483 1436 2532 opera
1460 2476 1511 2516 ut
1531 2471 1643 2518 data

588 2536 649 2582 sit
681 2535 775 2583 Ad.
797 2536 862 2592 iv,
888 2540 932 2584 1.
956 2540 1018 2584 14
1051 2535 1182 2591 Quid
1205 2535 1355 2582 dicam
1379 2534 1505 2582 hisce
1525 2535 1543 2582 ?
1567 2535 1641 2582 in-

585 2608 737 2648 certus
753 2616 854 2647 sum
888 2599 982 2648 He.
1004 2599 1074 2658 iii,
1095 2604 1143 2648 4.
1166 2604 1230 2648 36
1271 2599 1392 2647 Inde
1415 2598 1542 2646 hisce
1565 2616 1641 2648 os-

586 2665 776 2712 tendam
801 2681 872 2713 me
904 2665 993 2712 Ph.
1025 2681 1071 2721 v,
1094 2670 1142 2713 6.
1165 2670 1228 2713 52
1260 2664 1372 2712 Sine
1393 2662 1524 2710 illum
1546 2665 1641 2728 pri·

587 2745 698 2776 ores·
713 2739 865 2793 partes
887 2730 1025 2778 hosce
1059 2727 1236 2793 aliquot
1265 2729 1372 2776 dies
1403 2729 1529 2790 apud
1568 2745 1641 2777 me

585 2795 757 2842 habere
791 2795 883 2844 Eu,
909 2795 940 2850 i,
965 2799 1015 2842 2.
1038 2798 1101 2842 71
1149 2793 1224 2840 Tu
1253 2795 1396 2841 hosce
1430 2793 1641 2842 instruet

587 2858 680 2910 Ge.
714 2859 837 2907 Illuc
857 2865 929 2908 est
949 2874 1108 2920 sapere
1129 2859 1139 2904 !
1174 2861 1228 2905 ut
1249 2859 1387 2906 hosce
1409 2857 1642 2914 instruxit,

585 2924 716 2985 ipsus
755 2924 844 2971 sibi
881 2923 1007 2972 cavit
1037 2923 1142 2970 loco
1187 2922 1280 2974 Eu.
1314 2923 1376 2978 iv,
1399 2925 1447 2969 7.
1473 2925 1551 2971 11.
1584 2927 1643 2972 12

587 2987 718 3034 Num
744 3005 815 3035 me
837 2987 1024 3044 fefellit,
1045 2988 1186 3034 hosce
1207 2987 1258 3034 id
1280 2986 1487 3034 struere?
1522 2985 1644 3037 Hea.

585 3051 655 3107 iii,
679 3058 727 3100 2.
747 3057 776 3102 3
811 3053 915 3100 Etsi
937 3052 1054 3112 scio,
1076 3052 1217 3099 hosce
1233 3051 1414 3116 aliquot
1428 3050 1530 3097 dies
1546 3065 1646 3098 non

585 3117 758 3166 sentiet
787 3117 912 3165 Hea.
944 3117 1077 3177 iv,·6.
1102 3121 1130 3165 4
1181 3115 1280 3172 Qui
1301 3123 1348 3163 te
1370 3121 1495 3162 amat
1517 3115 1645 3177 plus-

588 3183 727 3244 quam
765 3182 908 3228 hosce
944 3180 1107 3228 oculos
1137 3178 1234 3226 Ad.
1271 3196 1316 3236 v,
1339 3184 1388 3229 7.
1408 3185 1438 3227 5
1487 3179 1644 3227 Adibo

587 3247 730 3292 hosce
785 3245 877 3292 Ph.
917 3245 980 3306 iv,
1001 3248 1050 3292 3.
1071 3247 1104 3291 4
1152 3244 1333 3290 Mene?
1374 3243 1464 3292 Ch.
1496 3243 1644 3292 Hisce

589 3309 769 3368 oculis;
791 3323 852 3355 ne
873 3323 996 3370 nega
1025 3306 1152 3354 Hea.
1187 3306 1258 3366 iii,
1278 3311 1326 3356 3.
1343 3310 1373 3354 3
1418 3305 1611 3354 Certum
1631 3326 1644 3356 z

586 3373 716 3419 hisce
751 3371 900 3420 oculis
935 3378 1122 3434 egomet
1158 3371 1264 3418 vidi:
1289 3369 1382 3418 Ad.
1412 3370 1482 3426 iii,
1506 3375 1554 3420 2.
1579 3376 1642 3422 31

587 3435 787 3498 Propter
799 3435 992 3498 hujusce
1005 3435 1202 3498 hospitas
1225 3436 1613 3484 consuetudinem
1626 3438 1644 3484 ?

589 3500 655 3549 A.
677 3501 726 3556 ii,
749 3505 798 3550 6.
823 3506 852 3549 8
875 3499 944 3547 Ni
967 3501 1080 3548 mihi
1094 3507 1216 3548 esset
1229 3516 1336 3563 spes
1353 3507 1539 3548 ostensa
1556 3501 1645 3548 hu·

583 3565 721 3628 jusce
743 3565 970 3613 habendae
992 3565 1083 3613 Ph.
1107 3582 1152 3617 v.
1175 3569 1222 3614 4.
1245 3569 1276 3614 8
1298 3565 1442 3612 Hisce
1463 3563 1645 3627 aliquid

589 3646 691 3690 esse
712 3639 984 3679 eventurum
997 3629 1110 3676 mali
1143 3629 1236 3676 Eu.
1254 3647 1304 3688 v,
1322 3635 1371 3679 6.
1390 3634 1455 3679 29
1487 3629 1645 3678 Hasce

589 3695 872 3742 ornamentis
915 3699 1258 3759 consequentur
1305 3694 1462 3742 alterae
1520 3693 1645 3743 Hea.

589 3760 656 3815 iv,
679 3764 734 3810 7·.’
749 3764 782 3808 9
829 3759 1060 3808 Horresco
1103 3774 1301 3822 semper,
1339 3759 1421 3806 ubi
1464 3759 1646 3820 pultare

590 3825 729 3872 hasce
747 3824 922 3889 (fores)
945 3824 1128 3887 occipio
1145 3825 1282 3871 miser
1314 3821 1408 3871 Ad.
1431 3821 1496 3878 iv,
1512 3826 1563 3870 4.
1580 3826 1646 3871 24

589 3888 750 3936 Petito
773 3890 912 3937 hasce
935 3904 964 3935 a
985 3905 1058 3936 me
1081 3889 1244 3936 decem
1291 3886 1383 3935 Ph.
1419 3885 1488 3942 iv,
1511 3890 1559 3934 3.
1581 3891 1647 3935 69

593 3951 711 4001 Cum
735 3953 1122 4002 scireminfirmas
1145 3952 1332 4016 nuptias
1371 3951 1510 3998 hasce
1545 3965 1648 3998 esse

591 4017 684 4066 Ph.
722 4034 770 4080 V,
797 4023 843 4067 1.
868 4023 897 4067 7
939 4016 1036 4073 Qui
1057 4033 1131 4064 me
1152 4023 1204 4063 et
1223 4031 1275 4063 se
1297 4015 1427 4063 hisce
1447 4014 1648 4076 impedi-

583 4077 661 4127 ”vit
679 4081 886 4146 nuptiis!
922 4081 1012 4131 Ph.
1033 4081 1084 4139 ii,
1098 4085 1148 4130 4.
1167 4084 1198 4129 2
1231 4079 1399 4127 Hocce
1415 4079 1541 4126 haud
1557 4078 1647 4126 du-

594 4143 720 4192 bium
743 4152 831 4203 est,
853 4147 968 4210 quin
1017 4146 1082 4195 A.
1113 4146 1166 4202 ii,
1187 4149 1238 4193 3.
1261 4149 1322 4194 17
1370 4141 1519 4191 Hisce
1557 4159 1647 4206 ego

591 4206 722 4256 illam
744 4211 884 4258 dictis
900 4210 968 4258 ita
987 4211 1074 4259 tibi
1093 4209 1329 4259 incensam
1348 4208 1470 4256 dabo
1491 4206 1583 4257 Ph.
1600 4225 1647 4266 v,

650 4334 878 4388 ‘Hiccinm
921 4337 1124 4388 Hit-,eine
1144 4353 1218 4387 me
1235 4337 1276 4386 si
1297 4335 1574 4400 imparatum
1595 4336 1647 4384 in

1555 442 1827 501 rnnax..2
1904 417 1909 421 ’
1996 454 2011 495 ι

1704 599 1823 649 veris
1843 600 2022 665 nuptiis
2040 600 2232 651 adortus
2254 602 2379 651 esser
2426 602 2493 655 A.
2532 603 2606 662 iii,
2630 604 2776 659 1.·2θ
2805 628 2808 631 ·

1704 665 1910 714 Hiccine
1931 673 2021 727 est,
2038 665 2167 713 Simo
2190 668 2207 713 ?
2240 665 2304 715 A.
2340 683 2385 725 v,
2406 672 2457 717 4.
2480 674 2513 719 4
2564 670 2769 723 Hiccine

1705 745 1803 777 non
1824 732 2075 793 gestandus
2094 730 2149 778 in
2170 732 2277 779 sinu
2290 733 2398 779 est?
2432 732 2531 785 Ad.
2554 734 2622 790 iv,
2639 744 2686 785 6.
2701 742 2773 787 75³

1704 793 1951 857 Numquid
1993 796 2069 844 hic
2086 796 2343 844 :confecit2
2392 798 2483 847 Ph.
2527 799 2731 850 Hiccine
2748 804 2771 850 ?

1706 859 1798 907 Pb.
1834 860 1905 921 iii,
1926 864 1973 909 2.
1995 864 2061 910 24
2114 859 2313 909 Hiccine
2356 866 2409 909 ut
2442 864 2641 912 a-nobis
2674 868 2769 915 hoe

1708 930 1890 971 tantum
1930 924 2111 987 argenti
2152 925 2367 973 auferat?
2420 926 2509 974 Ph.
2549 944 2595 984 v,
2628 934 2677 979 7.
2700 936 2769 980 62

1709 988 1912 1036 Hiccine
1934 995 1987 1035 ut
2004 990 2093 1037 tibi
2116 990 2394 1052 respondeat
2413 991 2430 1038 ?
2466 992 2555 1039 Ph.
2588 1009 2637 1051 v,
2660 999 2707 1043 8.
2731 1000 2763 1045 3

1710 1052 1957 1101 Hunccine
1979 1060 2079 1101 erat
2098 1068 2283 1117 aequum
2306 1070 2360 1101 ex
2384 1055 2509 1103 illius
2542 1073 2670 1105 more
2693 1060 2774 1107 vi-'

1710 1132 1833 1179 vere,
1850 1118 1943 1164 an?
1978 1118 2103 1166 Hea.
2122 1118 2155 1173 i,
2174 1123 2222 1166 2.
2236 1124 2301 1167 29
2332 1118 2531 1169 Hiscine
2550 1130 2617 1177 tu,
2636 1138 2768 1171 ama-

1711 1182 1791 1244 bo,
1812 1197 1908 1229 non
1931 1190 2093 1230 contra
2114 1182 2422 1231 insidiabere?
2459 1184 2552 1232 He.
2572 1186 2609 1246 i,
2632 1192 2679 1236 l.
2701 1192 2769 1237 13

1710 1246 1755 1293 0
1772 1245 1986 1309 Jupiter!
2008 1246 2203 1294 hoscine
2215 1248 2395 1296 mores!
2430 1248 2529 1297 Ad.
2549 1250 2618 1305 iv,
2636 1255 2769 1301 7.40

1711 1310 1934 1359 Haeccine
1957 1327 2012 1358 ea
2046 1320 2118 1359 est
2132 1311 2157 1357 ἓ·
2198 1311 2307 1361 He..
2330 1329 2375 1368 v,
2400 1316 2447 1361 2.
2470 1320 2500 1363 5
2536 1314 2767 1365 Haeccine

1711 1382 1810 1422 erat
1830 1390 1887 1423 ea
1908 1375 2059 1423 vilitas
2078 1377 2097 1423 ἓ
2131 1374 2223 1422 Ph.
2260 1392 2309 1435 v,
2334 1380 2381 1425 8.
2404 1380 2469 1425 24
2520 1378 2770 1429 Hanccine

1712 1452 1801 1550 {go
1836 1446 1889 1515 ut
1928 1439 2340 1553 gonltumoelipm·{n
2376 1456 2458 1551 'mg
2494 1443 2766 1519 accipiam?

1758 1520 1817 1553 u.·
1848 1520 1914 1561 ιν,
1974 1539 1987 1554 .
2204 1520 2287 1566 ιιρι
2308 1520 2357 1552 er
2377 1541 2387 1551 .
2459 1520 2657 1556 anccrne
2696 1525 2769 1557 vr-

1712 1576 1807 1615 tam
1827 1568 1838 1614 l
1874 1568 1969 1618 Ad.
1992 1569 2053 1631 iv,
2075 1574 2124 1619 7.
2144 1573 2213 1617 40
2242 1568 2487 1617 Hanccine
2508 1587 2599 1633 ego
2621 1572 2769 1621 vitam

1713 1633 1837 1695 parsi
1878 1634 2071 1697 perdere
2092 1634 2109 1681 ?
2164 1633 2258 1681 He.
2294 1633 2363 1689 iii,
2389 1638 2435 1682 1.
2458 1640 2491 1683 2
2538 1636 2771 1686 Haeccine

1712 1705 1846 1745 erant
1864 1698 2035 1745 itiones
2057 1698 2261 1745 crebrae?
2295 1697 2387 1748 Ph.
2407 1715 2456 1753 v,
2478 1704 2528 1751 8.
2550 1704 2613 1749 23
2637 1701 2769 1751 Hoc-

1714 1762 1823 1810 cine
1858 1770 1931 1809 est
1967 1763 2219 1809 humanum
2258 1762 2471 1810 sactum?
2505 1762 2569 1812 A.
2606 1766 2641 1821 i,
2668 1772 2714 1815 5.
2738 1770 2765 1815 1

1713 1825 1917 1874 Hoccin'
1940 1833 2011 1873 est
2028 1826 2285 1875 credibile?
2318 1826 2383 1874 A.
2403 1828 2469 1884 iv,
2493 1833 2538 1877 1.
2566 1833 2590 1877 1
2637 1830 2771 1879 Hoc-

1714 1891 1835 1938 cine·
1863 1890 1944 1937 illo
1987 1892 2184 1953 dignum
2228 1892 2335 1938 est?
2386 1890 2483 1944 Ad.
2521 1892 2579 1953 ii,
2614 1898 2663 1943 2.
2702 1900 2769 1944 29

1714 1954 1930 2002 Hoccine
1951 1956 2166 2003 saeclum!
2210 1971 2239 2001 ο
2261 1956 2462 2003 scelera!
2497 1956 2591 2005 Ad.
2626 1958 2697 2015 iii,
2720 1964 2769 2009 2.

1714 2025 1747 2067 6
1798 2019 2015 2067 Hoccine
2053 2020 2169 2082 agis,
2207 2034 2268 2066 an
2304 2021 2433 2067 non?
2468 2019 2534 2069 A.
2572 2022 2611 2077 i,
2630 2028 2681 2073 2.
2707 2030 2770 2073 15

1715 2082 1928 2132 Hoceine
1962 2091 2057 2131 tam
2090 2085 2242 2131 audax
2275 2084 2457 2132 facinus
2488 2086 2641 2134 facere
2668 2103 2772 2135 esse

1716 2148 1911 2195 ausum?
1946 2149 2037 2196 Eu.
2072 2147 2137 2204 iv,
2160 2154 2208 2197 3.
2234 2153 2267 2197 2
2300 2148 2517 2197 Hoecine
2540 2166 2613 2198 me
2634 2151 2773 2200 mise-

1716 2228 1817 2261 rum
1834 2228 1929 2259 non
1953 2212 2092 2262 licere
2112 2228 2217 2261 meo
2238 2214 2377 2260 modo
2396 2214 2633 2275 ingenium
2651 2214 2768 2264 frui!

1715 2271 1837 2325 Hea.
1874 2278 1927 2332 ii,
1950 2283 1998 2325 4.
2021 2282 2083 2325 21
2136 2277 2350 2325 Hoccine
2378 2278 2603 2341 quaesisti,
2634 2280 2771 2328 obse-

1716 2341 1828 2388 cro?
1884 2340 2007 2388 Hea.
2048 2358 2097 2395 v,
2136 2347 2185 2390 4.
2220 2346 2253 2390 6
2308 2342 2531 2390 Hoccine'
2565 2344 2772 2408 incipere

1716 2404 2034 2452 AEsehinum?
2067 2404 2166 2452 Ad.
2201 2406 2253 2462 ii,
2276 2410 2325 2453 2.
2347 2411 2413 2455 29
2459 2407 2675 2457 Hoccine
2709 2410 2771 2457 de

1716 2469 1967 2533 improviso
1990 2469 2101 2516 mali
2121 2469 2237 2517 mihi
2253 2471 2399 2536 objici
2421 2478 2602 2520 tantum
2623 2474 2640 2521 ?
2673 2474 2770 2522 Ad.

1716 2534 1782 2594 iv,
1805 2539 1851 2583 4.
1878 2539 1904 2582 1
1938 2533 2166 2582 Haeccine
2188 2535 2365 2598 flagitia
2386 2537 2397 2582 l
2432 2537 2531 2587 Ad.
2553 2538 2624 2595 iii,
2642 2543 2689 2587 3.
2704 2543 2769 2588 25

1716 2598 1943 2646 Haeccine
1964 2598 2096 2646 fieri!
2132 2599 2230 2647 Ad.
2269 2601 2338 2657 iii,
2360 2606 2408 2650 3.
2430 2606 2495 2652 36
2550 2602 2773 2652 Haeccine

1715 2663 1894 2726 flagitia
1910 2663 2063 2713 facere
2084 2665 2159 2712 te!
2182 2666 2283 2713 haec
2308 2671 2355 2713 tae
2378 2666 2647 2715 admittere!
2669 2667 2770 2719 Ad.

1718 2727 1789 2782 iii,
1808 2732 1857 2776 3.
1882 2732 1945 2776 54

1782 2791 1969 2840 Hilaris.
2006 2793 2225 2842 Hilarus„
2268 2794 2476 2842 Hilarem
2499 2797 2625 2844 hunc
2645 2811 2773 2844 sum-

1716 2871 1847 2904 amus
1881 2857 2007 2904 diem
2043 2859 2143 2907 Ad.
2178 2859 2229 2914 ii,
2250 2863 2301 2908 4.
2321 2864 2402 2908 23.
2438 2876 2483 2916 v,
2500 2864 2549 2909 3.
2572 2865 2637 2909 68
2681 2859 2772 2910 Hi-
2838 2887 2844 2892 -

1717 2920 1862 2968 larum
1884 2937 1938 2970 ac
1964 2923 2199 2970 lubentem
2221 2924 2297 2970 fac
2326 2931 2377 2971 te
2404 2924 2453 2970 in
2483 2924 2616 2987 gnati
2648 2940 2773 2988 nup-

1720 2985 1796 3033 tiis
1828 2985 1923 3033 Ad.
1966 2986 2029 3043 iv,
2052 2991 2105 3036 7.
2123 2991 2187 3036 38
2237 2987 2396 3036 Hodie
2412 2989 2555 3036 modo
2576 2989 2773 3037 hilarum

1718 3050 1791 3098 sac
1815 3056 1861 3097 te
1896 3050 1990 3098 Ad.
2011 3069 2063 3106 v,
2082 3055 2129 3098 3.
2150 3056 2217 3099 56
2248 3051 2389 3100 Certe
2404 3058 2457 3099 tu
2476 3053 2669 3116 quidem
2690 3053 2775 3118 pol

1720 3123 1768 3162 et
1789 3115 1938 3161 multo
1960 3115 2147 3161 hilarior
2178 3115 2270 3162 Eu.
2297 3116 2365 3175 iv,
2386 3121 2434 3162 5.
2458 3121 2487 3166 5

1780 3177 1926 3227 Hinc.
1993 3178 2121 3226 Hinc
2142 3177 2235 3224 illae
2260 3177 2513 3242 lacrymae!
2562 3179 2627 3228 A.
2663 3180 2697 3236 i,
2724 3185 2773 3232 1.

1718 3246 1782 3290 99
1825 3243 1927 3304 Ego
1950 3243 2062 3290 hinc
2081 3257 2156 3289 me
2188 3241 2248 3290 ad
2281 3242 2435 3290 forum
2483 3241 2551 3292 A.
2576 3243 2613 3299 i,
2635 3248 2685 3292 3.
2706 3249 2772 3294 21

1719 3306 1865 3353 Abin'
1888 3307 1997 3354 hinc
2030 3307 2079 3354 in
2112 3305 2279 3353 malam
2311 3322 2411 3359 rem
2457 3306 2525 3356 A.
2561 3306 2615 3365 ii,
2642 3312 2687 3356 1.
2712 3314 2772 3359 17

1718 3371 1887 3434 Fugin'
1910 3371 2017 3419 hinc
2038 3372 2055 3418 ?
2088 3369 2153 3420 A.
2174 3370 2226 3427 ii,
2258 3377 2298 3420 1.
2320 3375 2381 3421 37
2422 3370 2487 3420 Ut
2500 3371 2616 3420 'hinc
2640 3372 2775 3422 tein-

1721 3441 1791 3482 tro
1813 3436 1877 3483 ire
1894 3435 2015 3499 jussi
2049 3434 2114 3486 A.
2149 3435 2218 3491 iii,
2240 3440 2288 3485 4.
2310 3440 2371 3485 21
2423 3436 2554 3493 Quin
2588 3438 2697 3484 hine
2722 3438 2773 3485 in

1719 3499 1968 3562 pistrinum
1989 3509 2116 3549 recta
2139 3501 2401 3564 proficiscar
2422 3501 2499 3547 via
2528 3500 2595 3548 A.
2632 3499 2702 3558 iii,
2723 3505 2775 3550 4.

1718 3569 1781 3613 21
1818 3563 2023 3613 Proinde
2045 3566 2155 3613 hinc
2186 3581 2268 3612 vos
2302 3563 2576 3614 amolimini.
2642 3564 2775 3621 Quid

1720 3629 1807 3675 tu?
1830 3644 1925 3692 quo
1948 3630 2057 3677 hinc
2080 3637 2128 3677 te
2154 3629 2253 3692 agis
2276 3629 2294 3676 ?
2340 3627 2407 3676 A.
2439 3629 2510 3692 iv,
2531 3635 2581 3679 2.
2604 3633 2687 3678 24.
2708 3635 2773 3679 25

1720 3692 1791 3738 Ex
1814 3709 1892 3739 ara
1913 3693 2022 3741 hinc
2045 3709 2175 3741 sume
2192 3695 2415 3742 verbenas
2438 3695 2525 3742 tibi
2556 3693 2621 3740 A.
2642 3694 2711 3751 iv,
2728 3698 2777 3744 3.

1722 3761 1782 3806 11
1815 3757 1944 3804 ,Hinc
1966 3759 2025 3804 ab
2056 3759 2248 3806 dextera
2278 3757 2437 3807 venire
2469 3775 2544 3808 me
2582 3758 2779 3806 assimu-

1716 3821 1829 3868 labo
1862 3820 1928 3868 A.
1951 3821 2014 3878 iv,
2036 3825 2086 3870 3.
2112 3827 2175 3870 19
2209 3823 2415 3886 Propera
2435 3825 2557 3871 adeo
2581 3838 2774 3886 puerum

1716 3885 1886 3932 tollere
1907 3885 2018 3933 hine
2041 3887 2100 3934 ab
2117 3885 2269 3949 janua
2301 3887 2367 3938 A.
2390 3887 2457 3942 iv,
2480 3893 2530 3936 4.
2550 3892 2615 3936 20
2636 3887 2776 3936 Hane

1714 3948 1815 4012 -jam
1840 3958 2027 4012 oportet
2056 3951 2109 3998 in
2131 3952 2388 4000 cruciatum
2409 3952 2519 4000 hinc
2539 3951 2679 4014 arripi
2708 3951 2777 4003 A.

1718 4015 1789 4075 iv,
1811 4017 1860 4062 4.
1880 4019 1947 4064 47
1982 4013 2115 4062 Illam
2138 4015 2248 4064 hine
2270 4017 2419 4065 civem
2441 4031 2543 4063 esse
2559 4015 2693 4062 aiunt
2713 4014 2778 4064 A.

1714 4094 1769 4135 -v,
1795 4082 1841 4128 1.
1866 4083 1928 4132 14
1976 4079 2027 4126 Is
2058 4080 2189 4142 hinc,
2222 4080 2395 4128 bellum
2430 4079 2629 4142 fugiens,
2667 4094 2777 4142 pro·

1722 4142 1943 4194 ficiscitur
1972 4143 2039 4194 A.
2075 4161 2123 4202 v,
2144 4149 2195 4194 4.
2215 4149 2279 4194 32
2334 4143 2537 4206 Propere
2578 4157 2778 4202 arcesse,

1722 4207 1833 4256 hinc
1854 4208 1938 4272 qui
1958 4208 2170 4256 auferant
2184 4225 2294 4257 ream
2326 4207 2390 4255 A.
2427 4224 2477 4269 v,
2498 4211 2547 4256 6.
2570 4211 2633 4259 15
2681 4207 2778 4258 Pu-

1722 4272 1859 4320 ellam
1879 4273 2010 4321 dono
2027 4274 2177 4331 dedit,
2210 4289 2268 4320 ex
2300 4271 2463 4320 Attica
2492 4271 2603 4320 hinc
2623 4287 2779 4336 arrep-

1714 4343 1821 4388 tam
1854 4337 1947 4388 Eu.
1980 4337 2016 4397 i,
2038 4341 2088 4391 2.
2108 4341 2173 4388 30
2216 4337 2494 4387 Concedam.
2508 4337 2621 4388 hine
2655 4338 2781 4390 inm
