3192 4975
947 412 1091 463 TER
1102 410 1308 461 EN'ru
1359 410 1641 459 PHoRM.
1688 408 2099 459 PROLOGUS.

433 558 520 618 lit,
540 554 922 619 Epidicazome
955 555 1096 605 dicta
1124 560 1226 617 est,
1261 568 1294 603 a
1311 554 1485 619 puella

439 632 507 681 de
536 647 638 695 qua
663 631 917 695 judicium
957 638 1039 681 est
1063 648 1078 679 ε
1114 645 1269 696 quum
1293 628 1359 679 sit
1383 630 1485 680 alia

436 708 846 770 Epidicmmeaos
886 708 1122 771 ejusdem
1165 706 1483 769 Apollodori.

434 782 636 833 Debuit
669 796 798 845 ergo
843 782 1024 833 dicere
1069 782 1485 845 Epidicaonoem

437 858 648 909 Graece.
669 859 820 909 Idem.

497 931 898 993 Ἤτιδικαζόμενον
927 947 1066 995 quam
1103 937 1268 981 vocant
1309 932 1484 981 Comoe·

432 1007 584 1070 dimo]
599 1005 862 1057 Defendit
881 1013 1066 1055 contra
1083 1006 1338 1054 Donatum
1356 1004 1486 1055 hanc

431 1080 713 1131 lectionem
729 1080 986 1145 Guyetus,
1005 1094 1152 1143 quem
1170 1080 1303 1128 vide.
1342 1078 1485 1128 Boece.

496 1148 906 1217 'sa-mmmmm
938 1170 1073 1219 qnam
1103 1160 1272 1203 vocant
1302 1154 1490 1217 Groeci]

431 1230 522 1280 Ita
537 1232 679 1279 enim
700 1240 999 1293 comparata
1031 1244 1110 1278 res
1145 1238 1248 1288 est,
1281 1236 1340 1278 ut
1384 1229 1490 1279 dis·

432 1304 718 1369 quisitione
753 1319 883 1369 opus
917 1304 1120 1366 habeat,
1160 1311 1383 1368 propter
1403 1320 1488 1369 ca:

431 1378 679 1430 lumniam
702 1378 1022 1443 excerptoris
1043 1396 1056 1425 ε
1089 1376 1190 1443 (sic
1214 1392 1338 1427 eum
1361 1392 1490 1428 voco

433 1453 525 1517 qni
547 1453 692 1503 nobis
713 1454 980 1503 Donatum
1003 1460 1110 1503 tam
1126 1453 1333 1515 misere,
1357 1460 1488 1503 tam-

435 1541 538 1593 que
573 1530 814 1592 imperite
849 1524 1114 1579 mutilavit
1132 1528 1174 1593 z)
1217 1530 1292 1579 sic
1323 1530 1490 1593 loqui-

435 1612 555 1653 tur:
591 1604 724 1653 ‘Hic
748 1604 1062 1667 manifeste‚'
1089 1598 1186 1654 &css
1226 1604 1361 1655 Haec
1384 1605 1490 1655 ille.

437 1686 494 1728 at
525 1692 622 1742 ego
642 1679 742 1728 boc
765 1680 892 1732 satis
913 1680 1020 1729 scio
1041 1696 1056 1729 z
1085 1680 1128 1727 si
1149 1680 1250 1729 iste
1271 1686 1491 1743 nugator

434 1753 590 1804 hodie
633 1754 857 1817 viveret,
896 1755 1034 1818 apud
1078 1754 1329 1817 Reginam
1375 1754 1488 1803 Mo·

438 1829 570 1879 riam
611 1829 884 1879 codicillos
927 1830 1166 1879 belluinae
1206 1830 1489 1880 nobilitatis

437 1904 714 1966 obtineret,
735 1911 791 1953 et
812 1920 878 1953 ex
896 1904 1148 1954 beneflcio
1177 1911 1335 1954 tantae
1354 1905 1490 1969 regi-

438 1992 540 2041 nae,
593 1980 794 2027 etiamsi
847 1979 1061 2028 haberet
1122 1980 1490 2041 competitores

437 2060 688 2119 quantum
704 2068 838 2104 nunc
860 2052 1118 2104 fatuorum
1142 2055 1237 2103 sub
1256 2056 1365 2103 sole
1388 2058 1490 2115 est,

439 2142 527 2179 eos
559 2144 735 2179 omnes
758 2131 912 2193 longe
937 2135 1053 2193 post
1077 2144 1132 2178 se
1155 2129 1490 2192 relinqueret.

438 2204 575 2253 Nam
596 2206 679 2255 cni
697 2205 908 2255 tandem
924 2204 1114 2255 bomini
1130 2211 1254 2254 nato
1271 2203 1364 2253 fiat
1381 2218 1492 2252 cre·

437 2278 618 2341 dibile,
637 2280 958 2341 Terentium,
995 2280 1310 2341 Scipionem,
1342 2280 1494 2328 Laeli-

437 2368 544 2411 um,
566 2355 682 2417 ejus
694 2356 854 2418 ipsius
872 2354 1083 2403 Fabuiae
1103 2367 1288 2402 nomen
1307 2353 1494 2401 nescis·

440 2442 520 2492 se,
538 2443 686 2494 qnam
705 2430 816 2490 ipse
839 2430 922 2478 vel
943 2428 1042 2492 ipsi
1058 2426 1362 2477 vertendam
1387 2441 1495 2475 sus-

440 2505 738 2567 cepissent?
781 2504 960 2553 Isthuc
1000 2517 1066 2551 ne
1099 2503 1151 2551 in
1172 2503 1494 2552 cucurbitam

440 2580 648 2644 quidem
683 2580 885 2628 Claudii
919 2579 1104 2628 cadere
1147 2577 1326 2640 possit.
1389 2577 1495 2625 Sed

439 2663 501 2704 nt
524 2655 631 2704 dixi
646 2653 816 2716 modo,
831 2655 1012 2703 literas
1039 2653 1252 2702 Graecas
1275 2653 1361 2702 hic
1395 2667 1493 2701 non

439 2729 606 2778 habeo
626 2745 644 2790 ς
676 2743 836 2793 qnare
858 2729 924 2778 de
945 2728 1026 2776 his
1049 2727 1192 2777 alias.
1255 2728 1385 2776 Tum
1405 2741 1493 2776 ex-

438 2803 664 2866 plicabo,
687 2803 730 2852 si
746 2804 898 2866 copia
920 2803 1040 2852 mihi
1053 2801 1232 2862 fuerit,
1249 2803 1370 2866 quid
1387 2809 1496 2851 tan·

443 2877 562 2927 dem
579 2866 787 2927 err-abdi
819 2892 1024 2927 causam
1059 2877 1342 2939 praebuerit
1375 2877 1494 2926 huic

442 2952 696 3015 pulmoni.
729 2951 903 3001 Faber.

505 3032 570 3076 2‘1
629 3027 796 3076 Latini
847 3027 1184 3075 Phormionem
1235 3024 1501 3088 nonsinant]

443 3101 636 3166 Φόρμων·
655 3104 936 3166 tegiculum
955 3101 1138 3151 dicunt
1169 3100 1363 3161 Graeci,
1397 3115 1499 3165 quo

442 3179 750 3228 insternitur
770 3177 1116 3242 pavimentum
1145 3176 1314 3226 :unde
1332 3177 1498 3225 Phor-

443 3257 551 3304 mio
595 3263 838 3318 correpta
885 3255 1052 3317 prima
1103 3253 1306 3316 syllaba
1359 3253 1497 3316 apud

447 3329 939 3394 Apollodorumest.
1005 3330 1122 3378 Non
1164 3343 1288 3390 ergo
1332 3343 1361 3374 a
1395 3327 1496 3376 for-

446 3405 604 3461 mula,
630 3410 692 3453 ut
722 3403 929 3468 quidam
953 3411 1157 3466 putant,
1182 3403 1376 3455 dictum
1397 3409 1498 3450 est.

361 3509 368 3512 -
448 3479 588 3541 Ergo
624 3477 744 3527 inde
777 3479 1050 3542 parasitus,
1089 3477 1343 3524 vilissimae
1377 3490 1498 3524 con-

450 3552 662 3603 ditionis
701 3553 873 3615 homo,
907 3567 1093 3601 nomen
1140 3553 1363 3614 accepit.
1404 3551 1502 3598 Do·

451 3633 742 3760 ”agg-Quia
754 3703 935 3766 primas
952 3706 1112 3764 partes
1130 3701 1212 3763 qui
1232 3698 1368 3760 aget]
1393 3701 1502 3748 Pri·

393 3814 404 3826 .
452 3793 555 3827 mas
575 3793 728 3838 nunc,
758 3779 1004 3826 maximas
1027 3777 1094 3824 ad
1119 3782 1343 3824 actorem
1365 3775 1502 3824 enim

453 3853 634 3902 retulit
663 3853 865 3912 Cicero,
897 3851 913 3880 ⁶
941 3851 1095 3912 Saepe
1118 3849 1258 3896 illum
1297 3848 1385 3910 qui
1423 3854 1505 3898 est

450 3922 790 3976 secundarum
823 3925 1204 3975 autterti'arnm
1243 3921 1505 3986 partium.'

456 4003 746 4125 Idignhormio
761 4073 1023 4142 parasitus]
1057 4073 1112 4122 Si
1133 4087 1164 4121 a
1186 4071 1406 4122 formula
1424 4086 1503 4120 es-

456 4160 540 4202 set
560 4167 747 4201 nomen
765 4151 1048 4212 comoediae,
1071 4151 1283 4212 primam
1317 4148 1503 4212 produ·

387 4247 400 4256 ·
457 4242 692 4280 cer-emus
716 4225 998 4292 syllabam:
1031 4225 1074 4274 si
1114 4239 1147 4274 a
1176 4221 1506 4304 Phormione,

2440 388 2613 455 1606

1564 552 1830 617 corripere
1852 550 2118 600 debemus.
2140 549 2291 597 Iden.

1624 630 1691 676 29
1746 626 1849 675 Per
1890 638 2027 689 qm
2060 638 2141 673 res
2174 622 2341 685 agitur
2382 622 2615 686 nasius]

1562 701 1702 753 Quis.
1724 700 1901 765 primu
1920 706 2097 763 partes
2118 698 2275 748 etiam
2298 696 2438 747 aliud
2454 697 2613 760 signi·-

1557 776 1736 827 ficant.
1756 791 1858 825 non
1878 789 2007 838 ergo
2024 788 2159 823 nunc
2194 773 2413 835 primum
2436 777 2617 821 actum

1559 852 1709 910 dicit,
1745 852 1835 901 sed
1874 864 2096 901 summas
2131 854 2322 913 partes.
2388 848 2457 896 Et
2481 848 2613 897 bene

1557 929 1763 977 maschuc
1778 944 1795 975 .·
1829 926 1951 991 quia
1970 931 2025 975 et
2041 939 2135 989 per
2152 925 2293 974 alios.
2334 922 2485 971 Idem.

1629 1006 1693 1051 80
1734 1002 1962 1052 Voluntas
1987 1005 2147 1048 vostro
2171 998 2217 1047 si
2236 999 2299 1046 od
2321 996 2519 1046 Po‘e‘tm
2536 1010 2617 1059 nef

1563 1078 1773 1134 cesserit,
1805 1078 1915 1125 date
1950 1072 2159 1137 ορσωη]
2196 1073 2257 1123 Si
2294 1072 2511 1121 minator
2538 1086 2617 1120 oe·

1564 1152 1755 1203 cesserit
1769 1168 1786 1202 .-
1820 1166 1931 1216 pro,
1953 1151 1997 1198 si
2018 1148 2268 1199 faveritis.
2294 1160 2425 1196 nove
2442 1148 2517 1197 sic
2534 1160 2617 1195 oo-

1563 1228 1811 1287 luntatem,
1826 1240 1921 1291 pro
1938 1224 2121 1273 favore
2144 1222 2309 1286 ponit.
2344 1222 2493 1271 Idm.

1630 1305 1693 1351 ⁸1
1740 1302 1920 1351 Adeste
1960 1314 2091 1363 σφω
2130 1296 2311 1359 muno]
2358 1296 2529 1345 Pavor
2564 1296 2619 1346 in

1565 1376 1819 1427 comoedia
1861 1374 2124 1425 silentium
2160 1372 2475 1436 spectatoris
2516 1378 2621 1421 est.

1565 1454 1737 1504 Recte
1760 1469 1889 1517 ergo
1909 1454 2056 1503 addit
2076 1452 2430 1517 parile-ciem.
2450 1449 2619 1499 Idem.

1630 1530 1784 1593 AEth
1804 1528 1983 1591 animo]
2020 1528 2174 1578 Nunc
2198 1525 2485 1591 propositio
2518 1530 2620 1573 est.

1570 1602 1724 1653 Idem.

1631 1682 1697 1729 ³2
1730 1678 1813 1727 Ne
1846 1678 1993 1727 simili
2025 1684 2214 1727 utamur
2244 1676 2447 1737 fortuna
2482 1680 2620 1737 atqu
2672 1726 2679 1731 ,

1563 1753 1641 1803 sui
1661 1753 1849 1817 sumus]
1882 1754 1966 1804 Ne
1990 1754 2237 1818 populum
2258 1752 2498 1813 lederet,
2518 1748 2623 1799 for·

1566 1835 1743 1877 tunam
1767 1828 1948 1878 maluit
1966 1840 2229 1877 accusare.
2263 1826 2413 1877 Idem.

1630 1907 1693 1952 88
1730 1904 1886 1959 Quum
1905 1917 1992 1966 per
2022 1902 2275 1952 “muitum
2294 1898 2479 1961 amer]
2512 1898 2621 1961 Ap·

1565 1987 1719 2041 paret
1760 1978 2026 2043 Hecyram
2072 1984 2195 2027 ante
2253 1977 2625 2026 Phormionem

1566 2061 1735 2103 actam
1760 2068 1903 2103 esse:
1930 2054 2014 2103 cni
2032 2052 2251 2117 contigit
2266 2052 2317 2101 id
2337 2051 2473 2116 qnod
2498 2064 2623 2114 que-

1568 2129 1703 2178 ritur
1722 2133 1966 2193 populum
1992 2131 2355 2178 subacensans.
2395 2128 2544 2176 Idon-

1635 2204 1817 2253 Noster
1834 2218 1961 2265 grex
1981 2208 2133 2251 motus
2148 2204 2246 2251 loco
2261 2202 2355 2264 est]
2388 2204 2405 2230 ‘
2424 2202 2627 2264 Locus,'

1567 2288 1649 2331 est
1668 2280 1967 2329 distributio
1982 2287 2291 2343 temporum,
2310 2292 2423 2342 qun
2441 2277 2627 2342 cuique

1565 2357 1621 2405 in
1641 2357 1995 2419 spectaculum
2022 2362 2242 2403 venturo
2272 2352 2629 2403 attribuuntur

1565 2430 1633 2480 ab
1657 2430 1923 2480 AEdiiibus.
1964 2428 2119 2478 Unde
2133 2428 2231 2477 loeo
2249 2432 2401 2477 muas
2416 2427 2629 2492 dicitur,

1567 2508 1657 2571 qni
1696 2521 1813 2556 suas
1848 2507 1999 2555 boras
2034 2519 2135 2554 non
2165 2503 2447 2554 obtinuerit
2485 2501 2627 2551 inter

1568 2581 1923 2644 praecedentes
1946 2587 2002 2630 et
2035 2585 2421 2630 consecuturos.
2484 2577 2625 2638 Ergo

1569 2657 1801 2720 proprie.
1853 2657 1940 2706 Sic
1976 2661 2033 2705 et
2072 2655 2279 2715 Cicero,
2320 2653 2501 2702 ‘Loco
2536 2651 2625 2700 ille

1566 2741 1739 2781 motus
1763 2737 1863 2794 est,
1889 2745 2042 2795 quum
2066 2738 2148 2780 est
2172 2745 2237 2780 ex
2260 2729 2389 2778 urbe
2410 2725 2626 2793 pulsus!

1569 2808 1723 2856 Idem.

1636 2884 1701 2929 84
1759 2879 1915 2934 Quem
1957 2877 2133 2926 actoris
2174 2877 2355 2940 virtus]
2418 2877 2625 2940 Ubique

1569 2954 1749 3003 laudat
1766 2961 2014 3002 actorem.
2033 2959 2115 3000 est
2134 2952 2267 3000 enim
2279 2951 2460 3001 Poetae
2480 2952 2626 3000 utile.

1572 3026 1725 3076 Idem.

1640 3102 1794 3156 Quem
1830 3101 2007 3149 actoris
2037 3099 2217 3163 vinus]
2264 3099 2369 3150 Qui
2391 3101 2626 3149 exclusus

1571 3177 1773 3238 toties‚·
1805 3176 2029 3225 animum
2070 3188 2174 3223 non
2213 3175 2483 3236 abjecerit,
2534 3175 2627 3224 sed
2700 3159 2711 3176 ⁸

1571 3251 1990 3316 perseveraverit
2047 3263 2220 3313 agere.
2277 3248 2399 3298 ideo
2454 3247 2629 3300 ms.

1572 3327 1741 3376 Idem.

1636 3401 1877 3452 Restituit
1898 3398 2069 3461 locum]
2098 3400 2247 3447 Bene
2284 3399 2532 3462 repetivit
2552 3400 2628 3448 lo-

1571 3491 1711 3533 cum,
1746 3481 1803 3523 ut
1840 3471 2129 3536 ἂμφιβολίαν
2149 3475 2365 3522 vitaret:
2404 3487 2471 3522 ne
2492 3489 2628 3536 quem

1573 3552 1826 3600 tumultum
1856 3550 2029 3597 dicere
2052 3549 2335 3596 videretur.
2369 3548 2518 3598 Idem.

1638 3629 1700 3673 ³⁵
1740 3625 2024 3686 Bonitasque
2043 3627 2205 3672 vestm
2225 3623 2468 3684 odjum,
2488 3629 2627 3688 atque

1572 3697 1927 3762 equasti-nnita]
1962 3697 2171 3745 Bonitus
2188 3698 2241 3746 in
2264 3697 2501 3746 omnibus
2538 3713 2627 3760 ge.

1575 3775 1820 3823 neraliter
1844 3773 1998 3822 rebus
2036 3781 2145 3822 est:
2190 3773 2539 3836 AEquanimitus
2572 3777 2628 3824 in

1574 3847 1879 3911 spectando.
1944 3845 2027 3894 An
2051 3847 2307 3896 bonitasin
2348 3847 2626 3910 probandis

1573 3921 1654 3971 his
1693 3935 1807 3986 qnae
1846 3921 1983 3970 bona
2019 3928 2157 3982 snut,
2194 3921 2543 3982 AE'quonimitos
2572 3925 2627 3974 in

1575 3995 1919 4062 agnoscendis
1942 3994 2079 4043 vitiis
2100 4001 2255 4057 atque
2272 3995 2511 4046 delictis?
2544 3999 2628 4047 An

1572 4069 1865 4130 ταυτολογία
1921 4071 2035 4119 est?
2110 4069 2194 4116 An
2250 4069 2435 4120 bonitas
2484 4073 2628 4124 circa

1572 4163 1774 4274 {muesz
1792 4146 2291 4212 AEquonimitascirca
2300 4148 2597 4201 Terentium
2612 4152 2633 4198 ?

1606 4226 1727 4276 dem.
