3192 4975
589 450 712 515 viii

587 616 711 665 adeo
753 614 1006 663 irritumano
1029 612 1222 677 ingenio
1258 622 1366 664 sum
1413 614 1508 665 Eu.
1531 630 1577 670 v,
1600 618 1649 665 2.

586 684 651 729 41
689 680 732 727 A
790 694 847 728 ue
867 679 990 726 adeo
1010 694 1092 727 cur
1113 692 1208 725 non
1229 677 1350 726 intro
1372 680 1464 727 eo?
1489 680 1582 727 Eu.
1602 696 1651 735 v,

589 750 640 794 5.
663 748 729 793 22
789 744 882 791 nde
915 744 1054 798 adeo,
1074 743 1202 806 quod
1231 756 1392 805 agrum
1421 742 1497 793 hic
1532 758 1651 790 mer-

583 815 722 859 catus
741 824 794 857 es
827 807 948 855 Hes.
989 806 1026 864 i,
1050 813 1098 857 1.
1120 812 1152 856 2
1202 806 1350 855 Nulla
1371 807 1491 856 adeo
1511 822 1570 855 ex
1605 820 1653 857 rc

587 873 711 921 istuc
748 872 804 919 fit
856 870 980 921 Hea.
1009 872 1044 929 i,
1068 876 1115 921 1.
1146 875 1211 920 57
1258 871 1499 920 Postremo
1531 873 1653 920 adeo

589 950 664 985 res
684 936 827 983 rediit
872 936 998 987 Hea.
1016 936 1050 993 i,
1075 940 1124 986 1.
1145 938 1206 983 61
1264 935 1353 983 Ibo
1387 937 1508 985 adeo
1543 936 1655 986 hinc

589 1000 714 1048 intro
770 1000 892 1048 Hea.
927 1000 962 1055 i,
994 1004 1044 1049 1.
1077 1002 1168 1048 121
1219 998 1424 1047 Minime
1470 999 1655 1058 mirum,

589 1066 713 1113 adeo
733 1064 976 1127 impeditae
997 1072 1108 1112 sunt
1138 1061 1260 1111 Hea.
1281 1064 1335 1125 ii,
1351 1068 1400 1114 8.
1416 1068 1448 1115 4
1495 1064 1656 1121 Quum

593 1135 784 1192 egomet
801 1128 945 1175 vitam
969 1135 1095 1177 tuam
1127 1128 1390 1183 considero,
1423 1131 1658 1176 omnium-

591 1208 686 1257 que
703 1193 828 1241 adeo
848 1200 1101 1240 vestrarum
1148 1191 1272 1245 Hea,
1290 1192 1344 1249 ii,
1365 1196 1415 1243 4.
1433 1196 1466 1242 6
1521 1192 1659 1241 Facis

593 1260 714 1306 adeo
736 1256 934 1319 indigne
953 1256 1172 1320 injuriam
1211 1256 1282 1303 illi
1329 1256 1451 1305 Hea-
1471 1255 1540 1313 iii,
1559 1261 1609 1305 3.
1625 1261 1657 1307 4

593 1321 706 1385 Ipse
720 1322 842 1369 adeo
855 1321 992 1369 adest
1023 1321 1148 1369 Hea.
1169 1320 1232 1379 iv,
1248 1327 1296 1370 5.
1315 1324 1382 1371 66
1437 1319 1659 1369 Gaudere

595 1386 717 1433 adeo
753 1384 916 1448 ccepit,
947 1385 1083 1448 quasi
1115 1384 1198 1449 qui
1229 1385 1430 1449 cupiunt
1469 1385 1661 1448 nuptias

598 1450 722 1497 Hea.
742 1466 790 1505 v,
818 1455 863 1498 1.
891 1454 952 1498 12
990 1450 1042 1497 Si
1073 1449 1200 1503 vivo,
1233 1451 1354 1497 adeo
1386 1458 1657 1497 exornatum

597 1516 740 1567 dabo,
761 1514 883 1561 adeo
903 1514 1154 1576 depexum,
1179 1520 1248 1569 ut,
1267 1514 1380 1561 dum
1397 1514 1541 1573 vivat,
1561 1529 1657 1560 me-

595 1578 785 1626 minerit
818 1593 999 1639 semper
1036 1577 1128 1627 mei
1183 1576 1306 1625 Hea.
1335 1594 1382 1635 v,
1421 1582 1467 1627 1.
1491 1582 1572 1627 77.
1593 1581 1662 1626 78

599 1639 752 1705 quue
773 1642 892 1689 adeo
915 1642 1054 1689 miror
1085 1642 1209 1690 Hea.
1232 1658 1281 1699 v,
1302 1646 1352 1691 3.
1374 1646 1407 1691 2
1463 1641 1535 1688 Ea
1556 1642 1660 1704 lege

605 1707 697 1753 hoc
718 1706 838 1753 adeo
860 1706 1029 1754 faciam
1074 1706 1197 1753 Hea.
1218 1722 1265 1764 v,
1283 1711 1329 1753 5.
1354 1710 1418 1755 10
1457 1705 1505 1752 Is
1538 1707 1661 1753 adeo

597 1769 812 1817 dissimili
833 1769 988 1817 studio
1027 1779 1102 1817 est
1148 1768 1247 1818 Ad.
1266 1768 1302 1826 i,
1328 1776 1376 1819 1.
1410 1773 1470 1819 15
1521 1769 1662 1817 Nun·

599 1848 739 1896 quam
763 1834 882 1881 adeo
905 1840 1085 1881 astutus
1105 1833 1190 1890 fui,
1227 1834 1345 1896 quin
1398 1832 1494 1882 Ad.
1527 1834 1579 1888 ii,
1610 1839 1663 1883 2.

602 1902 664 1947 13
700 1898 818 1946 Haec
836 1899 955 1957 adeq
973 1914 1078 1945 mea
1093 1898 1234 1960 cuipa
1257 1897 1405 1945 fateor
1425 1896 1524 1945 fieri
1567 1896 1663 1947 Ad.

599 1961 666 2018 iv,
688 1967 736 2011 4.
761 1966 824 2010 19
867 1960 940 2007 Ex
961 1969 1010 2008 te
1032 1962 1154 2009 adeo
1183 1969 1256 2009 est
1293 1970 1445 2008 ortum
1499 1962 1593 2008 Ad.
1617 1978 1664 2017 v,

599 2030 652 2077 3.
677 2031 736 2076 11
770 2024 944 2087 Neque
964 2027 1082 2073 adeo
1104 2042 1163 2074 ex
1186 2041 1322 2089 aequo
1340 2033 1391 2073 et
1408 2026 1532 2072 bono
1568 2024 1667 2074 Ad.

602 2105 650 2147 v,
672 2096 720 2138 9.
743 2094 805 2138 3⁰
839 2088 984 2138 Nunc
1005 2090 1144 2146 adeo,
1177 2090 1215 2137 si
1253 2089 1386 2136 vobis
1425 2089 1524 2136 vita
1561 2104 1667 2137 mea

602 2154 750 2201 invisa
771 2160 844 2201 est
875 2152 973 2203 Ad.
993 2170 1042 2211 v,
1058 2159 1108 2203 9.
1127 2157 1192 2202 32
1225 2153 1393 2216 Itaque
1415 2154 1536 2200 adeo
1569 2168 1666 2200 uno

602 2218 759 2265 animo
783 2232 944 2265 onmes
965 2233 1122 2265 socrus
1161 2220 1360 2264 oderunt
1381 2232 1522 2264 nurus
1567 2217 1667 2267 He.

601 2282 653 2337 ii,
679 2286 726 2329 1.
747 2287 779 2330 4
830 2281 926 2328 Sed
958 2298 1054 2327 non
1087 2281 1264 2329 credidi
1300 2282 1437 2336 adeo,
1473 2289 1526 2328 ut
1573 2280 1668 2328 He.

603 2346 657 2401 ii,
681 2350 727 2393 1.
751 2349 813 2393 24
869 2344 933 2391 Ει
964 2345 1128 2391 merito
1165 2346 1285 2395 adeo
1333 2344 1425 2392 He.
1461 2344 1515 2399 ii,
1537 2348 1581 2393 1.
1603 2349 1667 2393 48

605 2410 695 2455 Me
715 2409 813 2456 scio
834 2423 935 2455 esse
959 2409 1168 2470 apprime
1195 2410 1548 2469 obsequentem,
1583 2409 1669 2455 sed

607 2489 703 2520 non
725 2476 863 2529 adeo,
887 2480 938 2519 ut
980 2472 1073 2522 He.
1097 2471 1152 2531 ii,
1171 2476 1220 2522 2.
1239 2475 1272 2521 6
1315 2472 1372 2519 Id
1395 2472 1514 2520 adeo
1539 2473 1672 2534 gnati

607 2552 751 2585 causa
781 2537 874 2585 He.
919 2536 970 2595 ii,
994 2541 1042 2584 2.
1066 2541 1126 2587 17
1175 2537 1346 2599 Neque
1391 2538 1512 2583 adeo
1549 2538 1671 2584 clam

605 2612 682 2648 me
715 2609 787 2648 est
829 2601 921 2649 He.
965 2601 1018 2656 ii,
1039 2605 1088 2648 2.
1111 2605 1174 2649 19
1224 2601 1294 2648 Ut
1329 2600 1449 2648 clam
1485 2602 1676 2648 eveniat

607 2673 768 2740 partus
804 2672 1013 2728 patrem:
1047 2671 1190 2727 atque
1218 2667 1338 2712 adeo
1367 2681 1527 2712 omnes
1577 2663 1671 2713 He.

607 2728 678 2786 rii,
699 2734 748 2778 8.
773 2734 834 2777 37
867 2729 935 2776 Τε
957 2729 1218 2784 advenisse,
1250 2736 1393 2792 atque
1424 2730 1544 2776 adeo
1579 2729 1672 2776 sal-

608 2807 716 2840 vom
749 2793 846 2841 He.
868 2792 940 2850 iii,
963 2799 1010 2840 5.
1033 2795 1065 2840 7
1111 2791 1224 2839 Νοι)
1257 2793 1439 2841 credidi
1457 2794 1578 2840 adeo
1601 2793 1673 2840 in-

608 2856 863 2904 humanum
896 2857 995 2904 fore
1027 2856 1121 2907 He.
1143 2856 1213 2912 iii,
1230 2863 1279 2905 5.
1300 2861 1367 2906 49
1385 2855 1508 2904 Ἶἰ)ι)’
1525 2857 1671 2903 virum

610 2935 687 2968 me
729 2921 929 2984 deputas
971 2921 1092 2967 adeo
1135 2921 1279 2967 esse?
1332 2921 1425 2969 He.
1463 2921 1528 2976 iv,
1565 2925 1611 2968 1.
1640 2926 1674 2970 9

609 2984 799 3034 Credo:
833 2999 988 3048 neque
1020 2984 1140 3032 adeo
1175 2985 1386 3032 arbitrari
1423 2985 1567 3047 patris
1602 2991 1675 3031 est

607 3048 747 3096 aliter
777 3047 870 3096 He.
888 3048 1018 3105 iv,1.
1037 3053 1097 3098 14
1139 3047 1272 3096 Facis
1288 3050 1396 3096 huic
1410 3049 1530 3096 adeo
1544 3047 1673 3111 inju-

611 3113 728 3160 riam
761 3111 854 3160 He.
876 3112 941 3168 iv,
958 3116 1007 3160 4.
1029 3116 1096 3161 68
1143 3113 1392 3176 Sensitque
1420 3112 1539 3160 adeo
1557 3127 1675 3159 uxor

612 3177 708 3224 He.
727 3175 794 3232 iv,
816 3181 866 3224 4.
891 3179 954 3224 73
998 3175 1092 3222 Hic
1113 3177 1234 3222 adeo
1254 3177 1328 3222 his
1351 3176 1485 3222 rebus
1507 3177 1675 3224 anulus

612 3241 707 3287 fuit
753 3238 941 3286 initium
981 3237 1284 3285 inveniundis
1339 3239 1434 3285 He.
1470 3255 1515 3294 v,
1539 3244 1587 3286 3.
1608 3243 1673 3287 23

615 3303 986 3364 venustatisque
1007 3300 1128 3348 adeo
1151 3301 1364 3363 plenior?
1398 3301 1490 3348 He.
1509 3317 1556 3356 v,
1575 3304 1625 3349 4.
1643 3307 1675 3352 8

613 3365 971 3428 Antiquamque
991 3364 1111 3411 adeo
1135 3372 1262 3411 tuam
1284 3373 1573 3412 venustatem
1592 3367 1675 3412 ob-

615 3430 740 3477 tines
790 3427 884 3475 He.
922 3444 968 3485 v,
988 3433 1040 3476 4.
1077 3433 1142 3477 18
1193 3428 1367 3492 Neque
1407 3444 1527 3492 opus
1569 3437 1673 3478 est:

616 3494 738 3541 adeo
761 3491 928 3539 mutito
960 3492 1052 3540 He.
1075 3509 1122 3550 v,
1142 3497 1192 3542 4.
1214 3497 1280 3542 26
1331 3492 1471 3540 Adeo
1499 3508 1571 3541 res
1605 3509 1677 3541 re-

611 3557 690 3605 dit
719 3556 812 3604 ΡΙ).
837 3557 873 3613 i,
894 3561 942 3606 2.
963 3561 996 3606 5
1027 3555 1217 3632 ‚Neque
1274 3557 1396 3606 adeo
1431 3557 1682 3608 defetiscar

617 3634 1096 3735 ἓὲυὲῐέεὲιὲξηὲἶ
1117 3621 1382 3741 ghi-13⁰1.
1398 3625 1477 3748 ἐξ)
1483 3621 1681 3747 poam

618 3751 740 3797 adeo
782 3756 1024 3812 argentum
1045 3764 1227 3798 mecum
1251 3750 1390 3798 attuli
1430 3750 1521 3797 Ph.
1542 3749 1609 3806 iv,
1632 3753 1681 3799 8.

618 3818 684 3864 ⁷4
723 3812 906 3871 Credis,
949 3821 997 3860 tc
1030 3813 1299 3876 ignorarier,
1322 3821 1404 3860 aut
1435 3819 1520 3859 tua
1556 3814 1681 3860 facta

621 3878 778 3926 adeo?
817 3878 907 3926 Ph.
929 3893 976 3932 v,
997 3882 1046 3926 7.
1069 3882 1134 3927 89
1176 3876 1300 3925 Haec
1331 3877 1452 3924 adeo
1493 3875 1563 3924 illi
1577 3877 1681 3940 jam

619 3943 880 3990 denarrabo
920 3941 1012 3991 ΡΙ).
1035 3957 1081 3996 v,
1104 3945 1152 3990 7.
1177 3946 1238 3990 51

685 4005 893 4054 Adeon'.
954 4003 1142 4053 Adeou’
1173 4005 1407 4052 hominem
1427 4019 1529 4051 esse
1550 4002 1681 4052 inve-

623 4076 921 4132 nustum3ut
967 4067 1028 4116 A.
1048 4069 1085 4127 i,
1107 4074 1239 4119 5.10
1279 4067 1468 4115 Adeon’
1497 4083 1573 4115 me
1611 4068 1683 4131 ig-

625 4147 795 4181 navum
813 4134 982 4197 putas?
1004 4131 1174 4181 adeon’
1196 4147 1330 4196 porro
1351 4132 1601 4194 ingratum,
1630 4141 1684 4179 ut

623 4193 694 4244 A.
715 4197 750 4257 i,
771 4203 818 4246 5.
835 4202 916 4249 42.
937 4201 1002 4247 43
1034 4196 1223 4245 Adeon'
1244 4203 1316 4244 est
1349 4196 1582 4245 demens?
1620 4195 1683 4244 A.

625 4258 696 4318 iii,
731 4264 776 4310 1.
814 4265 874 4310 11
929 4260 1120 4312 Adeon'
1155 4259 1372 4312 videmur
1409 4260 1541 4309 vobis
1581 4275 1683 4309 esse

1584 458 1830 511 INDEX

1725 606 1915 661 idonei?
1938 611 2002 662 A.
2040 612 2105 669 iv,
2128 614 2175 663 4.
2200 610 2263 671 1-8
2312 610 2501 661 Adeon'
2539 612 2783 677 innpotcnti

1725 694 1827 725 esse
1869 676 2043 734 animo,
2087 686 2141 724 ut
2192 675 2254 723 A.
2296 681 2477 732 rna-8
2522 679 2653 735 Quid
2697 681 2785 729 hoc

1726 742 1876 789 morbi
1893 750 1965 789 est
1980 742 1999 788 ?
2018 740 2188 789 adeon’
2204 741 2417 788 homiues
2432 741 2716 791 immutarier
2730 761 2788 791 ex

1726 806 1921 854 amore?
1952 804 2042 853 Eu.
2060 806 2172 862 ii,1.
2188 810 2251 854 19
2286 804 2470 853 Adeon’
2485 823 2581 855 rem
2596 809 2787 865 redisse,

1728 879 1782 918 ut
1834 870 1956 917 Hea.
1978 886 2026 926 v,
2048 874 2097 919 2.
2124 874 2205 919 27.
2258 868 2351 917 ΡΙ).
2380 871 2419 926 i,
2440 874 2489 918 3.
2511 876 2538 920 1
2597 871 2787 920 Adeon’

1729 934 1963 999 pervicaci
1996 948 2097 983 esse
2128 934 2303 991 animo,
2342 942 2398 981 ut
2448 932 2539 984 He.
2561 932 2629 992 iv,
2653 941 2701 987 1.
2725 940 2787 986 17

1730 998 1917 1047 Adeon’
1957 1011 2031 1047 me
2062 1013 2164 1047 esse
2200 998 2482 1061 pervicacem
2512 1014 2694 1056 censes,
2734 1004 2789 1047 ut

1730 1060 1826 1112 He.
1846 1063 1912 1120 iv,
1935 1067 1979 1112 1.
2002 1066 2066 1112 32
2098 1062 2286 1110 Adeou'
2315 1061 2508 1126 iugenio
2536 1079 2638 1112 esse
2668 1065 2789 1112 duro

1730 1134 1796 1183 te,
1820 1134 1873 1175 ut
1904 1126 1996 1178 Ph.
2016 1126 2091 1188 iii,
2109 1132 2159 1177 2.
2174 1130 2247 1178 ,12
2297 1125 2487 1175 Adeon’
2506 1134 2554 1176 te
2585 1142 2686 1177 esse
2717 1127 2791 1175 in·

1822 1192 1833 1203 ο
2324 1189 2354 1203 ’·
2774 1192 2793 1215 1

1730 1190 2447 1319 ‹lizfftriitdizssuuiliibi'ilidgldg‘
2456 1196 2546 1304 1³¹1:
2563 1192 2775 1309 vzqzoln

1796 1319 1937 1368 Adeo
1984 1318 2247 1384 (verbum).
2309 1317 2501 1367 Adeon’
2542 1321 2602 1367 ad
2646 1323 2791 1368 eum?

1731 1383 1794 1432 A.
1815 1384 1868 1440 ii,
1883 1389 1930 1434 1.
1947 1388 2006 1433 15
2030 1383 2162 1441 Quid
2176 1383 2344 1447 agam?
2365 1384 2503 1440 adeo,
2518 1400 2578 1431 an
2595 1387 2793 1433 maneo?

1734 1448 1825 1498 Ph.
1848 1464 1894 1505 v,
1920 1453 1966 1498 1.
1991 1454 2053 1497 10
2086 1447 2203 1496 Adii
2226 1455 2273 1495 te
2294 1446 2393 1495 heri
2414 1447 2475 1495 de
2497 1448 2593 1495 filia
2624 1448 2717 1499 He.
2740 1449 2795 1506 ii,

1732 1517 1837 1563 29
1892 1511 2089 1575 Aliquot
2147 1524 2223 1559 me
2260 1512 2417 1559 adiere
2469 1512 2533 1559 A.
2570 1512 2641 1568 iii,
2678 1517 2729 1562 3.
2762 1518 2795 1563 2

1733 1575 1912 1633 Adibo,
1946 1584 2088 1639 atque
2127 1574 2405 1624 assimulabo
2461 1574 2554 1623 Eu.
2588 1576 2660 1633 iii,
2694 1581 2742 1625 2.
2763 1581 2795 1626 8

1733 1640 1911 1697 Adibo,
1934 1649 2077 1704 atque
2097 1641 2157 1687 ab
2179 1657 2237 1688 eo
2271 1640 2465 1703 gratiam
2504 1641 2627 1689 hanc
2662 1641 2795 1688 inibo

1734 1704 1826 1752 Eu.
1848 1705 1917 1762 iii,
1940 1712 1988 1753 5.
2008 1710 2043 1754 9
2076 1704 2254 1753 Adibo.
2278 1704 2395 1767 quid
2412 1705 2568 1752 istuc?
2605 1705 2697 1753 Eu.
2732 1705 2798 1761 iv,

1736 1774 1784 1819 8.
1807 1774 1857 1818 8.
1890 1787 1936 1827 v,
1960 1774 2008 1817 5.
2030 1775 2060 1818 5
2114 1769 2291 1816 Eccum
2322 1768 2476 1817 vide0.
2514 1769 2656 1817 adibo
2702 1768 2799 1819 Eu.

1736 1848 1783 1887 v,
1807 1838 1854 1881 7.
1881 1838 1910 1881 5
1945 1834 2087 1881 Pater
2108 1833 2258 1888 adest,
2289 1846 2429 1895 quem
2465 1828 2623 1880 volui:
2656 1832 2797 1881 adibo

1738 1896 1862 1945 Hea.
1901 1897 1935 1953 i,
1954 1900 2003 1945 2.
2024 1901 2054 1943 5
2097 1896 2274 1944 Adibo.
2306 1896 2493 1944 Salvere
2532 1895 2797 1959 Hegionem

1731 1960 1881 2023 jubeo
1914 1960 2012 2007 Ad.
2026 1960 2093 2016 iii,
2114 1964 2163 2009 4.
2183 1964 2247 2009 14
2279 1958 2403 2007 Nam
2417 1960 2517 2022 jam
2539 1961 2681 2008 adibo
2705 1960 2801 2008 Ad.

1736 2026 1801 2082 iv,
1824 2028 1873 2073 2.
1893 2028 1954 2073 51
2012 2024 2087 2071 Ite
2108 2024 2248 2072 intro.
2271 2040 2362 2087 ego
2384 2026 2513 2073 hunc
2532 2024 2673 2073 adibo
2706 2024 2801 2072 He.

1738 2090 1879 2145 iius.
1904 2093 1962 2137 15
2018 2088 2106 2135 Me
2166 2095 2402 2150 expectat,
2442 2089 2617 2137 credo:
2658 2090 2801 2138 adibo

1740 2152 1835 2200 He.
1858 2168 1905 2209 v,
1922 2155 1969 2201 4.
1997 2157 2055 2201 15
2103 2151 2263 2200 Adibo
2298 2152 2439 2200 hosce
2485 2152 2577 2201 Ph.
2615 2152 2682 2208 iv,
2704 2156 2802 2203 3.4

1742 2216 2048 2280 Magistratus
2081 2216 2163 2263 adi
2228 2216 2318 2264 Ph.
2355 2216 2409 2272 ii,
2454 2220 2503 2265 3.
2544 2221 2609 2266 56
2658 2216 2803 2265 Νιιηε

1744 2281 1867 2344 prior
1886 2280 2017 2327 adito
2040 2288 2090 2327 tu
2127 2281 2216 2330 Ph.
2237 2279 2271 2335 i,
2294 2284 2341 2330 4.
2362 2284 2427 2329 52
2474 2278 2720 2328 Adeamne
2742 2282 2804 2328 ad

1742 2360 1850 2393 eum
1869 2344 1887 2391 ?
1909 2344 1971 2393 A.
1993 2342 2059 2401 iv,
2087 2348 2134 2394 1.
2158 2350 2219 2393 15
2255 2342 2335 2391 Ad
2372 2352 2658 2407 precatorem
2691 2346 2803 2393 ade-

1744 2424 1819 2455 am
1869 2408 1961 2455 Ph.
1995 2409 2101 2464 ἰ,“2.
2122 2412 2187 2457 90
2238 2407 2316 2455 Ne
2358 2408 2430 2456 vir
2461 2410 2707 2472 quisquam
2742 2410 2803 2457 ad

1744 2486 1848 2521 eam
1891 2472 2032 2520 adeat
2084 2471 2159 2520 Eu
2223 2472 2292 2531 iii,
2331 2478 2379 2524 5.
2422 2476 2485 2522 30
2546 2474 2807 2524 Adeamus.

1747 2538 1868 2584 bone
1888 2537 1975 2592 vir,
1998 2537 2123 2585 salve
2157 2537 2249 2588 Eu.
2270 2554 2317 2599 v,
2330 2542 2379 2588 2.
2401 2542 2459 2586 11
2516 2538 2700 2601 Capitis
2723 2553 2804 2613 pe-

1744 2601 1909 2649 riclum
1950 2601 2081 2649 adire
2136 2600 2200 2648 A.
2221 2602 2287 2658 iv,
2309 2606 2437 2651 1.54
2481 2602 2603 2650 Satis
2639 2603 2805 2666 pericli

1746 2665 1869 2728 coepi
1911 2665 2041 2713 adire
2072 2665 2133 2712 A.
2154 2682 2201 2722 v,
2222 2671 2270 2715 1.
2290 2670 2322 2714 2
2369 2664 2501 2721 Quid
2532 2682 2685 2715 cessas
2719 2668 2805 2714 ho-

1745 2729 1919 2776 minem
1954 2728 2118 2776 adire?
2162 2729 2255 2778 Ph.
2276 2729 2330 2784 ii,
2356 2734 2403 2778 1.
2424 2735 2487 2778 22
2540 2731 2633 2778 Sed
2673 2745 2807 2778 cesso

1746 2793 1875 2840 adire
1896 2793 2235 2855 quamprimum
2257 2795 2449 2841 senem?
2482 2793 2571 2842 ΡΙ).
2592 2793 2649 2848 ii.
2675 2799 2719 2842 1.
2736 2799 2805 2843 55

1746 2855 2045 2904 Meretricem
2061 2857 2184 2903 hanc
2200 2857 2398 2920 primum
2413 2858 2677 2906 adeundam
2694 2874 2805 2906 ceu—

1747 2933 1827 2967 seo
1853 2920 1947 2968 He.
1969 2920 2035 2977 iv,
2058 2926 2107 2970 4.
2128 2925 2193 2968 94

1811 2983 2052 3033 Adhibeo.
2119 2984 2249 3041 Quin
2280 2984 2397 3033 mihi
2436 2992 2578 3034 testes
2612 2984 2806 3035 adhibe-

1746 3058 1822 3096 am
1856 3049 1899 3096 P
1900 3050 1946 3098 h.
1963 3049 2029 3106 iv,
2046 3053 2093 3097 6·
2112 3053 2143 3097 2

1809 3111 2062 3160 Adhortor.
2125 3111 2379 3168 Adhortor,
2420 3121 2672 3176 properent
2714 3113 2813 3164 Eu.-

1744 3176 1817 3232 iii,
1840 3181 1889 3224 5.
1912 3180 1973 3225 35
2011 3176 2186 3224 Praeter
2201 3191 2341 3239 quam
2362 3190 2433 3224 res
2458 3184 2504 3222 te
2538 3179 2811 3225 adhortatur

1747 3247 1831 3286 tua
1877 3239 1999 3289 Hea.
2021 3239 2055 3296 i,
2081 3245 2128 3288 1.
2148 3244 2181 3288 8
2234 3240 2379 3303 Syrus
2398 3248 2471 3288 est
2490 3241 2814 3289 adhortandus

1748 3300 1864 3350 mihi
1906 3303 2030 3354 Hea.
2053 3303 2122 3360 iii,
2148 3309 2192 3352 1.
2214 3308 2277 3353 89

1813 3365 2005 3418 Adhuc.
2068 3367 2186 3416 Leni
2209 3383 2369 3430 passus
2390 3375 2463 3417 est
2484 3367 2640 3417 animo
2663 3381 2813 3433 usque

1749 3430 1904 3479 adhuc
1951 3429 2014 3478 A.
2036 3431 2071 3488 i,
2093 3438 2140 3482 5.
2161 3436 2225 3481 27
2281 3433 2454 3481 Adhuc
2473 3433 2511 3480 si
2546 3448 2607 3481 na
2627 3449 2729 3482 esse
2749 3435 2812 3481 ad

1750 3495 1947 3544 salutem
1966 3495 2107 3544 video
2158 3495 2221 3544 A.
2256 3495 2327 3552 iii,
2350 3502 2399 3546 2.
2424 3502 2450 3546 1
2538 3497 2620 3544 ihil
2655 3498 2813 3546 adhud

1750 3566 1841 3615 est,
1861 3560 1990 3622 quod
2012 3573 2199 3608 vereare
2230 3560 2358 3609 Hea.
2390 3561 2426 3623 i,
2441 3565 2489 3610 2.
2509 3566 2533 3609 1
2572 3561 2815 3609 Celabitur

1750 3622 1932 3681 itidem,
1956 3631 2009 3670 ut
2044 3624 2196 3672 celata
2216 3625 2371 3672 adhuc
2393 3633 2465 3672 est
2514 3624 2642 3673 Hea.
2673 3625 2743 3682 iv,
2766 3630 2815 3674 8.

1752 3690 1818 3736 20
1870 3686 2042 3736 Adhuc
2064 3689 2191 3750 quod
2210 3689 2386 3736 factum
2409 3696 2498 3744 est,
2520 3689 2657 3736 miror
2687 3689 2815 3737 Hea.

1752 3765 1801 3807 v,
1823 3753 1871 3800 2.
1891 3755 1955 3800 47
1993 3750 2164 3799 Adhuc
2196 3767 2293 3798 non
2325 3753 2520 3801 molesta
2555 3759 2665 3800 sunt
2714 3753 2814 3800 Ad.

1755 3815 1791 3870 i,
1811 3819 1861 3863 2.
1882 3819 1949 3862 42
1978 3815 2061 3866 Sat
2080 3816 2237 3864 adhuc
2257 3823 2341 3863 tua
2372 3830 2458 3864 nos
2492 3817 2709 3866 frustrata
2740 3823 2815 3864 est

1752 3878 1872 3924 fides
1911 3877 2003 3927 Ad.
2024 3878 2090 3936 iv,
2110 3882 2159 3928 4.
2184 3883 2242 3928 11
2298 3879 2544 3938 Cessatum
2564 3897 2710 3944 usque
2732 3881 2817 3928 ad·

1754 3941 1848 3988 huc
1889 3949 1961 3990 est
2012 3941 2091 3990 Ad
2133 3943 2201 4000 iv,
2243 3947 2291 3993 4.
2310 3949 2372 3994 21
2433 3944 2595 3993 Vitam
2636 3945 2817 4008 duram,

1754 4019 1897 4068 quam
1914 4006 2008 4053 vixi
2030 4022 2177 4069 usque
2195 4008 2367 4066 adhuc,
2388 4009 2526 4056 mitto
2556 4009 2655 4057 Ad.
2694 4025 2740 4066 v,
2762 4012 2814 4060 4.

1757 4075 1787 4118 5
1820 4069 1953 4126 Quid
1983 4071 2138 4120 adhuc
2173 4072 2351 4120 habent
2383 4073 2663 4121 infirmitatis
2692 4089 2815 4136 nup-

1756 4133 1869 4181 tioe?
1891 4134 1985 4182 He.
2008 4133 2045 4192 i,
2066 4137 2115 4186 2.
2136 4141 2229 4184 101
2265 4135 2399 4184 Nihil
2416 4138 2653 4186 cessavisti
2668 4153 2817 4200 usque

1756 4198 1912 4246 adhuc
1943 4197 2037 4247 He.
2072 4200 2139 4263 iv,
2164 4205 2211 4249 1.
2248 4204 2321 4250 29
2360 4199 2535 4249 Adhuc
2568 4201 2817 4265 tranquilla

1756 4277 1829 4311 res
1882 4263 1955 4311 est
2002 4263 2092 4317 ΡΙ).
2132 4264 2207 4322 iii,
2241 4269 2290 4315 1.
2326 4264 2389 4316 15
2443 4259 2619 4316 Adbuc
2651 4266 2818 4316 curavi
