3192 4975
1145 457 1224 508 m
1272 455 1750 508 vitaturum.

329 611 514 662 unimus
551 610 714 660 timae
754 607 894 658 obstu
927 607 1004 656 uit
1057 605 1156 656 Ad.
1178 608 1244 666 iv,
1271 612 1324 660 4.
1340 613 1376 668 ’8

331 677 518 728 Delirut
535 675 670 724 miser
685 673 852 722 timore
927 673 978 723 b.
994 688 1046 730 ν,
1067 675 1116 722 8.
1137 677 1172 723 9

392 741 582 790 Titubo.
645 739 822 788 Verum
839 737 922 786 ills
949 751 1012 786 ue
1041 737 1174 800 quie
1193 736 1379 788 umbet.

331 807 420 872 sy.
441 806 671 854 Perdocta
691 809 766 852 est
785 802 930 866 probe
963 801 1084 850 Heu.
1105 802 1159 858 ii,
1175 806 1224 851 S.
1253 807 1348 853 120

394 869 683 926 Tolerabilis,
715 883 761 917 e.
823 865 978 915 Puulo
1011 865 1098 930 qui
1131 874 1208 914 est
1239 869 1380 916 bomo

329 934 582 984 tolerabilis
613 932 736 981 Heu.
757 932 791 988 i,
807 935 858 981 2.
879 934 944 980 81

390 999 577 1048 Toleto.
640 995 756 1045 Noli
797 1003 1036 1044 metuere:
1081 1009 1177 1043 unu
1223 1003 1382 1044 tecum

328 1065 476 1125 bonu,
509 1061 651 1117 muln,
685 1061 981 1110 tolerabimus
1030 1060 1122 1108 Ph.
1155 1061 1224 1118 iii,
1245 1065 1294 1110 8.
1315 1064 1379 1110 28

329 1127 425 1178 cni
463 1127 712 1189 concedet,
755 1125 986 1188 cujusque
1026 1139 1176 1173 mores
1217 1125 1384 1174 toleret

329 1207 414 1241 suu
433 1191 665 1240 modestis
713 1190 808 1238 He.
844 1189 916 1244 iii.
939 1195 988 1238 5.
1007 1193 1074 1238 28
1107 1191 1226 1240 Cum
1261 1191 1383 1238 tole-

327 1272 428 1305 rsre
447 1255 590 1319 hujus
611 1262 788 1303 sumtus
809 1269 906 1302 non
927 1255 1104 1318 quest?
1154 1254 1277 1303 Res.
1313 1255 1384 1312 iii,

329 1325 380 1370 2.
421 1323 484 1370 38
540 1321 603 1368 Se
635 1335 859 1382 sperssse,
897 1335 978 1366 eus
1015 1319 1210 1368 tolerure
1249 1335 1384 1382 posse

328 1385 518 1448 nuptius
552 1383 647 1433 He.
667 1385 702 1440 i,
721 1389 772 1434 2.
797 1389 862 1434 72
898 1383 977 1431 Itu
997 1391 1174 1446 putrem
1197 1385 1384 1432 adoles·

329 1449 480 1498 centis
499 1449 628 1497 suctu
645 1450 748 1498 hec
770 1448 964 1496 tolerare
985 1448 1130 1496 undio
1155 1448 1384 1497 violenter

330 1513 422 1563 Pl).
444 1530 491 1569 Ἰ,
513 1519 559 1562 l·
573 1518 606 1564 ⁴

391 1579 545 1626 Tollo.
609 1577 716 1626 Nisi
754 1591 950 1642 puerum
987 1575 1130 1632 tollis,
1154 1576 1256 1640 jum
1293 1591 1384 1640 ego

327 1643 455 1691 bunc
471 1643 524 1690 in
547 1643 748 1691 medium
769 1645 892 1692 vium
915 1641 1184 1706 provolvunt
1218 1640 1280 1689 A.
1316 1642 1384 1700 iv,

327 1711 382 1757 4.
403 1711 466 1757 87
511 1707 584 1754 Tu
605 1707 714 1756 illos
733 1707 854 1755 duos
875 1707 988 1754 olim
1011 1721 1094 1769 pro
1117 1721 1166 1754 re
1186 1707 1386 1754 tollebas

331 1778 416 1820 tuu
461 1770 559 1818 Ad.
597 1787 643 1829 v,
662 1776 710 1823 3.
730 1775 794 1820 28
845 1773 940 1834 Spe
969 1772 1166 1833 incerte,
1209 1779 1384 1818 certum

331 1836 446 1884 mihi
477 1836 680 1885 laborem
715 1837 884 1883 sustuli
929 1835 1019 1886 He.
1058 1834 1158 1882 Alt.
1193 1835 1321 1882 Ptol.
1353 1840 1386 1884 9

331 1899 442 1948 Scio
477 1900 592 1963 quid
629 1901 828 1950 seceris:
867 1899 1096 1948 sustulisti
1127 1899 1386 1964 (puellam)

332 1963 455 2012 Heu.
479 1964 545 2026 iv,
567 1969 614 2014 1.
638 1969 698 2014 15
746 1965 950 2013 Puerum
987 1964 1188 2028 injussu,
1226 1965 1387 2022 credo,

333 2043 432 2078 non
453 2029 620 2076 tollent
641 2045 745 2078 meo
777 2029 873 2078 He.
911 2031 976 2084 iv,
993 2033 1044 2078 4.
1068 2033 1132 2078 82
1179 2028 1231 2076 Si
1267 2044 1386 2104 pue-

334 2108 454 2150 rum,
475 2102 530 2142 ut
551 2095 731 2154 tollam,
751 2094 911 2156 cogit3
941 2093 1080 2156 cujus
1097 2109 1185 2142 nos
1206 2107 1288 2156 qur
1309 2093 1389 2156 sit,

331 2158 584 2215 nescimus,
608 2167 738 2222 puter
769 2159 866 2208 Hc.
887 2159 954 2220 iv,
978 2164 1023 2209 1.
1047 2164 1114 2207 56
1144 2157 1386 2221 Quicquid

335 2223 612 2285 peperisset,
640 2223 948 2271 decreverunt
969 2223 1132 2270 tollere
1179 2221 1245 2269 A.
1279 2223 1314 2278 i,
1337 2227 1386 2271 3.

335 2289 398 2335 1⁴
433 2286 640 2350 Propera
659 2289 780 2335 udeo
803 2303 997 2350 puerum
1021 2287 1181 2335 tollere
1203 2288 1314 2336 hinc
1329 2288 1390 2334 ub

327 2348 478 2412 junuu
523 2351 590 2401 A.
629 2353 695 2408 ir,
715 2357 762 2401 4.
783 2356 848 2402 20
897 2351 976 2400 Ne
997 2367 1124 2399 nunc
1144 2351 1301 2398 unimo
1323 2352 1390 2399 itu

332 2429 458 2462 esses
479 2416 617 2479 duro,
647 2424 704 2464 ut
721 2417 834 2464 olim
855 2417 904 2464 in
927 2416 1154 2472 tollenda,
1187 2416 1388 2464 Chreme

331 2477 458 2528 Heu.
491 2480 560 2539 iv,
596 2484 644 2529 1.
665 2485 729 2531 52
761 2480 906 2538 Quod
941 2481 1217 2547 peperisset,
1247 2479 1390 2545 jussit

334 2544 436 2591 tolli
490 2546 558 2593 A.
593 2546 664 2607 iii,
689 2550 785 2595 1.6
833 2547 886 2594 Si
923 2547 1124 2609 puellum
1161 2560 1386 2607 parerem,

333 2608 462 2656 nolle
491 2609 636 2657 tolli?
669 2610 794 2657 Heu.
827 2611 898 2665 iv,
920 2616 968 2657 1.
991 2615 1054 2659 14
1107 2610 1232 2656 Cum
1271 2612 1390 2657 sciet

333 2672 540 2721 ulienurn
559 2688 757 2735 puerum
777 2674 880 2720 tolli
899 2688 986 2735 pro
1007 2688 1094 2719 suo
1129 2671 1221 2717 He.
1251 2671 1319 2733 iv,
1339 2676 1413 2720 ln

399 2799 664 2848 Tonstrina.
698 2799 758 2846 In
779 2815 876 2863 quo
895 2800 996 2846 haec
1018 2797 1232 2846 discebut
1255 2798 1386 2857 ludo,

337 2865 641 2913 esudvorsum
677 2864 723 2911 ei
754 2862 859 2911 loco
891 2864 1118 2911 tonstrina
1139 2870 1238 2910 erut
1259 2878 1388 2926 qure-

337 2930 446 2977 dum
477 2929 569 2978 Ph.
587 2928 626 2985 i,
649 2932 696 2978 2.
713 2932 778 2977 80

400 2992 508 3041 Τοι.
571 2992 665 3039 Τοι
699 3008 776 3039 me
811 2992 1077 3055 impediunt
1105 3005 1247 3052 curae,
1281 3008 1392 3056 quae

338 3074 494 3107 meum
516 3058 719 3104 mimum
741 3056 924 3104 divorse
943 3056 1134 3103 nubunt
1179 3056 1243 3103 A.
1280 3057 1317 3113 i,
1340 3063 1389 3106 5.

337 3128 401 3173 25
437 3121 531 3170 Cui
551 3130 646 3169 tum
669 3122 824 3169 subito
843 3127 916 3168 tot
948 3121 1228 3183 contigerint
1263 3136 1391 3170 corn-

337 3188 496 3235 mods.
561 3186 644 3234 An
675 3186 931 3235 Portunum
965 3185 1246 3242 collaudem,
1283 3202 1392 3250 qnae

339 3258 414 3300 tot
433 3266 524 3308 res,
551 3259 723 3307 tentus,
757 3259 854 3299 tum
887 3258 1154 3315 opportune
1175 3250 1224 3298 in
1245 3266 1390 3298 unum

338 3316 570 3364 conclusit
589 3316 750 3364 diem?
800 3316 890 3363 Eu.
915 3332 959 3377 v,
982 3320 1030 3366 9.
1055 3318 1104 3364 8.
1128 3319 1189 3363 17
1234 3315 1390 3363 Hem!

336 3388 412 3429 tot
443 3396 550 3429 mes
583 3381 726 3429 solius
762 3380 934 3429 soliciti
952 3381 1046 3427 sint
1063 3394 1223 3437 ceusu,
1243 3388 1298 3427 ut
1319 3396 1394 3429 me

340 3460 489 3492 unum
499 3446 754 3509 expleant?
787 3444 972 3495 uncillae
987 3451 1058 3492 tot
1071 3460 1147 3492 me
1163 3445 1391 3493 vestiunt?

341 3508 463 3558 Heu.
482 3510 522 3569 i,
548 3516 592 3559 1.
615 3515 698 3560 76.
717 3514 784 3559 78
835 3512 930 3559 Τοι
949 3516 1146 3573 peccatu
1161 3508 1216 3555 in
1235 3510 1324 3557 huc
1345 3523 1394 3558 re

339 3575 552 3622 ostendis
589 3574 713 3623 Heu.
735 3576 801 3637 iv,
828 3582 870 3625 1.
886 3580 949 3625 21
994 3573 1088 3621 Τοι
1107 3588 1180 3622 res
1201 3570 1424 3637 repente'

341 3637 708 3697 circumvallant,
731 3641 856 3688 unde
908 3639 1004 3687 Ad.
1038 3638 1109 3697 iii,
1133 3644 1184 3687 2.
1215 3641 1248 3688 4
1301 3639 1399 3686 Tot

343 3712 624 3751 concurrunt
643 3704 908 3754 verisimilis
938 3703 1037 3754 Ad.
1059 3703 1125 3759 iv,
1140 3707 1188 3752 4.
1209 3708 1271 3752 17
1303 3702 1396 3751 Τοι

343 3779 472 3814 meus
511 3766 738 3829 injurius!
795 3768 887 3819 He.
907 3768 1051 3830 iii‚-1.
1071 3772 1135 3817 23
1191 3768 1395 3824 Quicum

343 3836 418 3878 tot
435 3840 708 3880 consuesset
727 3848 874 3881 annos
917 3832 1013 3881 He.
1033 3834 1098 3889 iv,
1123 3836 1169 3881 1.
1190 3836 1256 3881 40
1303 3832 1398 3879 Τοι

343 3910 420 3943 me
439 3910 568 3944 nunc
589 3896 726 3946 rebus
743 3898 959 3946 miserum
991 3896 1234 3946 concludit
1264 3904 1399 3961 puter

344 3958 440 4009 He.
458 3960 527 4023 iv,
540 3966 592 4011 4.
615 3966 680 4010 80
711 3960 830 4010 Haec
847 3970 918 4009 tot
933 3970 1122 4025 propter
1135 3976 1212 4010 me
1228 3961 1398 4025 gaudis

343 4022 414 4071 illi
433 4024 686 4089 contigisse
708 4025 840 4073 laetor
891 4026 986 4076 He.
1011 4043 1057 4084 r,
1075 4031 1125 4076 8.
1148 4030 1211 4075 ³5
1265 4026 1400 4082 Quot

343 4087 574 4199 ami-nes,
585 4098 660 4138 tot
677 4092 948 4139 sententio:
983 4104 1094 4139 suus
1109 4090 1282 4155 cuique
1297 4104 1398 4138 mos

425 4184 440 4199 .
459 4154 515 4210 ni.
534 4161 584 4206 4.
608 4160 670 4206 14

410 4215 589 4270 Totius.
655 4219 736 4268 An
772 4236 864 4285 ego
899 4219 1036 4270 toties
1067 4220 1129 4269 de
1161 4219 1328 4269 eudem
1348 4234 1399 4269 re

349 4279 573 4332 sudium?
608 4283 706 4337 Ad.
722 4285 758 4348 i,
779 4290 828 4336 2.
846 4289 914 4336 48

2340 449 2513 515 cccli

1509 605 1678 667 Uetus,
1698 622 1745 666 u,
1764 618 1863 658 um.
1890 605 2056 664 Totus,
2073 605 2321 666 Parmeno,
2337 615 2509 678 tremo,

1447 673 1723 739 horreoque,
1759 679 2008 738 postquam
2044 673 2206 738 aspexi
2234 674 2355 726 bunc
2410 677 2507 726 Eu.

1451 739 1484 796 i,
1505 743 1555 789 2.
1576 743 1608 788 S
1661 737 1816 793 Eheu,
1840 749 1981 801 quum
2001 749 2091 800 ego
2110 751 2239 785 nunc
2258 745 2385 786 totns
2407 742 2507 790 dis-

1450 802 1608 866 pliceo
1628 802 1769 852 mihil
1805 802 1929 850 Hes.
1946 817 1992 858 v,
2008 805 2061 853 4.
2076 805 2141 851 20
2174 802 2402 868 Ctesipho
2422 819 2508 854 uu-

1450 875 1546 916 tetn
1581 868 1631 915 in
1669 881 1825 916 umore
1856 873 1929 915 est
1956 873 2083 913 totus
2136 865 2234 917 Ad.
2264 867 2329 924 iv,
2361 873 2410 916 2.
2443 873 2511 920 50

1452 931 1574 980 Abi:
1610 938 1784 996 tanges
1818 932 1859 980 si
1876 945 1974 979 non
1990 938 2117 978 totus
2134 931 2292 995 friget,
2306 947 2384 980 me
2405 935 2509 982 enl-

1451 1011 1510 1044 cu
1540 996 1634 1046 Ph.
1655 1013 1702 1054 v,
1724 1001 1771 1046 8.
1793 1001 1823 1046 ὕ
1864 995 2049 1044 trustra
2068 995 2151 1043 ubi
2174 1001 2323 1044 totum
2345 995 2512 1048 desedi

1452 1061 1594 1110 diem.
1660 1061 1737 1108 Itu
1774 1061 2005 1109 cursundo
2045 1069 2189 1124 utque
2226 1061 2513 1112 ambulando

1454 1132 1606 1172 totum
1628 1126 1755 1174 hunc
1790 1125 1988 1174 contrivi
2022 1125 2149 1172 diem
2203 1124 2299 1176 He.
2322 1141 2369 1184 V,
2392 1131 2439 1176 3.
2460 1131 2513 1179 2.

1454 1194 1516 1239 17
1573 1191 1729 1248 Quem
1765 1205 1856 1255 ego
1898 1189 2039 1238 hodie
2073 1196 2173 1237 toto
2194 1205 2293 1238 non
2315 1191 2411 1239 vidi
2432 1191 2513 1242 die

1451 1247 1548 1302 Ad.
1569 1255 1639 1330 iv,-
1659 1261 1706 1304 1.
1732 1259 1790 1304 u
1827 1255 1919 1303 Sex
1942 1269 2029 1316 ego
2052 1262 2100 1302 te
2122 1261 2247 1302 totos
2268 1255 2354 1331 ¹¹2⁸
2380 1269 2511 1304 men-

1453 1319 2516 1434 &reticuistill'iimriedgrniionngexligti:linneugiff

1455 1449 1542 1496 bus
1563 1449 1695 1512 prius
1714 1447 1977 1497 olfecissem
1997 1449 2015 1496 ?
2049 1447 2145 1496 Ad.
2168 1448 2235 1504 iii,
2258 1453 2306 1498 3.
2327 1453 2391 1498 42
2425 1450 2513 1498 Me

1454 1527 1645 1576 sperese
1678 1529 1755 1560 me
1776 1520 1824 1560 te
1846 1514 2081 1561 oblectes:
2128 1527 2311 1563 mecum
2331 1521 2433 1562 totu
2454 1514 2517 1562 sis

1454 1577 1605 1633 Emi,
1628 1583 1678 1628 2.
1705 1583 1797 1628 115
1854 1577 2021 1625 Fratris
2057 1577 2202 1642 igitur
2234 1578 2377 1626 Thais
2414 1587 2517 1627 totu

1455 1643 1562 1690 est?
1597 1641 1690 1690 Eu.
1713 1658 1759 1700 v,
1778 1647 1829 1690 9.
1855 1647 1916 1691 10
1949 1640 2083 1688 Nihil
2102 1644 2315 1706 estquod
2340 1642 2516 1701 malim,

1455 1721 1596 1771 quum
1616 1707 1741 1755 illum
1760 1713 1906 1754 totum
1926 1705 2150 1754 familiam
2182 1707 2295 1754 mihi
2309 1707 2411 1755 duri
2428 1709 2514 1756 ob-

1455 1771 1599 1829 vium,
1622 1779 1675 1819 ut
1706 1771 1803 1818 Ad.
1826 1771 1894 1826 iii,
1915 1775 1965 1820 2.
1990 1775 2050 1820 13
2100 1771 2196 1819 Sed
2216 1787 2314 1818 non
2334 1767 2517 1821 credidi

1458 1837 1599 1893 udeo,
1620 1844 1674 1884 ut
1694 1836 1836 1883 etium
1873 1844 2017 1883 totam
2054 1835 2177 1883 hunc
2214 1837 2391 1884 odisset
2426 1838 2512 1886 do-

1459 1915 1584 1947 mum
1634 1901 1726 1948 He.
1749 1901 1801 1956 ii,
1824 1905 1872 1949 l.
1895 1905 1960 1950 24
2008 1900 2137 1957 Quid
2158 1900 2177 1947 ἓ
2212 1909 2263 1948 ιιι
2286 1902 2357 1949 his
2379 1904 2517 1950 rebus

1458 1965 1609 2013 credis
1630 1965 1768 2012 lieri?
1803 1972 1900 2012 totu
1922 1979 2043 2012 erras
2064 1965 2141 2012 viu
2188 1964 2281 2015 Eu.
2305 1965 2358 2021 ii,
2380 1969 2429 2013 2.
2452 1971 2514 2016 14

1459 2029 1688 2094 colaphis
1711 2030 1845 2076 tuber
1866 2037 1941 2077 est
1960 2036 2111 2076 totum
2146 2036 2291 2092 caput
2341 2029 2439 2077 Ad.
2460 2030 2517 2088 ii,

1459 2097 1508 2142 2.
1528 2099 1591 2143 87
1645 2093 1857 2142 Tundem
1895 2108 1991 2140 non
2022 2109 2112 2156 ego
2144 2094 2226 2140 illu
2257 2109 2456 2156 curcum,
2478 2095 2519 2144 si
2546 2147 2553 2154 ,

1460 2158 1522 2204 sit
1541 2174 1570 2205 o
1610 2174 1681 2215 us,
1704 2158 1777 2206 vel
1818 2165 1967 2204 totum
2002 2157 2243 2205 triduum?
2276 2157 2367 2205 Eu.
2388 2159 2444 2213 ii,
2469 2164 2517 2208 1.

1463 2227 1524 2270 17
1656 2223 1801 2288 rymis
1822 2223 1990 2286 opplet
2010 2237 2063 2269 os
2083 2229 2233 2270 totum
2258 2221 2346 2269 sibi
2394 2221 2519 2272 Heu.

1460 2287 1511 2344 ii,
1534 2291 1584 2337 3.
1606 2293 1669 2336 05
1720 2287 1963 2346 Servesne,
1984 2301 2045 2333 sn
2070 2287 2235 2350 perdes
2256 2292 2425 2348 totum,
2446 2289 2519 2335 di·

1459 2351 1655 2399 viduum
1676 2353 1780 2400 fuce
1813 2351 1912 2399 Ad.
1932 2352 1985 2408 ii,
2006 2355 2056 2400 2.
2077 2354 2142 2400 88
2188 2351 2313 2398 Toto
2335 2367 2409 2398 me
2431 2368 2519 2419 op-

1460 2417 1576 2478 pido
1597 2416 1911 2464 exunimutum
1932 2429 2138 2478 querere
2171 2414 2237 2465 A.
2260 2415 2313 2472 ii,
2335 2419 2379 2464 2.
2406 2421 2435 2466 5

1523 2479 1710 2531 Tracto.
1776 2481 1835 2527 In
1872 2481 2029 2527 medio
2064 2478 2281 2528 omnibus
2316 2479 2521 2544 palmum

1459 2560 1560 2655 ‘iz‘
1577 2547 1797 2656 3⁸3³&
1815 2546 1895 2654 ‘¹1¹ss
1914 2550 2369 2655 Ῥῖᾞᾞᾞῧῖ
2376 2546 2520 2621 ⁸³⁰²¹¹¹

1539 2640 1552 2654 .
1642 2626 1671 2656 o
1690 2640 1703 2654 .
1896 2622 1935 2652 ε
2066 2622 2094 2653 e
2193 2624 2219 2655 c
2303 2624 2332 2655 u
2372 2624 2522 2659 nrum

1463 2670 1584 2718 Heu.
1608 2672 1657 2731 ii,
1676 2675 1724 2720 3.
1748 2674 1842 2719 125
1896 2670 2043 2726 Quod
2077 2670 2119 2717 si
2156 2678 2257 2718 ustu
2280 2687 2375 2719 rem
2400 2682 2521 2722 truc-

1462 2736 1597 2794 tuvit‚
1634 2736 1701 2783 Di
1736 2740 1937 2781 vostrum
1978 2733 2151 2782 fidem!
2200 2734 2292 2783 Eu.
2322 2751 2370 2792 v,
2402 2742 2452 2788 4,
2488 2744 2519 2789 2
2588 2758 2596 2765 =

1464 2799 1608 2856 Puto,
1631 2808 1683 2863 et
1702 2799 1831 2846 illum
1854 2800 2209 2861 obsequentem,
2223 2800 2262 2846 si
2276 2800 2383 2863 quis
2397 2810 2522 2851 recte

1462 2870 1546 2910 uut
1573 2864 1819 2912 commode
1852 2868 2070 2910 tructuret
2121 2862 2243 2911 Heu.
2278 2864 2316 2925 i,
2352 2870 2399 2916 1.
2424 2870 2519 2916 101

1395 2972 1400 2977 .
1463 2928 1565 2977 Ubi
1606 2944 1702 2976 rem
1746 2927 1927 2981 rescivi,
1958 2926 2081 2989 coepi
2115 2942 2212 2974 non
2254 2930 2523 2979 humanitus

1464 3000 1681 3055 tractare,
1704 2994 1786 3040 sed
1810 2991 1857 3038 vi
1891 2991 2011 3038 Heu.
2031 2992 2064 3048 i,
2085 2996 2129 3040 1.
2144 2996 2209 3041 ⁴9
2240 2992 2332 3040 Nae
2350 3010 2439 3057 ego
2456 3002 2521 3052 te,

1464 3058 1502 3103 si
1525 3072 1635 3105 usus
1656 3057 1829 3109 veniet,
1850 3055 2098 3119 magnifice
2130 3062 2325 3106 tructure
2348 3058 2522 3122 possim

1465 3122 1588 3169 Heu.
1612 3122 1682 3177 iii,
1704 3126 1752 3171 2.
1777 3124 1842 3169 46

1529 3186 1702 3234 Trudo.
1734 3185 1892 3243 Quom
1910 3184 1995 3232 ille
2016 3176 2105 3238 est',
2126 3184 2203 3232 hic
2224 3194 2395 3250 praesto
2416 3195 2521 3237 esta

1466 3252 1658 3299 trudunt
1677 3266 1841 3315 operas
1863 3254 2046 3297 mutuas
2079 3249 2168 3296 Ph.
2190 3249 2244 3307 ii,
2268 3255 2313 3300 1.
2335 3255 2398 3302 ⁸⁷
2432 3250 2523 3299 Ar·-

1468 3322 1659 3377 gentum
1682 3314 1846 3379 uccepl
1869 3329 1883 3361 ε
1930 3314 2099 3361 tradidi
2123 3314 2315 3363 lenoni:
2350 3316 2525 3365 abduxi

1467 3380 1707 3429 mulierem
1750 3380 1841 3429 Pb.
1862 3394 1908 3436 v,
1932 3382 1980 3428 5.
2002 3384 2028 3428 1
2080 3379 2219 3428 Hunc
2240 3386 2293 3427 tu
2312 3381 2428 3428 mihi
2448 3380 2526 3430 vel

1467 3445 1533 3503 vi,
1549 3445 1625 3493 vel
1646 3445 1787 3503 clem,
1804 3443 1882 3491 vel
1904 3444 2112 3508 precario
2132 3444 2209 3493 fue
2233 3445 2388 3493 trudas
2429 3444 2522 3495 Eu.

1468 3509 1519 3566 ii,
1537 3514 1586 3559 3.
1609 3514 1674 3561 28
1707 3510 1778 3559 Ut
1797 3524 1899 3556 eum
1922 3522 2019 3555 non
2037 3508 2211 3573 possim
2245 3510 2358 3567 suis,
2378 3510 2449 3557 itu
2469 3518 2526 3558 ut

1469 3589 1657 3636 aequum
1677 3574 1845 3629 fuerat,
1879 3580 2022 3637 utque
2055 3580 2109 3620 ut
2143 3574 2322 3635 studui,
2342 3575 2525 3623 trudere

1468 3637 1560 3686 Eu.
1584 3654 1631 3694 v,
1653 3644 1705 3689 2.
1728 3642 1787 3687 tl
1844 3636 2021 3686 Verum
2041 3637 2283 3693 scientem,
2308 3638 2525 3701 tacitum,

1468 3718 1660 3751 causum
1692 3704 1873 3751 trudere
1908 3702 2211 3749 advorsariis:
2242 3703 2446 3751 etiamne
2473 3702 2529 3751 id

1471 3768 1544 3815 lex
1565 3768 1764 3833 coegit?
1814 3766 1904 3814 Pb.
1935 3766 1989 3823 ii,
2020 3769 2065 3816 1.
2098 3770 2131 3815 7
2181 3764 2401 3815 Traditus
2423 3782 2526 3815 sum

1472 3832 1686 3881 mulieri:
1732 3833 1817 3881 illu
1832 3830 1964 3879 illico
1996 3830 2080 3877 ubi
2102 3844 2178 3879 me
2199 3831 2400 3893 accepit,
2418 3828 2527 3879 lustu

1471 3910 1580 3944 vero
1597 3898 1660 3945 ud
1682 3912 1733 3945 se
1753 3895 1947 3944 ubducit
1964 3895 2153 3942 domum
2188 3894 2281 3943 Eu.
2301 3896 2371 3953 iii,
2390 3902 2438 3945 5.
2460 3897 2527 3946 27

1471 3960 1659 4010 Idcirco
1677 3962 1789 4010 huic
1810 3967 1967 4008 nostro
2002 3959 2173 4006 traditu
2192 3965 2266 4008 est
2286 3959 2530 4024 provincia

1472 4024 1594 4074 Heu.
1613 4026 1687 4083 iii,
1710 4030 1757 4075 2.
1779 4032 1809 4074 5
1864 4024 1944 4071 Ob
1977 4022 2223 4072 mulefuctu
2254 4026 2356 4073 haec
2386 4025 2525 4073 tunti-

1473 4092 1582 4139 dem
1600 4099 1770 4139 emtum
1792 4088 2001 4155 postulat
2019 4088 2107 4137 sibi
2128 4088 2302 4139 trudier
2350 4088 2448 4139 Ad.
2476 4088 2531 4155 ii,

1537 4219 1773 4268 Truduco.
1837 4216 2048 4267 Ancillas
2082 4232 2244 4267 omnes
2278 4216 2530 4267 Bacchidis

1401 4308 1408 4315 ·
1475 4284 1669 4333 traduce
1688 4286 1781 4333 huc
1802 4285 1863 4333 ud
1884 4298 1968 4331 vos
2002 4298 2199 4348 propere
2252 4282 2375 4331 Heu.
2394 4284 2458 4349 iv,
2478 4286 2533 4333 4.
