3192 4975
533 364 768 432 clxxvi

534 529 634 577 tine
651 526 900 579 excludere
934 524 1025 581 He.
1045 524 1116 585 iii,
1132 530 1185 578 2.
1199 530 1232 578 4
1255 523 1516 579 Judieium
1529 528 1592 577 de

533 595 700 643 eedem
723 608 862 642 causa
881 594 1048 641 iterum
1071 598 1126 641 ut
1143 593 1346 641 reddant
1381 592 1468 642 tihi
1500 594 1594 643 Ph.

533 658 590 715 ii,
610 662 658 708 3.
683 663 745 707 ⁶7

599 722 788 771 Itidem.
857 720 1037 769 Eadem
1071 721 1189 777 hoec,
1213 736 1320 786 quie
1359 720 1445 769 tibi
1481 720 1599 777 dixi,

535 786 688 835 dicam
721 785 884 835 itidem
925 785 995 833 illi
1047 785 1113 833 A.
1133 785 1203 840 iii,
1225 792 1274 836 4.
1295 790 1360 835 20
1417 784 1487 835 Ut
1507 785 1601 833 hoc

537 851 625 899 tibi
647 850 828 898 doleret
846 850 1031 906 itidem,
1054 857 1110 897 ut
1131 847 1396 899 mihi'dolet
1447 849 1540 896 Eu.
1564 848 1599 905 i,

535 918 584 963 2.
609 919 670 964 18
704 914 877 962 Itidem
899 914 1050 977 patria
1071 915 1155 977 qui
1177 913 1464 978 alligurierat
1479 915 1604 961 bona

535 978 627 1027 Eu.
649 978 707 1039 ii,
729 984 780 1028 2.
796 982 829 1027 4
863 977 957 1026 Eas
978 980 1142 1027 itidem
1165 978 1324 1025 fallam
1358 978 1453 1025 Eu.
1475 977 1527 1034 ii,
1550 982 1601 1027 3.

535 1048 600 1093 93
655 1042 708 1091 Si
747 1043 1014 1100 abduxeris,
1052 1042 1298 1091 celabitur·
1323 1042 1530 1098 itidem„
1551 1048 1606 1089 ut

534 1107 659 1155 Heu.
682 1108 748 1164 ἰν,
769 1112 818 1157 3.
834 1112 900 1157 20
947 1107 1184 1170 Integrnm
1206 1107 1371 1155 itidem
1393 1107 1607 1168 reddam,

537 1178 593 1220 ιιι
644 1170 740 1219 He.
760 1172 796 1233 i,
817 1176 866 1220 2.
888 1176 950 1220 76
1008 1172 1077 1220 Ut
1097 1171 1226 1227 veni,
1247 1171 1414 1219 itidem
1453 1171 1605 1220 incer-

538 1244 640 1283 tum
662 1235 819 1285 amiati
851 1235 944 1283 He.
967 1235 1017 1299 ii,
1037 1240 1085 1284 2.
1108 1241 1142 1286 9
1195 1235 1369 1283 Itidem
1386 1234 1480 1282 illae
1502 1250 1606 1281 rnu-

540 1300 678 1350 lieree
697 1306 809 1349 sunt
827 1300 989 1357 ferme,
1011 1307 1066 1348 ιιι
1086 1299 1222 1364 pueri
1267 1299 1362 1347 He.
1383 1299 1454 1355 iii,
1478 1304 1524 1347 1.
1541 1303 1607 1349 32

538 1364 724 1423 Placet,
747 1380 842 1412 non
865 1365 1078 1413 fierihoc
1107 1364 1292 1419 itidem.
1329 1369 1386 1411 ut
1419 1363 1473 1411 in
1511 1363 1607 1411 Co·

539 1430 726 1479 moediis
758 1428 854 1478 He.
874 1445 922 1484 V,
941 1432 992 1478 4.
1012 1433 1078 1479 26
1111 1428 1286 1476 Itidem
1311 1435 1362 1475 tu
1377 1427 1483 1475 face
1516 1427 1609 1476 Ph.

543 1494 598 1553 ii,
621 1499 669 1543 3.
691 1499 756 1544 60
789 1492 962 1543 Itidem
983 1501 1039 1541 ut
1059 1500 1260 1557 cognata
1280 1492 1322 1539 si
1343 1492 1406 1539 ait
1437 1490 1528 1541 Ph.
1551 1491 1609 1549 ii,

541 1562 591 1609 3.
615 1563 680 1609 62
740 1556 963 1606 Phormio
985 1557 1145 1606 itidem
1168 1558 1220 1604 in
1255 1558 1346 1605 hnc
1379 1572 1448 1617 re,
1469 1563 1524 1603 ιιι
1555 1557 1608 1603 in

541 1622 664 1679 eliis,
687 1630 924 1674 strenuum
944 1623 1182 1671 hominem
1198 1620 1402 1686 praebuit
1431 1622 1524 1671 Ph.
1538 1620 1610 1678 iii,

610 1750 723 1799 Itio.
787 1750 1014 1799 Haeccine
1043 1756 1177 1799 erant
1210 1749 1384 1799 itiones
1420 1750 1611 1807 crebrm,

542 1822 595 1863 et
618 1815 880 1866 mansiones
903 1815 1101 1863 diutinae
1122 1814 1327 1864 Lemni?
1376 1814 1470 1863 Ph.
1489 1830 1542 1879 v,
1563 1819 1613 1863 8.

611 1940 784 1994 Jubeo.
829 1943 860 1993 J
865 1944 986 1992 ubeo
1000 1944 1296 1993 Chremetem
1319 1940 1380 1991 A.
1415 1941 1488 2000 iii,
1511 1946 1562 1991 3.
1581 1946 1610 1992 1

545 2005 722 2065 Jubeo,
743 2024 884 2107 cogo,
905 2016 1048 2073 atque
1070 2010 1249 2072 impero
1293 2008 1389 2059 Eu.
1406 2007 1460 2065 ii,
1483 2012 1532 2055 3.
1547 2011 1613 2056 97

547 2071 678 2130 Quid
725 2074 794 2121 ais
811 2109 823 2121 .
883 2073 969 2137 Sy.
1006 2071 1166 2122 Jubeo
1223 2072 1348 2121 Hea.
1387 2073 1453 2129 iv,
1475 2076 1526 2121 3.
1547 2076 1615 2121 24

547 2132 789 2202 Denique,
811 2138 1059 2202 inspicere,
1096 2144 1321 2201 tanquam
1359 2137 1410 2183 in
1445 2150 1615 2199 specu-

547 2201 662 2264 lum,
683 2202 734 2249 in
757 2202 876 2249 vitae
888 2202 1038 2266 jubeo
1059 2254 1062 2259 ,
1092 2202 1191 2250 Ad.
1211 2200 1280 2257 iii,
1302 2206 1352 2250 3.
1375 2205 1439 2251 62
1487 2200 1615 2248 Tan-

547 2281 690 2329 quam
713 2266 764 2313 in
783 2268 1044 2329 speculum,
1067 2266 1118 2313 in
1156 2266 1340 2327 patinas
1383 2264 1615 2327 inspicere

544 2328 712 2392 jubeo,
736 2336 786 2377 et
808 2346 976 2377 moneo
1029 2329 1125 2377 Ad.
1145 2329 1217 2387 iii,
1239 2333 1286 2377 3.
1309 2334 1370 2379 76
1427 2328 1615 2377 Salvere

551 2393 822 2456 Hegionem
861 2392 1113 2457 plurimum
1142 2392 1294 2456 jubeo
1347 2391 1448 2439 Ad.
1471 2391 1543 2447 iii,
1564 2396 1615 2440 4.

553 2462 614 2506 15
650 2456 754 2520 Ego
773 2472 880 2504 vero
893 2456 1044 2520 jubeo
1076 2454 1178 2506 Ad.
1197 2474 1246 2513 v,
1269 2460 1364 2506 8.2
1396 2455 1617 2504 Lesbiam

551 2521 726 2570 adduci
743 2520 885 2584 jubes
940 2521 1004 2570 A.
1028 2522 1063 2578 i,
1085 2527 1134 2570 4.
1157 2525 1184 2570 1
1240 2519 1338 2569 Cur
1357 2536 1454 2568 non
1487 2521 1616 2568 illam

549 2587 645 2634 huc
669 2585 900 2634 transferri
911 2582 1087 2649 jubes?
1121 2585 1184 2632 A.
1207 2601 1254 2648 v,
1273 2589 1322 2634 4.
1346 2589 1413 2634 49
1445 2585 1619 2633 Jubes-

550 2651 648 2698 ne?
681 2650 774 2698 Eu.
799 2650 852 2706 ii,
875 2655 924 2699 3.
940 2655 1004 2700 97
1039 2649 1200 2698 Facile
1221 2650 1441 2713 equidem
1465 2649 1640 2698 facere·

552 2731 764 2780 possum,
809 2715 850 2762 si
886 2713 1030 2778 jubes
1082 2714 1207 2763 Hea.
1239 2714 1310 2772 iii,
1332 2719 1381 2764 2.
1403 2719 1469 2764 36
1523 2713 1623 2764 Cur

553 2795 654 2828 non
693 2780 862 2829 arcessi
892 2779 1035 2844 jubes
1072 2779 1250 2827 filiam?
1307 2785 1425 2826 Heu.
1449 2793 1495 2835 ν,
1517 2785 1566 2828 6.
1589 2783 1621 2829 3

553 2844 690 2893 Tune
721 2844 864 2908 jubes
903 2844 1013 2901 hoc,
1052 2843 1272 2892 Demea?
1330 2841 1429 2891 Ad.
1450 2858 1497 2900 V,
1519 2847 1566 2892 8.
1591 2849 1621 2893 1

553 2908 632 2957 Ita
647 2916 702 2957 ιιι
716 2909 875 2973 jubes,
893 2909 1064 2958 faciam
1097 2908 1192 2956 He.
1205 2909 1270 2970 iv,
1285 2911 1381 2958 3.6
1414 2907 1623 2969 Faciam,

553 2981 612 3021 ut
627 2972 768 3036 jubes
801 2973 897 3022 Ph.
925 2990 972 3036 v,
995 2978 1044 3023 3.
1068 2976 1130 3022 12
1163 2972 1194 3022 J
1200 2973 1311 3020 ubet
1331 2972 1506 3020 frater?
1539 2971 1627 3020 ubi

551 3037 598 3086 is
619 3039 722 3086 eet?
773 3037 872 3085 Ad.
894 3054 941 3095 v,
965 3042 1014 3087 8.
1038 3042 1065 3086 1
1117 3035 1308 3086 Arcessi
1331 3035 1474 3100 jubet
1524 3035 1626 3087 Ite-

555 3117 660 3150 rum
675 3101 817 3165 jubet
848 3101 943 3151 He.
959 3101 996 3159 i,
1015 3105 1064 3151 2.
1084 3105 1196 3150 110.
1214 3106 1307 3151 111
1343 3101 1516 3149 Matris
1531 3101 1627 3149 fer-

557 3164 1623 3292 iissssjffifflssffiss‘zbfg.{¹553ssssss

559 3300 612 3345 2.
636 3300 702 3345 76
755 3295 816 3343 Id
841 3295 970 3357 quod
992 3294 1066 3342 lex
1081 3292 1238 3356 jubet,
1262 3296 1422 3343 dotem
1452 3263 1629 3344 daret-ig

560 3358 655 3408 Ph.
680 3357 734 3415 ii,
758 3364 808 3410 1.
846 3363 927 3409 66.
959 3358 1011 3415 ii,
1035 3362 1083 3406 3.
1099 3362 1164 3408 62
1219 3358 1495 3407 Mercedem
1515 3359 1629 3406 dare

563 3422 641 3470 lex
657 3421 807 3486 jubet.
817 3422 884 3478 ei,
905 3430 1048 3486 atque
1087 3422 1330 3482 emittere?
1384 3423 1476 3472 Ph.
1502 3423 1554 3479 ii,
1579 3425 1629 3470 3.

561 3491 628 3537 67
681 3486 826 3545 Quod
845 3488 967 3551 J'ussi
988 3487 1034 3535 ei
1055 3489 1166 3536 dare
1197 3487 1375 3545 bibere,
1394 3494 1445 3536 et
1479 3502 1630 3551 quen-

562 3558 666 3599 tum
686 3552 929 3616 imperavi,
953 3553 1064 3600 dete
1094 3550 1162 3599 A.
1183 3551 1252 3610 iii,
1274 3557 1324 3602 2.
1349 3557 1382 3602 4
1429 3551 1559 3600 Hinc
1582 3559 1631 3600 te

559 3615 686 3664 intro
727 3616 797 3665 ire
827 3615 953 3679 jussi
1005 3617 1073 3664 A.
1095 3615 1165 3672 iii,
1189 3621 1238 3666 4.
1264 3621 1323 3666 11
1377 3615 1523 3664 Haud
1563 3616 1634 3664 ita

559 3680 684 3746 jussi
726 3679 792 3729 A.
813 3697 864 3740 ν,
884 3685 935 3732 4.
956 3685 1021 3730 62
1070 3681 1182 3729 Huc
1204 3697 1299 3745 qua
1320 3680 1468 3744 gratia
1489 3688 1538 3728 te
1558 3695 1633 3728 ar-

566 3747 686 3794 cessi
711 3745 856 3809 jussi,
887 3746 1103 3794 ausculta
1154 3745 1247 3796 Eu.
1269 3747 1303 3804 i,
1325 3751 1375 3795 2.
1399 3749 1464 3794 20
1517 3744 1634 3804 Fac,

565 3809 640 3859 itu
681 3819 738 3858 ut
775 3809 898 3875 jussi
950 3811 1044 3861 Eu.
1069 3811 1124 3872 ii,
1148 3814 1196 3858 1.
1218 3814 1244 3860 1
1303 3809 1482 3858 Secteri
1511 3807 1635 3871 jussi

567 3873 662 3924 Eu.
683 3875 736 3932 ii,
759 3881 809 3925 2.
842 3879 903 3926 31
956 3873 1134 3924 Jubete
1169 3874 1286 3922 istos
1321 3875 1446 3922 foras
1489 3874 1635 3932 exim,

568 3939 1215 4054 minentur-1234
1229 3936 1536 4051 333²&ss
1549 3938 1637 4053 ‘¹13

570 4067 690 4116 Noli
706 4069 870 4118 fodere
884 4068 1009 4133 jussi
1108 4084 1153 4116 e.
1171 4067 1245 4125 iii,
1268 4073 1316 4117 6.
1338 4070 1400 4116 17
1453 4065 1522 4121 Te
1543 4067 1639 4116 huc

570 4131 694 4180 forae
717 4149 914 4196 puerum
946 4148 1143 4182 evocare
1174 4132 1297 4197 jussi
1345 4131 1512 4186 He.v‚
1536 4135 1582 4182 l.
1606 4136 1639 4181 6

574 4195 831 4246 Hominem
851 4199 915 4246 ad
934 4199 1086 4246 forum
1100 4197 1225 4262 jussi
1241 4194 1444 4262 opperiri
1466 4195 1558 4245 Ph.
1573 4195 1641 4254 iv,

575 4263 628 4314 2.
650 4264 685 4312 9
725 4261 804 4310 Ita
823 4269 878 4312 ιιι
899 4269 951 4312 ιιι
965 4262 1102 4328 justi,
1121 4263 1210 4312 soli
1229 4261 1412 4314 credita
1429 4266 1502 4309 eet
1548 4259 1643 4310 Eu.

1507 373 1748 427 11⁴1an

1666 544 1715 585 v,
1740 529 1791 579 1.
1816 529 1877 577 16
1898 519 2117 573 'Factum‘
2134 530 2225 584 est,
2247 523 2377 589 quod
2390 518 2732 589 jmti,Demea

1667 590 1771 639 Ad.
1792 606 1839 648 v,
1860 592 1911 639 9.
1934 593 1959 638 1
2005 588 2161 638 Herus
2180 605 2258 637 me
2273 588 2417 653 jussit
2435 590 2733 653 Pamphilum

1668 656 1811 703 hodie
1833 656 2075 703 observare
2130 652 2195 701 A.
2218 654 2269 711 ii,
2292 660 2344 703 6.
2374 659 2397 704 1
2455 654 2581 703 Nam
2602 656 2732 718 quod

1670 720 1949 795 peperisset,
1966 718 2110 783 jussit
2128 718 2233 765 tolli
2265 718 2328 769 A.
2349 718 2421 781 iii,
2446 724 2491 767 1.
2506 724 2541 768 6
2589 719 2737 767 Orare

1664 785 1828 848 jussit,
1850 784 1891 831 si
1912 798 1963 831 se
1984 799 2129 843 ames,
2152 784 2284 843 hera,
2298 782 2401 846 jam
2422 790 2476 830 ιιι
2496 784 2558 831 nd
2579 799 2629 831 se
2649 800 2735 832 ve-

1674 850 1777 897 nias
1828 847 1893 896 A.
1912 848 1977 905 iv,
1999 852 2050 897 2.
2070 853 2103 898 4
2156 847 2382 904 Domum,
2402 848 2471 895 ita
2505 856 2561 895 ιιι
2590 848 2738 911 jussit

1672 914 1830 970 frater,
1852 913 2085 961 deducam
2118 912 2209 961 Eu.
2232 912 2283 968 ii,
2305 915 2353 961 8.
2374 916 2439 961 72
2487 912 2637 961 Jussit
2656 928 2737 961 me

1674 979 1735 1026 ad
1757 994 1809 1026 ee
1828 978 2047 1027 arcessiat
2079 976 2173 1026 Eu.
2189 977 2258 1033 iii,
2276 980 2371 1026 3.-4
2406 976 2736 1025 Philumenam

1677 1044 1739 1091 nd
1762 1058 1809 1089 se
1824 1043 1993 1090 arcessi
2010 1041 2087 1090 hic
2103 1042 2248 1105 jussit
2268 1041 2361 1089 He.
2380 1040 2450 1099 iii,
2472 1046 2520 1089 5.
2539 1045 2601 1090 16
2623 1040 2735 1089 Ηοο

1677 1116 1725 1155 te
1744 1106 1857 1154 mihi
1876 1107 2091 1155 nuntiare
2102 1106 2249 1169 jussit
2280 1106 2375 1154 He.
2394 1122 2442 1162 v,
2465 1109 2514 1154 4.
2535 1110 2566 1153 7
2614 1105 2737 1161 Quis

1677 1179 1727 1219 te
1745 1170 1877 1219 ist-«ec
1898 1171 2042 1233 jussit
2061 1171 2223 1233 loqui?
2257 1170 2348 1218 Ph.
2370 1172 2437 1225 iv,
2454 1174 2502 1218 3.
2518 1173 2581 1218 34
2604 1170 2737 1227 Quid

1678 1236 1961 1283 renuntiavit
1994 1235 2140 1283 olim?
2196 1236 2277 1283 So.
2310 1234 2497 1283 Fecisse
2525 1234 2573 1281 id
2610 1236 2739 1297 quod

1672 1299 1899 1363 jusseram
1934 1299 2056 1347 Hea.
2076 1300 2144 1356 iv,
2168 1305 2215 1349 1.
2236 1304 2300 1349 48
2334 1299 2463 1356 Quia
2482 1300 2666 1346 dudum
2688 1305 2741 1345 tn

1680 1370 1927 1427 tantopere
1941 1363 2165 1426 jusseras,
2184 1380 2243 1411 eo
2281 1364 2405 1426 coepi
2460 1362 2584 1410 Hea.
2604 1365 2671 1423 iv,
2692 1369 2742 1411 6.

1680 1433 1745 1477 38
1797 1428 1862 1475 Ει
1882 1429 2073 1489 quidem
2089 1428 2279 1491 jubebit
2304 1427 2473 1491 posci?
2530 1426 2653 1475 Hea.
2672 1428 2740 1484 iv,

1681 1498 1729 1541 5.
1751 1496 1815 1542 27
1851 1492 1993 1549 Quod
2015 1494 2057 1540 ie
2074 1492 2280 1555 jubebit,
2302 1492 2474 1539 facium
2508 1491 2599 1539 Ph.
2622 1508 2667 1547 v,
2692 1496 2742 1540 8.

1681 1561 1744 1606 67
1778 1556 1967 1605 Arcessi
1977 1556 2095 1620 jube
2126 1557 2190 1604 A.
2206 1556 2427 1617 ίὶί,3.14
2460 1556 2587 1605 Jube
2604 1556 2743 1612 solvi,

1683 1622 1875 1670 obsecro
1930 1622 1992 1669 A.
2016 1638 2063 1679 v,
2081 1624 2131 1671 4.
2156 1626 2219 1671 62
2268 1620 2413 1677 Jube,
2436 1619 2553 1667 mihi
2584 1622 2743 1668 denuo

1682 1688 1967 1749 respondeat
2014 1685 2105 1733 Eu.
2126 1686 2192 1741 iv,
2214 1690 2347 1741 4.,24
2394 1684 2745 1747 Comprehendi

1678 1749 1815 1814 jube,
1838 1757 2066 1815 quantum
2088 1758 2247 1814 potest
2278 1749 2368 1797 Eu.
2391 1767 2438 1806 v,
2454 1754 2502 1799 1.
2519 1754 2586 1798 20
2617 1751 2649 1798 J
2652 1750 2746 1798 ube

1685 1816 1811 1863 hunc
1848 1816 1975 1863 abire
2014 1816 2125 1863 hinc
2163 1815 2325 1879 aliquo
2374 1814 2497 1866 Hea.
2518 1813 2591 1871 iii,
2610 1819 2657 1863 3.
2679 1818 2743 1864 24

1686 1879 1895 1937 Quaesol
1923 1878 2062 1941 jube,
2098 1886 2289 1928 nraneat
2338 1879 2461 1927 Hea.
2487 1880 2553 1939 iv,
2592 1884 2642 1927 4.
2682 1884 2743 1928 15

1685 1944 1837 1991 Immo
1859 1943 2007 1991 filium
2022 1943 2141 2007 jube
2172 1945 2331 2007 potius
2379 1944 2501 1991 Hee.
2522 1944 2593 1998 iv,
2610 1948 2657 1991 6.
2680 1946 2746 1991 62

1687 2008 1909 2057 Lectulos
1924 2006 2045 2071 jube
2066 2010 2209 2056 sterni
2238 2009 2373 2056 nobis
2421 2007 2517 2055 Ad.
2538 2007 2589 2063 ii,
2611 2012 2659 2056 4.
2681 2010 2742 2057 21

1688 2073 1829 2122 Hanc
1848 2073 1903 2121 in
1923 2073 2060 2119 horto
2080 2074 2325 2121 maceriam
2342 2072 2460 2135 jube
2482 2071 2605 2119 dirui
2650 2071 2750 2119 Ad.

1692 2138 1738 2196 wi,
1757 2141 1808 2186 7.
1835 2142 1894 2187 10
1936 2137 2063 2185 Jube
2094 2153 2221 2185 nunc
2248 2137 2351 2201 jam
2378 2138 2641 2185 dinumeret
2677 2136 2749 2184 illi

1689 2202 1879 2267 Babylo
1916 2201 2087 2265 viginti
2122 2204 2269 2250 minas
2324 2201 2423 2249 Ad.
2445 2217 2490 2257 v,
2513 2207 2562 2250 7.
2585 2205 2649 2250 16
2698 2200 2751 2248 Si

1690 2282 1830 2315 sanus
1852 2265 1962 2326 sies,
1988 2264 2108 2329 jube
2129 2266 2257 2315 illam
2294 2267 2443 2314 redire
2496 2265 2591 2313 He.
2610 2265 2679 2321 iii,
2700 2270 2750 2313 5.

1689 2335 1755 2381 44
1774 2330 2037 2392 Argentum
2050 2346 2229 2379 rursum
2242 2330 2359 2393 jube
2373 2330 2581 2389 rescribi,
2598 2329 2751 2377 Phor-

1692 2396 1787 2441 mio
1836 2395 1929 2443 Ph.
1947 2400 2008 2457 {V2
2040 2398 2088 2443 7.
2120 2400 2187 2445 29
2240 2395 2372 2444 Heus
2391 2395 2402 2442 !
2432 2395 2599 2460 jubete
2636 2394 2753 2441 istos

1692 2459 1815 2508 foras
1834 2459 1977 2516 exire,
1992 2474 2111 2522 quos
2141 2459 2281 2523 jussi,
2320 2460 2452 2509 ocius
2506 2459 2596 2507 Eu.
2616 2458 2685 2516 iii,
2703 2464 2754 2509 2.

1695 2528 1759 2574 16
1815 2524 2002 2582 Paravi,
2027 2532 2077 2573 ut
2091 2524 2287 2588 jubeam
2308 2525 2475 2574 arcessi
2528 2524 2593 2574 A.
2615 2524 2682 2580 iv,
2702 2529 2755 2574 4.

1694 2593 1726 2638 2
1761 2589 1853 2636 Pro
1874 2589 1958 2637 illo
1973 2587 2171 2651 jubeam
2185 2590 2385 2638 meilluc
2401 2589 2627 2638 deducier
2658 2588 2753 2637 Eu.

1694 2652 1766 2710 iii,
1788 2659 1837 2702 5.
1856 2657 1922 2703 24
1956 2653 2054 2710 Qui
2068 2654 2159 2702 scis
2180 2671 2194 2715 ;
2214 2669 2291 2711 an,
2306 2671 2414 2718 quae
2428 2653 2641 2717 jubeam,
2655 2653 2759 2701 eine

1696 2717 1746 2764 vi
1767 2718 1947 2766 saciat?
1982 2718 2074 2767 Eu.
2095 2718 2164 2775 iv,
2185 2723 2235 2768 7.
2256 2724 2321 2768 20
2370 2719 2436 2766 Νἰ
2456 2734 2529 2766 me
2552 2731 2757 2782 quaerere

1696 2782 1747 2828 in
1768 2782 1892 2829 malo
1919 2782 2091 2846 jubeas
2124 2799 2309 2832 crucem
2333 2784 2351 2830 ἓ
2406 2783 2498 2831 Ph.
2523 2783 2596 2844 iii,
2620 2786 2668 2830 3.
2692 2787 2756 2831 11

1698 2846 1907 2894 Militem
1943 2855 2092 2911 rogat,
2124 2854 2179 2895 ιιι
2209 2848 2342 2896 illum
2376 2848 2557 2896 admitti
2590 2845 2761 2910 jubeat

1696 2911 1791 2960 Eu.
1813 2910 1880 2969 iv,
1906 2915 1954 2962 1.
1976 2916 2008 2961 4
2061 2911 2264 2976 Egone?
2298 2920 2353 2960 ut
2368 2913 2541 2960 Thaidi
2565 2927 2639 2960 me
2675 2910 2759 2958 de-

1699 2976 1826 3032 dam,
1848 2982 1899 3024 et
1918 2976 2089 3024 faciam
2110 2977 2237 3040 quod
2254 2977 2424 3040 jubent
2467 2977 2563 3026 Eu.
2586 2993 2633 3032 v,
2656 2979 2705 3026 8.
2725 2979 2763 3024 2

1700 3039 1771 3088 Ut
1791 3056 1968 3104 rogem,
1989 3041 2119 3104 quod
2140 3048 2327 3106 tempus
2342 3040 2661 3089 conveniundi
2712 3053 2763 3085 a·

1702 3104 1783 3152 tris
1805 3121 1879 3152 me
1899 3120 2065 3168 capere
2081 3103 2286 3167 jubent?
2335 3105 2425 3152 Ph.
2446 3122 2495 3160 v,
2516 3109 2567 3152 4.
2589 3109 2624 3153 9
2710 3118 2763 3151 a·

1702 3168 1841 3222 ciam.
1886 3177 1939 3216 ut
1974 3168 2170 3231 jusseris
2222 3168 2315 3216 Eu.
2335 3169 2370 3224 i,
2393 3173 2443 3216 2.
2463 3173 2529 3219 94
2583 3167 2758 3230 Miror,

1702 3233 1930 3282 continuo
1963 3248 2059 3279 non
2088 3231 2283 3305 jussisse
2318 3233 2469 3294 abripi
2504 3247 2581 3280 me
2636 3231 2763 3280 Hea-

1701 3314 1753 3356 v,
1774 3301 1823 3346 2.
1848 3302 1913 3347 48
1966 3295 2062 3345 Dic
2078 3297 2278 3360 jussisse
2313 3307 2363 3346 te
2414 3297 2509 3345 He.
2530 3297 2607 3359 iii,
2628 3302 2675 3345 5.
2699 3300 2767 3346 16

1702 3361 1905 3410 Tantum
1922 3359 2083 3424 Juesus
2106 3377 2209 3409 sum
2242 3362 2333 3411 Ph.
2358 3363 2422 3424 iv,
2442 3362 2491 3412 4.
2516 3368 2549 3413 2
2598 3359 2767 3411 Proxi-

1704 3441 1782 3474 mo
1796 3426 1929 3490 jussa
1944 3434 2017 3474 est
2036 3427 2155 3486 dari,
2178 3427 2265 3475 ut?
2298 3428 2428 3492 quod
2442 3434 2495 3474 tu
2510 3434 2639 3475 vetas
2673 3426 2766 3474 Ph.

1704 3488 1759 3548 ii,-
1780 3494 1830 3540 3.
1852 3495 1917 3540 69
2076 3523 2082 3531 ·

1770 3555 1947 3604 Judex.
2011 3555 2085 3602 Tu
2106 3571 2157 3604 es
2172 3555 2323 3618 judex
2372 3555 2496 3603 Hea.
2516 3554 2575 3610 ii,
2596 3557 2646 3602 3.
2672 3557 2765 3603 111

1707 3617 1805 3667 Ubi
1828 3627 1901 3667 est
1922 3619 2158 3676 Phaedria,
2190 3620 2343 3682 judex
2363 3620 2557 3667 noster?
2604 3618 2698 3669 Ph.
2718 3634 2769 3676 v,

1710 3687 1757 3732 8.
1777 3688 1844 3734 66
1894 3683 1975 3731 An
1995 3683 2243 3746 quisquam
2278 3683 2427 3747 judex
2450 3692 2539 3740 est,
2561 3685 2646 3747 qui
2660 3697 2769 3748 pos-

1710 3749 1772 3795 sit
1790 3762 1983 3796 noscere
2006 3755 2089 3794 tua
2101 3748 2267 3810 justa?
2304 3750 2397 3800 Ph.
2420 3747 2477 3811 ii,
2501 3755 2549 3799 1.
2567 3753 2634 3799 49
2667 3748 2767 3796 Vo-

1711 3814 1783 3861 bis
1804 3813 2102 3876 corrigemus,
2126 3821 2173 3860 te
2184 3813 2353 3876 judice
2374 3814 2481 3878 ipso
2530 3813 2623 3861 He.
2643 3812 2695 3870 ii,
2718 3816 2770 3860 2.

1715 3881 1775 3926 13
1809 3874 2249 3938 Voseritisjudices
2278 3878 2380 3929 Ad.
2399 3878 2527 3927 Prol.
2547 3883 2579 3928 4
2612 3876 2769 3933 Quam

1711 3939 1865 4016 iniqui
1884 3947 1994 3988 sunt
2014 3947 2170 4004 patrea
2190 3941 2242 3990 in
2264 3959 2426 3992 omnes
2448 3943 2774 3990 adolescentes

1708 4004 1924 4068 judices!
1960 4005 2077 4053 Heu.
2102 4006 2153 4063 ii,
2178 4011 2225 4056 1.
2250 4012 2277 4057 1
2326 4008 2560 4056 Nostrone
2590 4021 2649 4053 ea
2670 4005 2771 4053 cul-

1716 4086 1781 4133 pa
1802 4078 1890 4128 eet,
1914 4086 1975 4118 en
1990 4069 2240 4132 judicum?
2275 4073 2366 4120 Ph.
2386 4071 2439 4129 ii,
2464 4075 2510 4122 1.
2529 4075 2591 4118 46
2626 4069 2772 4116 Dilu-

1718 4134 1825 4183 cide
1846 4135 2096 4198 expedivi3
2128 4136 2298 4200 quibus
2318 4152 2393 4184 me
2415 4134 2623 4200 oportuit
2635 4132 2770 4196 judi-

1717 4199 1853 4248 cibus
1897 4200 1991 4251 Ph.
2012 4199 2067 4256 ii,
2090 4204 2141 4250 8.
2160 4205 2225 4250 68
2273 4199 2354 4248 Ad
2383 4199 2571 4263 judices
2607 4198 2773 4246 venie-

1718 4278 1823 4312 mus
1875 4265 1970 4317 Ph.
1989 4265 2028 4324 i,
2048 4269 2099 4316 2.
2114 4269 2181 4316 79
2211 4265 2467 4328 Postquam
2508 4264 2569 4312 ad
2586 4262 2779 4328 judices
