3192 4975
1205 440 1286 489 m
1333 440 1813 491 TERENTIUM·

413 598 604 641 ventum
627 596 700 639 est
729 586 822 637 Ph-
842 588 895 647 n,
916 594 964 639 1.
985 593 1052 642 52

479 656 512 706 J
515 656 738 705 udicium.
819 655 936 705 Cres
976 663 1050 704 est
1087 653 1204 703 mihi
1230 654 1464 719 judicium

414 720 509 769 Eu.
544 720 599 775 ii,
633 724 682 769 3.
717 724 780 769 47
827 719 1048 768 Vestrum
1077 718 1312 782 judicium
1352 720 1468 769 fecit

413 784 538 833 Heu.
579 784 706 831 Proi.
745 788 807 834 12
871 783 990 847 Ejus
1021 783 1208 849 judicio
1247 785 1468 847 permitto

413 848 572 895 omnia
614 848 708 897 Ph.
741 864 788 905 v,
817 852 869 897 8.
905 852 972 897 56
1023 848 1332 911 Magistratus
1369 848 1467 905 adi.

405 910 644 975 judicium
666 912 728 960 de
748 912 914 959 eadem
937 927 1078 960 causa
1097 913 1266 961 iterum
1287 922 1342 960 ut
1363 915 1467 961 red·

410 977 528 1023 daut
549 977 654 1024 tibi.
686 976 788 1024 Soli
809 976 922 1024 licet
941 976 1016 1025 bis
1030 976 1266 1039 judicium
1287 977 1468 1042 adipis·

411 1040 506 1087 cier
555 1040 649 1088 Ph.
677 1040 734 1097 ii,
768 1045 816 1089 3.
841 1045 923 1090 57.
965 1046 1030 1089 50
1079 1041 1147 1089 Vi
1176 1048 1390 1090 coactum
1423 1052 1469 1091 te

409 1120 514 1153 esse
535 1104 756 1162 invitum,
779 1104 901 1169 lege,
914 1104 1132 1169 judicio=
1177 1106 1344 1155 tenes?
1378 1105 1471 1156 Ph.

411 1168 450 1225 i,
469 1174 520 1219 4.
545 1172 609 1217 8⁷

478 1232 512 1282 J
516 1232 673 1281 udico.
734 1232 803 1281 Te
824 1232 985 1290 laudo,
1006 1240 1057 1281 et
1091 1233 1373 1281 fortunatam
1388 1233 1472 1297 ju·

415 1293 526 1344 dico
559 1296 683 1345 Heu.
705 1295 758 1354 ii,
777 1302 826 1347 4.
849 1302 874 1345 1
911 1296 1042 1345 Abi:
1087 1299 1236 1345 virum
1257 1306 1304 1347 te
1335 1297 1468 1360 judi-

416 1374 474 1407 co
507 1358 604 1410 Ad.
623 1361 690 1418 iv,
711 1365 762 1410 2.
781 1366 843 1410 25
879 1362 998 1409 Mea
1025 1362 1216 1425 quidem
1239 1360 1472 1411 sententie

407 1423 595 1486 judico,
613 1423 784 1490 Syrum
819 1425 918 1473 fieri
947 1440 1050 1474 esse
1070 1442 1255 1489 aequom
1276 1426 1472 1475 liberum

415 1487 516 1537 Ad.
536 1504 588 1552 v,
601 1492 651 1537 9.
676 1493 707 1537 3
741 1488 850 1538 Nisi
871 1488 980 1537 illos
1001 1506 1059 1538 ex
1081 1498 1164 1538 tuo
1176 1490 1372 1553 ingenio
1388 1490 1469 1553 ju·

414 1552 548 1600 dicas
594 1552 720 1604 Hes..
738 1570 788 1616 v,
815 1558 861 1602 1.
881 1558 912 1603 7
967 1553 1169 1611 Demea,
1209 1555 1310 1603 haec
1352 1555 1474 1603 male

407 1614 598 1679 judicus
641 1616 738 1666 Ad.
760 1618 797 1673 i,
812 1621 860 1667 2.
882 1621 948 1667 20
993 1618 1247 1666 Hominem
1269 1620 1474 1669 maxumi

415 1680 552 1743 pretii
573 1689 620 1729 te
640 1696 759 1740 esse,
781 1682 926 1730 hodie
947 1682 1104 1730 animo
1133 1681 1348 1745 judicavi
1366 1698 1474 1732 meo

416 1743 515 1791 Ad.
537 1761 585 1808 ν,
607 1750 658 1796 6.
680 1750 714 1795 4
772 1744 842 1793 Ex
882 1744 1077 1794 aliarum
1109 1747 1314 1807 ingeniis
1347 1762 1474 1797 nunc

417 1824 496 1857 me
506 1808 696 1871 judicet
728 1808 820 1858 Eu.
839 1810 875 1867 i,
895 1814 946 1860 2.
972 1815 1066 1860 118
1097 1810 1156 1858 Id
1172 1811 1242 1859 ita
1257 1826 1377 1868 esse,
1393 1827 1476 1860 vos

411 1871 513 1935 jam
528 1872 745 1935 judicare
760 1874 974 1937 poteritis
1005 1874 1098 1924 Eu.
1115 1874 1242 1925 Ptol.
1256 1878 1322 1924 29
1351 1875 1476 1923 Tuu'

416 1937 706 1999 prospicere,
726 1946 810 1987 sut
831 1938 1050 2001 judicare
1079 1947 1285 1987 nostrum
1305 1938 1357 1988 in
1379 1954 1476 1989 rem

419 2002 551 2065 quod
574 2002 652 2060 sit,
673 2002 843 2065 potes?
877 2001 973 2052 He.
994 2003 1063 2059 iv,
1085 2006 1134 2051 1.
1155 2008 1219 2053 34

486 2065 519 2114 J
523 2066 681 2128 ugulo.
745 2065 842 2113 Suo
861 2066 955 2114 sibi
974 2068 1102 2115 hunc
1133 2066 1292 2129 gladio
1307 2066 1478 2129 jugulo

421 2126 522 2179 Ad.
544 2145 594 2188 ν,
615 2134 666 2180 8.
686 2132 749 2179 35
784 2129 931 2192 Papae
947 2129 958 2176 !
977 2129 1219 2195 jugulatus
1239 2130 1478 2180 hominem

423 2192 516 2240 Eu.
537 2192 610 2248 iii,
637 2198 682 2246 1.
702 2198 766 2243 27

485 2256 520 2305 J
521 2272 716 2314 unceus,
753 2273 802 2314 u,
844 2272 941 2305 um.
1004 2256 1209 2306 Tametsi
1243 2257 1373 2306 bons
1407 2265 1482 2307 est

423 2328 608 2381 natura,
629 2321 837 2371 reddunt
855 2328 1070 2371 curatura
1077 2320 1276 2385 junceus
1308 2322 1400 2373 Eu.
1425 2323 1479 2387 ii,

489 2449 522 2500 J
525 2465 668 2524 ungo.
732 2449 937 2516 Unaque
968 2464 1056 2500 nos
1092 2448 1182 2499 sibi
1201 2465 1346 2516 opere
1365 2450 1480 2500 ami-

425 2522 694 2630 oeaitzzqet
706 2516 836 2629 Jliigo
850 2519 1057 2635 {ui-insse
1072 2579 1142 2629 fer
1161 2578 1327 2643 opem!
1351 2593 1485 2628 servu

427 2657 522 2700 me.
559 2645 752 2694 obsecro
773 2644 785 2691 Ξ
840 2643 994 2708 A.iii,
1014 2647 1061 2692 1.
1087 2647 1168 2694 15.
1219 2641 1323 2690 Ad.
1341 2642 1412 2700 iii,
1434 2646 1486 2694 4.

493 2770 700 2834 Jupiter.
762 2771 853 2834 Ut,
873 2769 1012 2836 Syre.
1032 2777 1082 2818 te
1101 2784 1300 2832 mugnus
1320 2769 1488 2833 perdat

429 2834 646 2899 Jupiter!
699 2835 798 2884 Ad.
819 2835 884 2894 iv,
907 2841 958 2884 6.
980 2840 1014 2885 2
1067 2833 1138 2882 At
1155 2835 1226 2881 ita
1239 2849 1316 2882 me
1337 2841 1490 2882 servet

427 2900 648 2962 Jupiter!
684 2901 778 2948 Ph.
797 2915 847 2956 v,
867 2905 916 2949 3.
936 2903 1002 2950 24
1031 2896 1064 2946 J
1066 2912 1200 2945 ovem
1219 2913 1315 2960 quo
1331 2904 1488 2959 pacto.

429 2963 616 3012 Danaa
632 2965 823 3012 misisse
837 2964 971 3012 aiunt
985 2962 1038 3011 in
1057 2961 1280 3024 gremium
1293 2961 1487 3010 imbrem

430 3043 624 3076 aureum
656 3029 748 3076 Eu.
770 3026 840 3084 iii.
861 3033 913 3078 5.
935 3031 1002 3076 36
1049 3025 1094 3075 Ο
1115 3025 1336 3088 Jupiter!
1373 3026 1490 3089 quid

428 3107 520 3155 ego
541 3093 720 3142 audio?
749 3091 812 3140 A.
831 3091 904 3150 iii,
929 3097 974 3141 1.
996 3096 1029 3140 6
1062 3091 1156 3140 Pro
1175 3089 1388 3152 Jupiter!
1421 3089 1488 3139 A.

426 3155 559 3214 ἰν,3.
581 3163 660 3207 17.
689 3155 783 3206 Ειι.
805 3156 877 3219 iii,
897 3163 942 3207 5.
964 3159 997 3205 2
1029 3155 1075 3202 0
1096 3153 1316 3218 Jupiter!
1351 3153 1416 3202 A.
1439 3170 1490 3210 v,

429 3224 482 3270 4.
519 3225 602 3271 27.
633 3221 758 3270 Heu.
789 3221 856 3277 iv,
881 3225 931 3270 3.
955 3224 1032 3270 12·
1062 3219 1255 3283 Jupiter
1290 3219 1486 3282 magne!

433 3283 528 3335 Eu.
549 3286 619 3342 iv,
642 3291 693 3336 4.
716 3289 784 3335 42
815 3285 862 3335 Ο
877 3284 1096 3348 Jupiter!
1122 3298 1228 3347 quae
1248 3282 1370 3332 inaec
1393 3291 1488 3332 tur-

429 3349 495 3395 ba
533 3350 638 3397 est?
687 3349 781 3398 Eu.
802 3365 850 3408 V,
869 3354 918 3399 5.
938 3354 972 3399 4
1025 3348 1070 3395 Ο
1105 3347 1320 3410 Jupiter!
1359 3361 1492 3396 serva

433 3413 632 3462 obsecro
667 3415 772 3462 haec
814 3413 952 3461 nobis
984 3413 1112 3460 bona
1170 3411 1264 3460 Eu.
1285 3428 1333 3468 v,
1355 3416 1403 3462 9.
1427 3416 1490 3462 18

434 3475 479 3525 Ο
501 3478 722 3542 Jupiter!
769 3477 960 3526 ubinam
999 3483 1073 3524 est
1091 3475 1244 3524 fides?
1293 3475 1416 3525 Hes.
1435 3476 1490 3532 ii,

435 3545 486 3590 3.
510 3547 570 3591 15
608 3542 653 3589 Ο
676 3542 898 3607 Jupiter!
925 3549 1164 3589 tantamne
1187 3555 1290 3588 esse
1310 3540 1364 3587 in
1385 3541 1502 3588 uni-0

434 3619 514 3650 mo
533 3604 794 3656 inscitiam!
843 3606 968 3656 Heu.
985 3605 1051 3663 iv,
1072 3609 1119 3654 1.
1142 3609 1204 3655 17
1238 3603 1332 3652 Pro
1351 3603 1384 3653 J
1387 3604 1492 3667 upi-

435 3667 538 3715 ter!
597 3677 651 3716 tu
683 3672 823 3718 homo
856 3671 1008 3735 adigis
1063 3685 1138 3718 me
1169 3669 1231 3717 nd
1263 3667 1495 3717 insaniam

435 3729 540 3780 Ad.
561 3731 596 3790 i,
618 3737 668 3782 2.
689 3738 751 3782 31
789 3735 883 3783 Pro
905 3745 1120 3798 supreme
1139 3733 1352 3797 Jupiter!
1407 3733 1497 3780 mi-

436 3795 566 3844 nime
587 3798 748 3854 miror,
786 3797 868 3862 qui
913 3798 1008 3847 Ad.
1030 3798 1086 3857 ii,
1106 3805 1156 3850 1.
1177 3803 1242 3849 42
1291 3799 1386 3846 Pto
1405 3797 1496 3847 Ju-

437 3861 586 3924 piter!
620 3862 824 3910 hominis
841 3861 1110 3911 stultitiam!
1144 3863 1242 3914 Ad.
1263 3862 1336 3920 iii,
1358 3868 1408 3913 3.
1432 3866 1496 3912 12

439 3923 484 3973 Ο
509 3925 725 3992 Jupiter!
750 3925 978 3975 istoccine
1001 3934 1142 3990 pacto
1164 3927 1377 4000 oportet?
1400 3925 1499 3974 Ad.

435 3989 506 4048 iv,
526 3996 576 4043 7.
601 3996 662 4041 13
713 3990 758 4040 0
796 3990 1010 4054 Jupiter!
1048 3992 1281 4040 hanccme
1321 3990 1495 4038 vitum!

441 4053 543 4105 Ad.
574 4056 641 4114 iv,
673 4060 726 4106 7.
764 4061 830 4106 39
880 4056 973 4104 Pro
993 4055 1212 4118 Jupiter!
1248 4056 1498 4103 clamorem

443 4120 588 4169 audio
622 4121 716 4169 He.
737 4120 811 4175 iii,
837 4124 884 4170 1.
905 4123 970 4171 37
1001 4119 1050 4177 ,Ο
1071 4118 1284 4182 Jupiter!
1320 4118 1390 4166 Di
1411 4133 1500 4166 nos

443 4185 727 4246 respiciunt!
762 4186 856 4235 Ph.
873 4201 920 4243 v,
941 4189 990 4235 3.
1009 4189 1074 4233 33
1129 4183 1200 4232 Ut
1234 4184 1367 4232 aiunt
1399 4183 1498 4250 Mi-

445 4261 633 4297 nervum
655 4265 758 4299 esse
779 4267 834 4299 ex
854 4248 976 4299 Jove
1008 4249 1134 4300 Heu.
1151 4265 1200 4306 v,
1221 4251 1269 4296 4.
1295 4252 1356 4297 13

511 4311 743 4378 Jurgium.
777 4314 924 4364 Miles
945 4316 1162 4364 tendere:
1187 4313 1299 4362 inde
1321 4313 1382 4361 ud
1397 4311 1498 4376 jur-

507 4391 680 4459 Delplt.
699 4400 745 4445 et
763 4395 879 4447 Ver.
898 4397 1028 4446 Clas.

2321 418 2596 495 'clxxvii

1535 591 1665 657 gium
1714 590 1803 641 Eu.
1824 591 1890 649 ir,
1912 595 1960 642 1.
1985 594 2049 641 12
2098 591 2241 641 Porto
2258 593 2350 642 hoc
2378 594 2588 659 jurgium

1537 658 1599 705 nd
1622 672 1808 705 uxorem
1860 656 1956 707 He.
1978 656 2049 712 iii,
2076 662 2123 707 5.
2142 662 2205 707 03
2256 658 2463 707 Adortus
2490 660 2593 723 jur·

1569 720 1618 767 io
1651 721 1836 769 fratrem
1870 721 1997 784 apud
2031 721 2181 769 forum
2228 721 2323 769 Acti.
2360 722 2433 780 iii,
2459 729 2507 773 3.
2529 731 2595 777 50

1539 737 1621 833 ffie
1634 784 1795 849 jurgio
1820 785 1981 833 siletur
2012 784 2103 833 Ph.
2122 802 2167 843 v,
2189 790 2239 835 2.
2262 790 2322 834 13

1605 849 1769 911 Jurgo.
1838 851 1990 907 Cedo,
2022 850 2138 912 quid
2166 849 2379 913 jurgnbit
2408 853 2599 901 tecum?

1541 912 1609 966 A.
1629 913 1681 969 ii,
1704 918 1750 962 3.
1776 918 1836 962 15
1891 914 2047 963 Credo
2066 914 2187 977 jam,
2209 922 2262 961 ut
2284 914 2421 977 solet,
2438 915 2599 979 jurge-

1543 978 1615 1054 pit
1648 978 1740 1027 Ad.
1754 977 1793 1037 i,
1816 981 1863 1026 1.
1885 984 1947 1027 55
1982 978 2103 1027 Cum
2126 977 2266 1025 Davo
2289 988 2476 1041 egomet
2499 980 2599 1029 vidi

1535 1041 2145 1163 Jurffissemgsspgggxhss.
2158 1046 2435 1169 ζῖηὲδιιιῑοεο
2456 1122 2603 1155 unum

1543 1184 1785 1233 nunquam
1827 1170 2055 1218 victurum
2084 1170 2212 1218 diem
2258 1168 2353 1220 Ad.
2373 1170 2448 1227 iii,
2468 1175 2517 1221 2.
2540 1176 2604 1221 34

1544 1234 1637 1281 Vel
1662 1234 1741 1283 hic
1759 1233 2035 1297 Pamphilus
2062 1234 2253 1298 jurabat
2270 1234 2455 1298 quoties
2476 1236 2605 1284 Buc-

1543 1294 1707 1347 chidi!
1732 1314 1873 1361 quam
1893 1302 2079 1347 sancte!
2130 1297 2225 1346 He.
2247 1298 2283 1361 i,
2307 1303 2353 1347 1.
2375 1303 2404 1346 3
2439 1298 2605 1348 Fidem

1545 1364 1683 1417 dans,
1706 1362 1872 1425 jurans
1894 1363 2095 1411 seillam
2130 1364 2380 1412 ducturum
2414 1363 2605 1412 domum

1544 1426 1644 1475 Ad.
1664 1426 1735 1483 iii,
1755 1431 1807 1476 4.
1827 1430 1891 1475 27

1610 1490 1643 1540 J
1646 1506 1719 1539 us.
1784 1489 1874 1538 Jus
1908 1504 2136 1539 summum
2159 1506 2285 1555 saepe
2308 1506 2487 1539 summa
2507 1506 2605 1539 mu-

1547 1554 1651 1603 litia
1684 1560 1759 1604 est
1805 1553 1927 1602 Heu.
1960 1554 2026 1615 ir,
2046 1560 2095 1605 5.
2120 1558 2185 1605 48
2236 1555 2380 1612 Quod
2414 1572 2498 1606 vos
2524 1555 2608 1619 jus

1545 1618 1696 1683 cogit,
1734 1618 1788 1666 id
1830 1619 2069 1667 voluntate
2108 1618 2327 1696 impetret
2394 1618 2497 1669 Ad.
2538 1620 2607 1677 iii,

1546 1688 1599 1735 4.
1622 1688 1687 1733 44
1736 1682 1981 1747 Virginem
2017 1684 2213 1743 vitiasti,
2254 1698 2395 1749 quam
2432 1691 2481 1733 te
2526 1682 2609 1745 jus

1547 1762 1645 1795 non
1684 1746 1837 1795 fuerat
1869 1755 2059 1811 tangere
2114 1746 2209 1795 Ad.
2229 1746 2296 1803 iv,
2320 1754 2367 1795 5.
2390 1753 2453 1797 52
2508 1748 2607 1804 Qui

1549 1811 1703 1859 minus
1726 1811 1840 1858 mihi
1861 1812 1989 1859 idem
2021 1811 2102 1874 jus
2141 1826 2326 1872 aequom
2360 1818 2434 1859 est
2468 1813 2607 1860 esse?

1548 1874 1651 1924 Ad.
1674 1890 1724 1935 v,
1746 1879 1797 1925 3.
1824 1880 1883 1924 15
1918 1875 1967 1923 Si
1982 1874 2085 1937 jus,
2104 1875 2147 1924 si
2164 1873 2233 1923 fus
2254 1882 2327 1923 est
2358 1875 2452 1923 He.
2470 1875 2543 1937 iii,
2558 1880 2609 1924 3.

1550 1944 1615 1989 27
1648 1938 1791 1987 Anne
1813 1940 1903 1987 hoc
1926 1938 2178 2002 adipiscar,
2197 1940 2327 2003 quod
2344 1938 2427 2001 jus
2452 1939 2608 2001 publi-

1551 2019 1659 2050 cum
1682 2010 1753 2053 est
1772 2004 1789 2050 ?
1824 2004 1916 2052 Ph.
1936 2002 1989 2059 ii,
2013 2007 2061 2051 3.
2081 2008 2143 2052 65
2177 2004 2227 2050 Si
2249 2003 2343 2050 vim
2362 2003 2523 2060 faciet,
2559 2004 2611 2050 in

1545 2066 1631 2130 jus
1652 2067 1815 2115 ducito
1835 2067 2072 2114 homiuem
2122 2066 2211 2115 Eu.
2234 2067 2299 2122 iv,
2320 2071 2371 2115 ὃ.
2398 2069 2461 2115 30
2511 2066 2612 2123 Qui

1556 2146 1717 2243 2322}
1730 2130 2007 2243 {uiissffqff
2028 2131 2613 2257 ἰὀὲἷωῑιξὲᾛέἳᾘ

1618 2273 1807 2323 rsequar
1838 2258 1934 2306 Ad.
1950 2258 2009 2319 ii,
2032 2262 2080 2307 1.
2102 2263 2136 2307 9
2168 2256 2316 2305 Suum
2332 2256 2415 2320 jus
2448 2266 2613 2321 postu·

1573 2331 1623 2371 st
1671 2323 1767 2371 Ad.
1788 2322 1841 2386 ii,
1864 2326 1908 2370 l.
1930 2326 1993 2372 47
2046 2321 2150 2371 Etsi
2182 2323 2300 2387 scio,
2338 2337 2491 2372 meum
2531 2322 2615 2385 jus

1555 2403 1677 2443 esse,
1711 2395 1768 2435 ut
1795 2394 1844 2434 te
1876 2402 2041 2450 cogam
2092 2386 2189 2436 He.
2208 2386 2263 2448 ii,
2282 2388 2331 2434 2.
2355 2389 2381 2434 1
2446 2385 2505 2433 In
2532 2386 2615 2449 jus

1554 2450 1759 2500 ambula.
1792 2450 1883 2499 Ph.
1905 2450 2084 2514 Iujus!
2119 2449 2209 2499 Ph.
2224 2466 2275 2514 v,
2288 2454 2338 2500 7.
2359 2454 2423 2500 43
2458 2449 2517 2498 Iu
2534 2450 2616 2513 jus

1555 2532 1733 2590 eamus.
1788 2517 1879 2564 Ph.
1899 2514 2085 2592 {Iu-jus!
2136 2515 2226 2592 Ph:
2249 2531 2297 2569 v,
2318 2519 2369 2564 7.
2392 2519 2457 2564 88
2502 2515 2615 2572 Quo

1551 2596 1680 2692 {¹231
1694 2593 2081 2705 333350'332222
2100 2578 2199 2715 13‘21'.
2212 2583 2369 2705 3022?
2408 2579 2616 2700 ἕὲῗῗὲῗ

1558 2711 1625 2757 20
1679 2707 1788 2756 Hoc
1822 2707 2066 2764 confiteor,
2108 2721 2215 2768 Jure
2248 2707 2359 2753 mihi
2392 2707 2618 2769 obtigisse

1557 2771 1625 2819 A.
1646 2771 1718 2827 iii,
1740 2777 1789 2820 5.
1812 2775 1844 2819 2
1892 2769 2007 2817 Nou
2052 2785 2244 2818 necesse
2276 2771 2428 2818 habeo
2460 2771 2621 2818 omniu

1560 2851 1647 2899 pro
1667 2850 1775 2884 meo
1786 2833 1894 2896 jure
1916 2849 2055 2898 agere
2084 2833 2179 2881 Ad.
2200 2833 2239 2890 i,
2262 2837 2308 2882 l.
2328 2837 2391 2883 27
2424 2833 2622 2884 Sinum>

1562 2900 1627 2948 de
1643 2907 1727 2947 tuo
1752 2898 1861 2962 jure
1892 2899 2199 2947 concessisses
2228 2896 2471 2960 paululum
2500 2898 2622 2960 Ad.

1563 2963 1620 3021 ii,
1641 2968 1691 3013 2.
1710 2969 1744 3013 9
1796 2961 1981 3011 Eodem
2002 2971 2057 3010 ut
2070 2962 2177 3026 jure
2196 2961 2270 3009 uti
2281 2977 2439 3010 senem
2460 2962 2619 3020 liceat,

1597 3043 1661 3076 uo
1708 3027 1816 3090 jure
1848 3043 1951 3074 sum
1983 3042 2095 3075 usus
2126 3025 2469 3075 adolescentior
2521 3027 2619 3078 He.

1614 3093 1671 3141 lt.
1693 3090 1823 3140 Ptol.
1842 3095 1893 3141 2.
1918 3096 1949 3140 3

1628 3157 1662 3205 J
1666 3171 1735 3204 us.
1766 3155 1958 3218 Liquor.
2024 3154 2136 3212 Quo
2153 3161 2294 3218 pecto
2310 3169 2368 3204 ex
2383 3152 2493 3218 jure
2512 3155 2618 3202 hes·

1565 3227 1699 3269 temo
1723 3235 1894 3294 panem
1914 3227 2063 3268 atrum
2082 3227 2249 3266 vorent
2278 3219 2375 3268 Eu.
2396 3235 2444 3276 v,
2462 3223 2511 3268 ⁴.
2533 3223 2597 3269 17

1629 3284 1990 3348 JusJursudum.
2054 3283 2107 3332 Si
2160 3283 2281 3332 forte
2312 3299 2432 3347 opus
2462 3283 2525 3331 sit
2557 3285 2621 3332 ad

1563 3347 1729 3398 herum
1792 3347 2124 3414 jusjurandum
2172 3347 2289 3396 mihi
2353 3347 2418 3398 A.
2461 3347 2529 3406 iv,
2572 3351 2624 3396 3.

1567 3417 1629 3463 13
1682 3412 2025 3476 jusjurandum
2058 3411 2245 3460 dubitur
2274 3410 2373 3461 Ad.
2407 3411 2457 3470 ii,
2480 3417 2530 3462 1.
2557 3415 2619 3462 11

1567 3477 1722 3533 Quem
1744 3493 1899 3540 neque
1934 3477 2071 3533 fides,
2107 3491 2262 3540 neque
2290 3474 2622 3539 jusjurandum

1566 3538 2622 3655 320‘0213352232523250³31³2³³÷³¹f³³³¹z¹⁸3¹232

1568 3669 1631 3716 bo
1643 3669 1989 3734 jusjurandum,
2012 3669 2132 3718 nihil
2155 3685 2257 3717 esse
2289 3638 2502 3730 is’torum,
2536 3667 2625 3716 tibi

1568 3733 1661 3785 He.
1683 3735 1755 3797 iv,
1775 3739 1824 3784 4.
1848 3739 1911 3784 75
1961 3733 2109 3782 Aliud
2142 3733 2183 3781 si
2215 3732 2396 3790 scirem,
2429 3731 2510 3795 qui
2546 3731 2623 3779 fir-

1568 3814 1696 3847 mare
1736 3814 1889 3847 meum
1933 3798 2061 3862 apud
2102 3811 2187 3844 vos
2226 3811 2411 3860 possem
2464 3795 2627 3859 fldem,

1570 3863 1779 3912 sanctius
1814 3879 1955 3929 quum
1988 3860 2318 3926 jusjurandum
2372 3859 2467 3908 He.
2496 3875 2543 3914 v,
2578 3863 2625 3907 1.

1569 3931 1636 3977 24
1689 3927 1821 3976 Istuc
1847 3926 2180 3992 jusjurandum
2211 3925 2339 3973 idem
2372 3922 2625 3988 polliceare

1569 3990 1665 4039 iuis
1695 3991 1790 4040 He.
1813 4009 1859 4050 v,
1884 3997 1931 4042 1.
1945 3996 2010 4040 27

1634 4055 1845 4105 Justitis.
1909 4055 1978 4104 Ut
2001 4069 2117 4103 meae
2139 4052 2349 4102 stultitius
2369 4052 2421 4100 in
2437 4049 2627 4115 justitia

1571 4127 1657 4168 tus
1676 4121 1741 4168 sit
1758 4121 1940 4186 aliquid
1961 4119 2147 4182 praesidi
2180 4117 2303 4167 Hes..
2324 4116 2390 4175 iv,
2416 4122 2460 4167 1.
2482 4120 2545 4166 33

1632 4184 1820 4242 Justus,
1840 4200 1889 4247 u,
1908 4199 2006 4232 um.
2071 4182 2119 4231 A
2142 4181 2336 4247 parvulo
2368 4189 2423 4230 ut
2442 4195 2626 4245 semper

1573 4247 1661 4297 tibi
1678 4251 1807 4312 apud
1828 4265 1903 4298 me
1918 4248 2049 4313 justu
2066 4256 2117 4295 et
2134 4247 2339 4295 clemens
2372 4246 2509 4294 fuerit
2531 4261 2626 4294 ser·

1573 4313 1825 4377 vitus,scis
1857 4313 1921 4364 A.
1943 4313 1979 4372 i,
2004 4318 2050 4362 1.
2070 4317 2103 4363 9
2136 4311 2337 4362 Causam
2371 4313 2494 4360 haue
2522 4309 2624 4372 jus·

1363 4395 1474 4444 Ina.
1511 4393 1697 4444 Terent.
2451 4391 2495 4437 Ζ
