3192 4975
505 365 754 434 lxxviii

502 534 605 598 jam
624 534 945 582 deverberasse
968 545 1113 595 usque
1134 534 1195 580 ad
1218 546 1383 581 necem
1404 534 1421 580 ἓ
1463 534 1557 583 Ph.

510 599 563 656 ii,
584 603 633 647 2.
658 602 717 646 13

574 663 807 710 Devertor
826 659 899 708 vei
922 659 1172 709 Devortor.
1206 657 1338 709 Deos
1358 659 1559 710 Penates

510 727 623 774 hinc
640 726 889 773 salutatum
922 725 1113 772 domum
1151 726 1363 773 devortar
1395 726 1487 775 Ph.
1509 727 1561 783 ii,

577 852 829 903 Devincio.
894 851 993 900 Ubi
1024 853 1205 900 animus
1227 855 1367 902 semel
1408 869 1457 902 se
1478 869 1561 902 cu·

513 919 713 982 piditate
754 916 963 964 devinxit
1006 918 1125 964 mala
1170 917 1294 966 Hea.
1332 919 1367 974 i,
1410 923 1459 969 2.
1499 922 1560 967 34

512 984 623 1031 Hoc
647 981 875 1029 beneficio
898 981 1082 1044 utrique
1112 983 1171 1030 ab
1207 982 1411 1046 utrisque
1456 998 1563 1030 vero

513 1044 820 1095 devincimini
853 1045 975 1093 Hea.
996 1045 1054 1107 ii,
1070 1051 1120 1094 4.
1144 1051 1205 1096 14
1236 1046 1441 1094 Animus
1460 1062 1565 1109 par-

514 1112 599 1172 tim
622 1110 773 1157 uxoris
795 1110 1105 1158 misericordia
1118 1111 1377 1167 devinctus,
1397 1111 1566 1175 partim

517 1176 667 1224 victus
687 1173 829 1237 hujus
852 1173 1033 1237 injuriis
1065 1174 1163 1222 He.
1186 1176 1220 1237 i,
1240 1181 1289 1224 2.
1310 1181 1373 1224 93
1420 1175 1567 1238 Spero

505 1239 859 1290 consuetudine
876 1246 927 1287 et
946 1237 1166 1302 conjugio
1182 1239 1359 1287 liberali
1380 1240 1570 1287 devinc-

517 1312 637 1363 tum,
658 1304 798 1350 facile
818 1319 875 1352 ex
899 1303 991 1350 iuis
1012 1319 1113 1351 sese
1133 1319 1413 1352 emersurum
1433 1304 1569 1352 malis

516 1369 580 1418 A.
601 1368 671 1424 iii,
696 1372 743 1415 3.
764 1373 829 1417 29

584 1432 777 1480 Devito.
844 1431 1134 1479 Incolumem
1158 1438 1229 1478 sat
1244 1432 1341 1479 scio
1360 1430 1457 1480 fore
1474 1448 1571 1488 me,

521 1513 648 1545 nunc
688 1497 727 1544 si
764 1498 853 1544 hoc
890 1497 1049 1543 devito
1086 1495 1257 1542 malum
1285 1496 1350 1544 A.
1376 1497 1443 1552 iii,
1464 1503 1515 1545 5.
1538 1504 1568 1546 5

522 1561 644 1619 Quae
665 1577 820 1624 neque
832 1561 903 1608 uti
918 1560 1141 1616 devitem,
1162 1559 1277 1617 scio,
1294 1576 1449 1624 neque
1482 1561 1571 1608 Ph.

524 1627 563 1684 i,
583 1631 635 1674 4.
654 1629 687 1674 3

590 1690 741 1736 Deus.
806 1689 933 1746 Quid
964 1689 1003 1734 si
1036 1689 1126 1734 hoc
1158 1688 1389 1751 quispiam
1424 1689 1575 1737 voluit

525 1754 693 1802 Deus?
728 1753 819 1801 Eu.
840 1771 888 1810 v,
910 1759 959 1802 2.
982 1757 1045 1802 36
1088 1753 1221 1800 Deus
1256 1769 1374 1809 sum,
1408 1753 1445 1800 si
1484 1756 1573 1802 hoc

526 1819 595 1865 ita
629 1826 701 1864 est
732 1818 825 1865 He.
848 1835 895 1874 V,
918 1822 965 1865 4.
988 1823 1016 1866 3
1052 1816 1208 1864 Deum
1230 1833 1331 1864 sese
1352 1819 1405 1864 in
1424 1819 1575 1864 homi-

526 1899 635 1929 nem
656 1883 952 1929 convertisse.
985 1881 1056 1928 At
1077 1897 1214 1944 quem
1248 1881 1436 1932 Deum?
1482 1881 1573 1928 Eu.

526 1947 599 2003 iii,
620 1953 667 1994 5.
691 1951 773 1995 40.
792 1951 857 1997 42
890 1944 1033 1992 Facio
1055 1953 1103 1992 te
1125 1946 1252 2006 apud
1270 1946 1401 1992 illum
1419 1946 1575 1994 Deum

526 2010 625 2058 Ad.
648 2010 713 2067 iv,
738 2015 783 2060 1.
804 2015 869 2058 19
901 2009 1012 2056 Non
1037 2018 1087 2056 tu
1105 2011 1231 2057 hunc
1246 2011 1417 2058 habeas
1434 2011 1577 2074 plane

526 2085 802 2137 praesentem
820 2075 1011 2121 Deum?
1034 2073 1125 2121 Ph.-
1142 2074 1198 2129 ii,
1220 2079 1265 2123 2.
1290 2079 1350 2122 31
1374 2075 1581 2123 Memini

528 2140 730 2202 relinqui
752 2154 845 2196 me,
869 2138 977 2185 Deo
1000 2139 1115 2185 irato
1137 2154 1243 2185 meo
1277 2139 1367 2187 Ph.
1388 2140 1423 2196 i,
1446 2144 1493 2188 2.
1516 2144 1579 2188 24

532 2204 677 2260 Quod
699 2204 766 2251 Di
790 2203 1067 2268 prohibeant
1087 2203 1098 2248 !
1131 2201 1194 2249 A.
1218 2202 1286 2258 iii,
1310 2207 1358 2250 3.
1381 2207 1445 2252 36
1477 2205 1581 2265 Me,

531 2276 581 2314 et
603 2277 648 2316 te
670 2269 957 2330 imprudens,
982 2267 1071 2313 nisi
1090 2267 1201 2328 quid
1222 2265 1291 2313 Di
1308 2267 1580 2330 respiciunt,

530 2331 718 2394 perdidi
771 2331 837 2378 A.
857 2331 922 2386 iv,
949 2336 995 2378 1.
1018 2335 1081 2379 18
1132 2329 1239 2376 Tibi
1279 2330 1349 2377 Di
1386 2332 1583 2394 dignum

532 2395 670 2442 factis
692 2395 885 2441 exitium
908 2395 1071 2441 duint!
1110 2393 1175 2442 A.
1198 2395 1263 2450 iv,
1288 2399 1415 2443 1.43
1449 2395 1517 2442 Di
1536 2403 1585 2442 te

530 2459 801 2507 eradicent!
837 2457 897 2505 A.
919 2459 987 2518 iv,
1010 2463 1059 2507 4.
1084 2462 1167 2507 22.
1199 2458 1425 2529 Hea.-iii,
1449 2464 1497 2509 3.
1518 2465 1581 2509 28

534 2524 612 2571 Ita
632 2540 707 2571 me
728 2523 795 2570 Di
816 2523 1003 2569 ament!
1040 2521 1104 2570 A.
1126 2538 1173 2578 v,
1190 2526 1239 2571 4.
1258 2526 1340 2572 44.
1390 2524 1482 2573 Ειι.
1514 2526 1583 2581 iii,

536 2593 583 2637 2.
605 2593 686 2637 21.
739 2604 786 2643 V,
806 2592 856 2635 9.
878 2592 927 2635 7.
959 2587 1081 2634 Hea.
1113 2586 1169 2641 ii,
1193 2591 1239 2635 3.
1260 2592 1343 2636 67.
1395 2587 1448 2645 ii,
1463 2593 1515 2639 4.
1536 2594 1585 2639 3.

534 2653 610 2713 iii,
633 2658 683 2703 3.
706 2658 754 2701 8.
776 2652 841 2712 iv,
862 2656 907 2701 3.
923 2656 973 2701 8.
996 2668 1043 2708 V,
1068 2656 1115 2700 1.
1139 2656 1219 2699 80.
1248 2651 1343 2700 Ad.
1364 2652 1427 2712 ἰν,
1445 2658 1493 2701 7.
1510 2658 1590 2703 31.

537 2716 633 2767 He·
655 2718 709 2774 ii,
735 2724 779 2766 1·
803 2721 883 2765 36·
918 2716 974 2777 ii,
996 2721 1043 2765 2·
1066 2720 1147 2764 16·
1180 2715 1236 2773 ii,
1253 2720 1300 2765 3ο
1316 2720 1364 2765 3ο
1394 2718 1459 2773 iv,
1477 2721 1524 2765 2·
1542 2722 1589 2766 3·

536 2781 602 2839 iv,
624 2786 673 2831 4.
696 2786 778 2830 20.
822 2798 869 2835 v,
890 2784 941 2828 4.
964 2785 1047 2829 24.
1081 2781 1173 2828 Ph.
1196 2796 1242 2836 v,
1268 2786 1317 2829 6.
1340 2786 1424 2830 43.
1472 2797 1519 2838 v,
1542 2787 1590 2830 7.

536 2851 600 2895 61
637 2846 773 2893 Solus
796 2852 887 2901 est,
910 2860 1049 2908 quem
1072 2844 1278 2907 diligunt
1299 2846 1367 2892 Di
1397 2844 1461 2892 A.
1480 2862 1525 2903 v,
1542 2851 1589 2895 6.

538 2915 572 2957 9
604 2910 675 2963 Ut
695 2910 827 2957 ilium
848 2909 915 2955 Di
937 2908 1149 2971 Deaeque
1170 2910 1347 2956 senium
1364 2911 1589 2971 perdant!

542 2974 635 3021 Eu.
656 2974 712 3030 ii,
734 2978 863 3023 3.10
910 2972 977 3020 Di
1014 2981 1198 3021 vortant
1232 2975 1383 3022 bene!
1418 2974 1511 3023 Eu.
1534 2975 1589 3033 ii,

540 3042 587 3087 3.
606 3043 689 3089 98.
723 3038 820 3085 Ad.
840 3038 906 3093 iv,
930 3043 978 3087 7.
1005 3042 1084 3087 10.
1118 3038 1211 3085 He.
1236 3039 1270 3095 i,
1289 3044 1336 3088 2.
1361 3043 1471 3088 121.
1504 3039 1593 3087 Ph.

538 3101 612 3158 iii,
638 3107 685 3151 3.
708 3108 771 3151 19
820 3101 891 3148 At
912 3113 958 3148 te
977 3101 1045 3149 Di
1067 3102 1294 3164 perdant!
1330 3102 1421 3149 Eu.
1446 3104 1518 3165 iii,
1546 3110 1591 3153 1.

538 3171 601 3216 41
648 3166 723 3215 Ita
744 3184 821 3215 me
842 3165 929 3213 Dii
951 3167 1070 3213 bene
1092 3167 1277 3213 ament!
1328 3166 1421 3215 Eu.
1456 3168 1523 3228 iv,
1548 3173 1593 3216 1.

542 3236 590 3285 1.
626 3229 835 3288 v,'2·43·
867 3230 960 3275 He.
978 3229 1029 3283 ii,
1052 3235 1097 3276 1.
1117 3234 1165 3276 9.
1198 3229 1287 3276 Ph.
1308 3229 1343 3285 i,
1364 3235 1413 3278 s.
1438 3236 1501 3280 13
1534 3234 1593 3280 Ιιι

544 3310 617 3343 me
661 3296 797 3357 plane
833 3291 898 3339 Di
934 3300 1211 3353 potestatem
1246 3309 1375 3340 suam
1408 3311 1591 3343 omnem

544 3358 791 3405 ostendere
843 3356 935 3403 Eu.
958 3372 1005 3411 v,
1026 3361 1076 3405 9.
1104 3362 1135 3404 2
1191 3356 1383 3404 Utinam
1419 3359 1489 3407 ita
1524 3362 1593 3409 Di

543 3420 727 3469 faxint!
762 3421 883 3470 Hea.
908 3420 944 3476 i,
966 3424 1013 3467 l.
1037 3425 1129 3468 109
1178 3421 1258 3468 Sic
1279 3438 1353 3471 me
1376 3423 1443 3470 Di
1466 3440 1594 3474 ama-

544 3487 681 3543 bunt,
707 3494 759 3533 ut
808 3486 929 3533 Hea.
952 3484 1023 3541 iii,
1047 3489 1092 3533 1.
1116 3490 1179 3535 54
1230 3484 1469 3541 Quantum
1508 3491 1593 3539 tibi

546 3550 651 3613 opis
673 3550 739 3598 Di
764 3552 880 3598 dant
911 3550 1035 3598 Hea.
1059 3549 1128 3606 iii,
1152 3555 1197 3599 3.
1220 3554 1280 3599 31
1327 3552 1403 3601 Ita
1428 3571 1503 3603 me
1528 3555 1595 3603 Di

544 3616 803 3665 amabunt!
840 3616 962 3662 Hea.
994 3613 1061 3670 iv,
1098 3619 1147 3663 5.
1174 3620 1219 3665 1.
1271 3616 1367 3667 He.
1404 3621 1439 3677 i,
1461 3624 1509 3667 2.
1530 3625 1591 3669 31

548 3680 617 3728 Ut
640 3688 686 3728 te
708 3696 871 3729 omnes
891 3678 992 3735 Dii,
1015 3678 1245 3742 Deaeque,
1274 3684 1381 3729 c'um
1401 3684 1594 3746 incepto

547 3746 798 3807 perduint!
835 3745 955 3801 Hea.
977 3744 1041 3800 iv,
1061 3750 1110 3793 6.
1132 3751 1163 3793 6
1196 3744 1266 3791 Di
1282 3746 1436 3795 istaec!
1472 3748 1595 3797 Hea.

547 3826 595 3865 v,
617 3814 663 3858 4.
690 3816 751 3859 15
800 3809 868 3856 Di
887 3824 980 3864 me,
1016 3816 1164 3871 pater,
1196 3826 1357 3859 omnes
1379 3812 1595 3859 oderint!

548 3874 647 3921 Ad.
670 3874 735 3930 iv,
756 3880 805 3925 5.
827 3878 891 3924 67
927 3872 993 3920 Di
1022 3873 1130 3934 tibi,
1162 3873 1359 3931 Demea,
1386 3877 1506 3924 bene
1524 3876 1593 3923 fa-

550 3938 677 3985 ciant
707 3937 805 3988 Ad.
829 3954 878 3994 v,
895 3942 941 3986 7.
958 3942 1021 3986 19
1052 3938 1121 3984 Di
1140 3937 1225 3984 tibi
1240 3954 1401 3987 omnes
1416 3956 1599 4003 semper

552 4004 707 4051 omnia
729 4011 893 4066 optata
914 4002 1113 4057 offerant
1144 4001 1241 4052 Ad.
1268 4018 1316 4059 v,
1339 4010 1389 4053 9.
1411 4009 1472 4054 21
1521 4005 1597 4053 Ita

552 4064 638 4119 Di.
662 4066 875 4130 Deaeque
894 4066 1047 4114 faxint
1066 4065 1079 4113 Ε
1111 4066 1207 4114 He.
1230 4067 1264 4123 i,
1287 4072 1339 4123 2.
1361 4073 1425 4117 27
1460 4068 1529 4115 At
1550 4077 1597 4117 te

553 4128 641 4183 Di,
664 4130 875 4194 Deaeque
897 4132 1135 4193 perduint,
1166 4146 1275 4178 cum
1303 4132 1423 4180 istoc
1453 4134 1595 4181 odio!

556 4190 651 4238 He.
672 4192 705 4248 i,
727 4200 773 4243 2.
796 4200 861 4244 59
906 4195 973 4241 Di
1007 4196 1128 4243 maia
1160 4196 1466 4258 prohibeant!
1503 4198 1599 4250 He.

551 4255 609 4316 ii,
636 4260 680 4307 1.
703 4262 765 4307 10
819 4258 1013 4308 Utinam
1052 4259 1175 4313 istuc
1209 4260 1273 4309 ita
1310 4260 1376 4310 Di
1414 4262 1595 4312 faxint!

1386 446 1393 452 ·
1474 381 1720 430 lunnx

1631 532 1726 580 He.
1747 531 1818 588 iii,
1840 537 1888 581 2.
1913 532 1974 580 19
2020 531 2104 579 Dii
2141 529 2270 580 illum
2299 529 2552 592 perduint!
2587 529 2688 581 He.

1633 597 1705 652 iii,
1727 602 1776 646 4.
1799 601 1862 646 27
1911 593 1980 643 At
2013 594 2128 642 istos
2160 595 2344 642 invidos
2367 593 2437 640 Di
2461 596 2685 656 perdant!

1635 661 1730 709 He.
1754 661 1824 718 iii,
1846 665 1894 710 5.
1915 663 1979 709 19
2012 659 2129 716 Qui,
2152 659 2282 706 ilium
2304 658 2375 705 Di
2397 673 2560 706 omnes
2581 675 2690 722 per·-

1636 724 1802 772 duint!
1838 726 1930 774 Ph.
1951 724 1990 782 i,
2012 729 2061 772 2.
2083 728 2145 774 73
2191 722 2259 769 Di
2293 723 2382 769 tibi
2416 722 2540 770 male
2574 723 2690 771 faci-

1635 789 1748 836 ant!
1797 790 1888 838 Ph.
1926 789 1982 846 ii,
2003 793 2049 838 3.
2071 793 2134 837 47
2189 785 2258 834 Di
2291 786 2381 834 tibi
2417 800 2579 834 omnes
2617 787 2688 845 id,

1637 854 1767 916 quod
1803 870 1854 901 es
1891 855 2080 916 dignus,
2116 851 2280 899 duint!
2328 851 2419 900 Ph.
2460 851 2530 907 iii,
2553 855 2602 900 2.
2622 856 2690 902 34

1638 917 1785 964 Satin’
1805 918 1878 965 ini
1901 918 1969 965 Di
2002 926 2110 965 sunt
2144 915 2374 979 propitii?
2426 915 2514 966 Ph.
2553 915 2617 972 iv,
2641 919 2691 964 3.

1641 986 1698 1031 ³1
1737 981 1807 1030 Ut
1838 991 1883 1030 te
1917 983 2005 1040 Di,
2039 982 2272 1043 Deaeque,
2303 979 2487 1042 Superi,
2523 979 2690 1036 Inferi,

1641 1046 1773 1092 malis
1793 1047 2018 1110 exemplis
2037 1045 2264 1108 perdant!
2300 1043 2390 1092 Ph.
2409 1043 2481 1102 iv,
2503 1047 2550 1093 4.
2572 1048 2605 1091 6
2639 1044 2688 1091 Ο

1641 1111 1860 1174 Jupiter!
1895 1112 1964 1158 Di
2001 1126 2088 1158 nos
2119 1107 2407 1172 respiciunt!
2459 1107 2550 1155 Ph.
2571 1123 2616 1164 v,
2640 1112 2690 1157 3.

1643 1179 1704 1224 34
1743 1175 1948 1233 Malum,
1972 1176 2099 1239 quod
2122 1174 2202 1222 isti
2222 1173 2310 1234 Di,
2342 1171 2559 1234 Deaeque
2591 1187 2692 1218 om-

1643 1254 1727 1302 nes
1749 1240 1914 1287 duint!
1949 1242 2041 1289 Pb.
2065 1256 2111 1296 v,
2131 1244 2184 1289 7.
2205 1243 2268 1287 83
2313 1237 2390 1284 Mi
2428 1236 2587 1292 homo,
2623 1235 2694 1284 Di

1643 1304 1808 1351 melius
1831 1304 1998 1352 duint!
2035 1304 2127 1353 Ph.
2145 1319 2192 1359 v,
2210 1308 2256 1351 8.
2278 1306 2340 1350 16
2375 1301 2498 1348 Proh
2516 1299 2693 1357 Deum,

1645 1376 1786 1431 atque
1805 1369 2046 1416 hominum
2076 1368 2218 1415 fidem
2237 1366 2250 1412 i
2285 1365 2350 1412 A.
2372 1365 2408 1426 i,
2431 1370 2479 1414 5.
2499 1367 2550 1413 2.
2585 1364 2619 1421 i,
2641 1370 2692 1412 5.

1647 1438 1724 1482 11.
1747 1433 1867 1480 Hea.
1886 1435 1922 1490 i,
1939 1438 1986 1484 1.
2000 1438 2050 1482 9.
2071 1433 2167 1482 He.
2187 1431 2242 1487 ii,
2261 1435 2306 1478 1.
2326 1434 2353 1478 1
2405 1426 2614 1476 Deorum
2628 1428 2702 1476 vi·-

1645 1504 1738 1544 tatn
1784 1506 2029 1562 propterea
2070 1495 2397 1558 sempiternam
2427 1507 2530 1540 esse
2573 1493 2694 1539 arbi-

1647 1568 1740 1608 tror
1770 1561 1836 1614 Α..
1872 1579 1919 1618 v,
1943 1569 1990 1610 5.
2013 1567 2042 1610 3
2092 1560 2302 1609 Deorum
2330 1558 2474 1605 vitam
2495 1557 2597 1620 apti
2617 1572 2699 1604 su-

1647 1641 1749 1674 mus
1781 1626 1905 1676 Hea.
1927 1627 1994 1683 iv,
2017 1631 2064 1676 3.
2091 1629 2148 1674 15
2183 1625 2278 1673 Pro
2314 1622 2474 1669 Deum
2507 1621 2697 1668 immor-

1648 1692 1811 1738 talium
1831 1693 1842 1738 !
1880 1693 1969 1741 Ph.
1993 1691 2045 1748 ii,
2065 1695 2114 1737 3.
2133 1693 2164 1738 4
2208 1688 2300 1735 Dis
2321 1686 2401 1750 pol
2425 1686 2576 1733 babeo
2598 1699 2700 1748 gra-

1649 1755 1740 1803 tias
1773 1754 1838 1806 A.
1860 1756 1924 1812 iv,
1946 1761 1994 1804 4.
2017 1758 2078 1804 31
2129 1753 2182 1800 Si
2204 1751 2294 1800 Dis
2317 1751 2500 1813 placet!
2536 1749 2630 1799 Eu.
2653 1767 2700 1807 v,

1650 1823 1699 1868 3.
1720 1827 1800 1870 10.
1821 1819 1918 1870 Ad.
1943 1820 2014 1875 iii,
2028 1824 2076 1867 4.
2101 1823 2165 1867 30
2199 1817 2303 1874 Est,
2328 1816 2416 1862 Dis
2434 1815 2584 1878 gratia
2599 1814 2700 1863 Ad.

1651 1883 1684 1938 ἰ,
1709 1891 1758 1933 2.
1781 1890 1860 1933 41.
1885 1889 1946 1932 58
1997 1883 2088 1932 Dis
2109 1880 2302 1944 gratiam
2325 1881 2476 1926 habeo
2512 1879 2604 1937 He.
2627 1879 2699 1934 iii,

1651 1951 1699 1995 2.
1726 1954 1782 1997 11
1819 1949 1987 1996 Habeo
2011 1947 2204 2010 gratiam
2227 1944 2318 1992 Dis
2352 1944 2446 1992 He.
2477 1942 2544 2000 iv,
2565 1949 2612 1992 4.
2635 1947 2698 1992 31

1653 2012 1744 2059 Dis
1765 2014 1934 2077 gratias
1955 2014 2136 2076 agebat,
2163 2019 2347 2072 tempus
2369 2009 2460 2055 sibi
2477 2007 2579 2055 dari
2609 2007 2701 2058 Ph.

1653 2077 1719 2134 iv,
1739 2082 1788 2127 2.
1810 2083 1843 2126 6
1875 2077 1966 2124 Dis
1986 2090 2179 2138 magnas
2213 2073 2378 2122 merito
2413 2073 2583 2135 gratias
2619 2073 2706 2119 ha-

1655 2143 1764 2203 beo,
1781 2149 1924 2204 atque
1946 2158 2033 2204 ago
2067 2141 2158 2188 Ph.
2184 2155 2228 2194 v,
2248 2143 2295 2188 7.
2315 2143 2341 2186 1
2377 2137 2510 2184 Deos
2526 2151 2706 2199 quaeso,

1654 2214 1709 2253 ut
1741 2208 1804 2255 sit
1843 2213 2076 2270 superstes
2125 2202 2190 2252 A.
2222 2200 2296 2258 iii,
2315 2207 2365 2250 2.
2389 2207 2418 2250 7
2470 2199 2530 2248 Id
2565 2215 2702 2263 spero

1655 2269 1898 2331 adjuturos
1923 2271 2050 2318 Deos
2082 2267 2146 2315 A.
2170 2267 2242 2324 iii,
2263 2271 2312 2316 2.
2331 2269 2397 2314 42
2431 2265 2526 2313 Per
2543 2280 2633 2326 ego
2657 2271 2704 2312 te

1656 2333 1787 2382 Deos
1804 2350 1905 2392 oro,
1919 2343 1968 2382 et
1985 2341 2183 2381 nostram
2203 2331 2454 2378 amicitiam
2487 2329 2549 2376 A.
2573 2329 2643 2384 iii,
2658 2334 2718 2377 3.-

1657 2402 1690 2445 6
1731 2399 1840 2446 Nisi
1860 2401 1975 2447 mihi
1996 2398 2128 2445 Deos
2149 2395 2261 2444 satis
2279 2395 2378 2443 scio
2399 2393 2546 2441 fuisse
2565 2393 2706 2440 iratos

1656 2461 1722 2509 A.
1741 2464 1804 2521 iv,
1828 2467 1875 2512 1.
1896 2468 1960 2513 40
1994 2464 2086 2512 Per
2105 2476 2266 2509 omnes
2286 2458 2374 2508 tibi
2389 2457 2558 2521 adjuro
2575 2457 2710 2507 Deos

1659 2526 1725 2576 A.
1748 2529 1814 2585 iv,
1837 2532 1885 2577 2.
1911 2534 1970 2578 11
2018 2529 2110 2576 Per
2142 2542 2232 2589 ego
2266 2533 2318 2573 te
2353 2524 2486 2571 Deos
2521 2538 2620 2579 oro,
2655 2531 2709 2569 ut

1665 2590 1730 2639 A.
1765 2609 1814 2649 v,
1846 2599 1892 2642 1.
1929 2598 1990 2641 15
2038 2591 2145 2639 Ohe
2165 2591 2181 2637 ¹.
2211 2590 2311 2653 jam
2353 2587 2519 2636 desine
2559 2587 2712 2648 Deos,

1665 2673 1794 2713 uxor,
1819 2658 2096 2720 gratulando
2117 2655 2374 2703 obtundere
2407 2652 2528 2701 Hea.
2551 2670 2600 2713 v,
2617 2656 2710 2701 1.6

1665 2719 1796 2768 Deos
1816 2723 1978 2769 nescio
1999 2740 2011 2768 ε
2037 2721 2164 2783 quod
2183 2726 2364 2783 potero,
2379 2717 2529 2764 enitar
2543 2716 2714 2764 sedulo

1666 2784 1788 2833 Hea.
1807 2804 1854 2840 v,
1876 2791 1926 2835 4.
1954 2792 2012 2834 15
2048 2785 2180 2831 Deos
2195 2798 2375 2847 quaeso,
2392 2788 2446 2828 ut
2461 2782 2590 2828 istaec
2607 2796 2711 2843 pro-

1664 2849 1858 2897 hibeant
1909 2850 2006 2899 Ad.
2047 2850 2105 2910 ii,
2143 2852 2192 2897 4.
2235 2852 2295 2895 11
2356 2846 2517 2893 Salvos
2559 2845 2713 2904 nobis,-

1667 2911 1798 2961 Deos
1819 2930 1996 2978 quaeso,
2018 2921 2072 2961 ut
2093 2914 2182 2961 siet
2213 2913 2306 2959 Ad.
2327 2910 2399 2976 iii,
2422 2914 2468 2959 1.
2493 2914 2550 2958 11
2592 2909 2712 2957 Haec

1669 2977 1866 3039 primum
1903 2989 1955 3026 ut
1985 2978 2118 3033 fiant,
2151 2977 2282 3024 Deos
2303 2976 2481 3039 quaeso,
2502 2983 2558 3021 ut
2585 2974 2718 3021 vobis

1667 3043 1807 3091 decet
1852 3043 1946 3093 Ad.
1981 3042 2054 3099 iii,
2075 3047 2125 3091 4.
2145 3046 2209 3090 45
2257 3040 2424 3096 Quid?
2475 3040 2716 3093 credebas,

1667 3108 1917 3155 dormienti
1955 3108 2058 3155 haec
2089 3106 2178 3154 tibi
2209 3105 2504 3152 confecturos
2547 3102 2716 3149 Deos?

1669 3169 1766 3218 Ad.
1803 3172 1865 3228 iv,
1899 3178 1946 3221 5.
1981 3176 2045 3220 59
2097 3170 2189 3217 Abi
2233 3171 2440 3222 domum,
2479 3181 2536 3213 ac
2581 3165 2716 3213 Deos

1669 3250 1961 3297 comprecare
2011 3235 2107 3285 Ad.
2135 3236 2200 3291 iv,
2221 3239 2268 3282 5.
2289 3238 2351 3281 65
2400 3230 2515 3286 Abi,
2551 3238 2712 3293 pater:

1669 3306 1722 3345 tu
1757 3300 1912 3361 potius
1949 3299 2081 3347 Deos
2118 3312 2411 3361 comprecare
2457 3294 2558 3344 Ad.
2580 3295 2648 3351 iv,
2668 3300 2718 3343 5.

1667 3368 1733 3412 70
1765 3364 1824 3411 Id
1847 3373 1989 3411 testor
2018 3362 2178 3411 Deos!
2214 3362 2305 3410 He.
2326 3361 2400 3417 iii,
2420 3367 2467 3409 5.
2487 3365 2554 3410 26
2589 3358 2716 3416 Nec,

1668 3427 1768 3490 pol,
1789 3429 1889 3475 istae
1913 3436 2128 3476 metuunt
2157 3430 2316 3477 Deos:
2345 3440 2502 3487 neque
2532 3426 2616 3471 has
2644 3440 2717 3471 re-

1669 3494 1846 3555 spicere
1869 3493 2001 3541 Deos
2023 3494 2192 3556 opinor
2215 3491 2305 3541 He.
2328 3508 2374 3547 v,
2396 3494 2445 3539 2.
2469 3494 2500 3537 6
2532 3488 2605 3535 At
2623 3502 2714 3551 ego

1669 3556 1801 3605 Deos
1839 3558 2042 3606 Penates
2075 3558 2186 3605 hinc
2231 3556 2478 3603 salutatum
2520 3554 2714 3599 domum

1669 3621 1884 3669 devertar
1915 3624 2004 3670 Ph.
2026 3622 2078 3679 ii,
2102 3627 2149 3670 1.
2173 3626 2233 3669 81
2279 3620 2373 3667 Per
2401 3617 2534 3665 Deos
2571 3624 2718 3679 atque

1668 3686 1914 3733 homines!
1951 3686 2040 3733 Ph.
2061 3702 2108 3741 v,
2134 3690 2179 3733 1.
2200 3690 2262 3733 37
2298 3683 2384 3739 Di,
2421 3683 2534 3729 date
2569 3680 2720 3729 facul·

1670 3757 1832 3811 tatem,
1853 3751 2062 3805 obsecro,
2086 3750 2197 3797 huic
2220 3747 2439 3813 pariundi
2470 3746 2534 3797 A.
2555 3748 2592 3806 i,
2613 3751 2662 3795 4.
2686 3750 2716 3793 5

1670 3813 1739 3861 Di
1777 3815 1909 3875 boni,
1943 3814 2060 3861 boni
2089 3814 2204 3876 quid
2237 3820 2376 3877 porto
2399 3811 2410 3857 !
2457 3810 2520 3860 A.
2539 3810 2595 3867 ii,
2617 3814 2664 3858 2.
2689 3813 2715 3857 1

1671 3877 1740 3925 Di
1761 3887 1958 3926 vostram
1980 3880 2120 3926 fidem
2141 3876 2152 3923 !
2177 3877 2242 3926 A.
2266 3877 2336 3936 iv,
2359 3882 2408 3925 3.
2431 3880 2480 3925 1.
2510 3875 2578 3932 iv,
2599 3878 2648 3922 4.
2673 3879 2722 3922 5.

1672 3942 1764 3989 Eu.
1781 3942 1853 3999 iii,
1877 3948 1924 3993 1.
1948 3948 2029 3993 28.
2076 3944 2141 3998 iv,
2162 3947 2212 3992 7.
2233 3945 2317 3991 20.
2363 3957 2412 3997 v,
2438 3946 2487 3989 4.
2509 3944 2556 3987 2.
2601 3954 2650 3993 v,
2672 3943 2720 3985 9.

1675 4012 1750 4056 19.
1774 4008 1898 4055 Hea.
1919 4009 1992 4065 iii,
2011 4013 2057 4056 l.
2078 4012 2159 4057 96.
2175 4006 2273 4055 Ad.
2294 4005 2367 4062 iii,
2389 4010 2440 4054 8.
2461 4008 2543 4053 2⁷.
2565 4002 2653 4050 Ph.
2673 4018 2722 4057 v,

1675 4076 1720 4119 1.
1739 4076 1821 4123 30.
1856 4090 1903 4129 ν,
1925 4078 1974 4121 3.
1997 4077 2060 4121 25
2095 4072 2165 4119 Di
2177 4070 2310 4126 boni,
2331 4070 2448 4132 quid
2464 4070 2554 4117 hoc
2575 4066 2720 4114 morbi

1671 4138 1779 4183 est?
1813 4138 1905 4184 Eu.
1925 4136 1980 4193 ii,
2005 4142 2049 4186 1.
2071 4142 2134 4185 19
2185 4136 2252 4183 Di
2287 4132 2598 4181 immortales!
2635 4132 2730 4177 ho-

1673 4201 1789 4249 mini
1819 4204 1959 4249 horno
2029 4202 2112 4249 uid
2153 4198 2374 4263 praestat!
2422 4198 2515 4245 Eu.
2543 4195 2599 4258 ii,
2619 4199 2667 4243 2.
2693 4198 2729 4242 1-

1674 4263 1744 4313 Di
1765 4265 1894 4326 boni,
1911 4267 1996 4331 qui
2053 4266 2200 4317 turbae
2221 4262 2320 4312 est!
2359 4262 2485 4313 Hea.
2513 4263 2568 4321 ii,
2589 4264 2638 4309 3.
2660 4262 2726 4307 la
