3192 4975
941 884 1916 1067 ‘INDEX

1509 1142 1586 1193 IN

963 1320 2083 1425 TERENTIUM.

425 1586 497 1636 A.
528 1584 751 1633 Andriam
773 1584 1006 1651 designat,
1027 1588 1119 1636 Eu.
1143 1587 1444 1643 Eunuchum,
1483 1588 1609 1637 Hea-
1632 1586 2219 1646 Heautontimorumenon,
2240 1586 2339 1637 Aa.
2362 1584 2627 1653 Adelphos,

1097 1676 1196 1725 He.
1218 1674 1474 1739 Hecyram,
1495 1677 1591 1725 Ph.
1613 1676 1962 1726 Phormionem.

429 1862 502 1933 A
554 1883 811 1931 Panvuto
866 1882 930 1932 A.
956 1886 997 1943 i,
1027 1890 1074 1935 1.
1110 1890 1160 1934 8.
1235 1884 1331 1933 Ad.
1365 1886 1401 1942 i,
1445 1889 1490 1934 1.

431 1954 496 1997 28
538 1948 581 1993 A
608 1948 840 2011 principio
895 1948 955 1998 A.
981 1950 1016 2005 i,
1043 1956 1088 2000 1.
1107 1953 1188 2000 21.
1251 1950 1317 2007 iv,
1339 1954 1387 1998 4.
1409 1954 1492 1999 46.

432 2014 527 2061 He.
545 2011 616 2067 iii,
652 2017 699 2060 3.
731 2017 815 2061 21.
883 2014 974 2063 Ph.
1013 2014 1082 2071 iv,
1119 2019 1169 2064 3.
1207 2019 1270 2063 45
1331 2014 1491 2061 Metui

431 2094 462 2123 a
483 2077 716 2139 Chryside
755 2078 818 2125 A.
841 2076 876 2133 i,
900 2083 946 2127 1.
967 2082 1032 2127 79
1087 2078 1287 2141 Incepta
1323 2094 1353 2125 a
1387 2092 1493 2139 par-

433 2142 502 2189 vis
540 2141 602 2189 A.
629 2140 697 2200 iii,
721 2145 767 2190 3.
789 2145 819 2189 7
877 2140 1167 2204 Concrepuit
1203 2156 1231 2188 a
1265 2141 1492 2205 Glycerio

429 2206 604 2252 ostium
645 2205 710 2252 A.
745 2205 810 2259 iv,
846 2211 893 2254 1.
927 2210 994 2255 59
1072 2206 1212 2253 Unde
1255 2206 1358 2253 cst?
1413 2205 1493 2253 dic

432 2270 572 2316 clare.
629 2270 740 2331 My.
774 2267 819 2316 A
845 2270 976 2317 vobis
1008 2269 1070 2317 A.
1095 2270 1158 2325 iv,
1181 2275 1229 2319 4.
1253 2276 1314 2319 15
1348 2268 1494 2315 Dona

429 2335 605 2380 adsunt
649 2333 739 2379 tibi
775 2348 804 2379 a
843 2334 1060 2381 Phaedria
1106 2334 1196 2383 Eu.
1237 2334 1308 2390 iii,
1344 2338 1392 2383 2.
1429 2338 1492 2382 12

431 2398 590 2455 Quam
612 2398 750 2459 longe
773 2414 802 2445 a
821 2398 970 2445 mari?
1005 2399 1098 2446 Eu.
1114 2398 1186 2453 iii,
1210 2404 1256 2448 3.
1277 2402 1338 2449 13
1390 2396 1492 2444 An-

432 2478 494 2510 ne
517 2462 632 2509 abiit
645 2462 746 2524 jam
769 2478 798 2510 a
819 2462 1005 2511 milite?
1041 2462 1132 2510 Eu.
1152 2464 1214 2525 iv,
1233 2470 1280 2513 5.
1298 2469 1329 2514 7
1363 2462 1490 2510 Prae-

435 2526 578 2574 mium
601 2541 628 2572 a
651 2543 724 2574 me
745 2535 910 2590 optato
962 2529 1052 2575 Eu.
1075 2544 1120 2583 v,
1143 2532 1190 2576 9.
1213 2533 1277 2577 27
1343 2527 1494 2575 Actor

431 2599 616 2636 tantum
644 2593 816 2652 poterit
837 2607 866 2638 a
883 2591 1109 2638 facundia
1141 2591 1264 2640 Hea.
1285 2592 1411 2638 Prol.
1429 2595 1490 2640 13

437 2655 692 2702 Peccatum
715 2671 744 2702 a
771 2671 848 2704 me
865 2656 1116 2702 maximum
1138 2663 1211 2703 est
1243 2655 1364 2702 Hea.
1387 2655 1421 2711 i,
1447 2661 1493 2704 1.

438 2723 536 2767 106
587 2718 678 2766 Sed
713 2721 828 2782 quid
862 2727 1142 2782 crepuerunt
1175 2721 1296 2768 fores
1329 2720 1442 2766 hinc
1466 2735 1500 2765 a.

435 2783 545 2829 me?
602 2782 727 2830 Hea.
749 2783 784 2843 i,
807 2788 854 2831 1.
877 2789 972 2831 122
1028 2783 1192 2846 Usque
1226 2799 1254 2830 a
1293 2783 1496 2846 pueritia

437 2847 560 2893 Hea.
583 2845 620 2902 i,
643 2851 692 2894 2.
713 2851 746 2895 9
778 2847 882 2894 Nos
897 2846 1000 2908 jam
1023 2863 1052 2893 a
1067 2848 1220 2908 pueris
1235 2847 1347 2894 ilico
1364 2847 1497 2892 nasci

435 2925 571 2958 senes
621 2910 744 2956 Hea.
761 2909 814 2964 ii,
836 2915 883 2958 1.
905 2915 937 2957 2
990 2910 1035 2956 A
1053 2917 1185 2970 patre
1207 2909 1378 2972 aliquis
1413 2923 1496 2956 ex-

429 2974 540 3022 iens
573 2973 697 3019 Hea.
718 2973 770 3028 ii,
791 2979 839 3022 2.
859 2978 892 3021 6
941 2971 1138 3020 Factum
1153 2989 1182 3019 a
1197 2974 1334 3020 nobis
1355 2972 1497 3020 stulte

434 3046 512 3086 est
557 3036 682 3084 Hea.
720 3037 776 3089 ii.
809 3041 858 3085 3.
891 3040 924 3084 8
993 3035 1040 3084 A
1074 3051 1152 3084 me
1189 3037 1498 3099 nescioquis

435 3101 536 3150 exit
577 3100 703 3149 Hea.
734 3101 807 3157 iii,
832 3105 963 3149 1.90
1029 3100 1262 3157 Quisnam
1297 3117 1328 3148 a
1359 3100 1498 3147 nobis

439 3166 680 3229 egreditur
713 3165 871 3212 foras?
919 3163 1044 3214 Hea.
1067 3165 1138 3221 iii,
1161 3171 1210 3214 2.
1245 3171 1310 3214 50
1364 3165 1496 3221 Quid

435 3239 536 3278 tam
569 3245 598 3276 a
633 3229 770 3277 nobis
806 3229 1004 3293 graviter
1037 3237 1320 3292 crepuerunt
1339 3229 1496 3277 fores?

440 3293 565 3341 Hea.
577 3293 646 3349 iii,
665 3299 715 3343 3.
741 3299 804 3343 52
852 3293 995 3341 Haud
1017 3293 1218 3340 multum
1239 3309 1268 3342 a
1287 3309 1362 3342 me
1385 3294 1496 3341 abe-

439 3358 506 3404 rit
539 3357 842 3405 infortunium
889 3357 1010 3404 Hea.
1037 3359 1104 3414 iv,
1127 3363 1176 3406 2.
1203 3364 1228 3409 1
1295 3358 1502 3406 Dabitur

446 3437 480 3468 a
501 3437 578 3468 me
596 3429 836 3484 argentum
884 3421 980 3471 Ad.
996 3421 1035 3483 i,
1057 3427 1107 3471 2.
1131 3426 1196 3470 38
1243 3422 1354 3470 Tibi
1375 3439 1404 3470 a
1420 3437 1499 3469 rne

441 3485 576 3532 nulla
595 3495 696 3532 orta
709 3493 784 3534 est
803 3484 978 3548 injuria
1014 3485 1110 3534 Ad.
1131 3485 1187 3542 ii,
1212 3491 1256 3534 1.
1277 3492 1340 3535 35
1391 3485 1498 3533 Ali·

445 3565 538 3598 eno
571 3549 728 3597 animo
752 3567 782 3598 a
801 3551 938 3596 nobis
959 3563 1077 3608 esse,
1098 3565 1172 3597 res
1192 3549 1371 3597 indicat
1402 3549 1498 3597 Ad.

444 3613 518 3670 iii,
556 3619 606 3663 2.
636 3619 706 3662 40
749 3613 960 3662 Conscia
991 3613 1125 3670 mibi,
1163 3629 1192 3661 a
1215 3630 1288 3661 me
1310 3613 1498 3675 culpam

449 3693 548 3726 esse
571 3678 733 3741 procul
794 3679 891 3726 Ad.
913 3677 985 3734 iii,
1005 3683 1054 3726 2.
1074 3682 1140 3727 50
1188 3677 1346 3725 Homo
1384 3677 1498 3724 ami-

447 3757 530 3790 cus
549 3743 688 3789 nobis
709 3757 894 3805 apuero
928 3742 1024 3790 Ad.
1041 3741 1114 3798 iii.
1135 3747 1183 3790 3.
1200 3747 1266 3792 86
1319 3742 1364 3789 A
1393 3741 1504 3788 villa

449 3807 783 3856 mercenarium
821 3806 922 3854 vidi
976 3806 1072 3854 Ad.
1099 3807 1169 3862 iv,
1189 3811 1240 3856 2.
1259 3811 1294 3854 2
1355 3805 1501 3863 Quis-

445 3885 556 3917 nam
579 3885 608 3916 a
643 3885 718 3918 me
755 3871 942 3934 pepulit
977 3878 1074 3918 tam
1111 3871 1310 3934 graviter
1345 3871 1502 3918 fores?

448 3934 544 3981 Ad.
567 3951 616 3992 v,
639 3938 687 3983 3.
707 3939 740 3984 2
785 3934 986 3982 Simulat
1021 3948 1072 3982 se
1093 3949 1123 3982 a
1154 3943 1300 3982 matre
1334 3935 1505 3983 arcessi

449 3999 545 4048 He.
565 3999 602 4052 i.
623 4003 671 4048 2.
696 4003 792 4048 109
823 3999 1002 4062 Siquid
1021 4007 1093 4046 est
1103 4007 1348 4063 peccatum
1373 4015 1401 4044 a
1417 4014 1505 4044 no-

447 4063 524 4110 bis
563 4063 660 4113 He.
677 4063 735 4120 ii,
755 4067 805 4112 2.
829 4069 888 4112 11
947 4063 1085 4110 Illam
1117 4080 1146 4110 a
1183 4079 1259 4110 me
1292 4061 1507 4110 distrahit

449 4126 702 4177 necessitas
731 4129 826 4174 He.
847 4127 919 4183 iii,
938 4133 986 4176 5.
1005 4131 1068 4175 42
1117 4127 1340 4174 Alienum
1361 4142 1464 4174 esse
1477 4142 1506 4173 a

452 4207 526 4238 me
549 4193 757 4240 animum
791 4193 886 4241 He.
907 4191 976 4248 iv,
997 4195 1048 4239 4.
1073 4196 1138 4241 36
1186 4190 1367 4238 Neutra
1386 4191 1444 4238 in
1459 4207 1506 4239 re

453 4257 586 4304 vobis
612 4257 864 4304 difficultas
885 4273 914 4304 a
934 4271 1010 4303 me
1031 4257 1120 4303 crit
1165 4256 1261 4304 He.
1281 4257 1349 4313 iv,
1371 4260 1421 4305 4.
1440 4258 1502 4304 45

453 4318 718 4371 Abhorrere
751 4321 958 4370 animum
979 4321 1090 4368 huie
1115 4320 1252 4369 video
1275 4335 1304 4366 a
1325 4319 1506 4383 nuptiis

588 4402 762 4465 Delph.
782 4407 829 4450 et
869 4401 984 4454 Var.
1005 4403 1135 4451 Clas.
1325 4435 1329 4439 -
1413 4403 1508 4451 tna

1566 1886 1663 1934 He.
1682 1886 1751 1943 iv,
1774 1892 1824 1951 ⁴.·
1846 1892 1912 1937 92
1962 1886 2097 1935 Nihil
2117 1886 2203 1936 tibi
2224 1896 2297 1937 est
2316 1903 2344 1935 a
2362 1902 2437 1935 mc
2460 1886 2626 1949 pericli

1565 1950 1663 1999 He.
1690 1966 1736 2008 v,
1777 1956 1823 2001 1.
1868 1956 1901 1999 9
1960 1952 2213 2009 Quomodo
2248 1968 2276 2000 a
2310 1968 2388 1999 me
2416 1952 2624 1998 amittam

1567 2014 1659 2065 Ph.
1695 2014 1767 2072 iii,
1802 2020 1851 2065 2.
1873 2020 1938 2066 22
2012 2016 2152 2065 Unde
2186 2032 2215 2064 a
2248 2018 2399 2081 primo
2438 2014 2627 2063 institui

1567 2078 1659 2127 Ph.
1678 2079 1746 2134 iv,
1768 2084 1818 2128 2.
1845 2084 1908 2127 14
1953 2080 2001 2127 A
2030 2080 2181 2141 primo
2216 2082 2357 2127 homo
2392 2080 2631 2127 insanibat

1568 2142 1662 2255 {¹¹⁰
1681 2140 1747 2198 iv,
1765 2148 1811 2191 3.
1834 2148 1897 2192 87
1951 2142 1999 2189 Α
2020 2144 2160 2191 fratre
2206 2159 2312 2209 quae
2344 2158 2527 2207 egressa
2554 2148 2631 2189 est

1614 2207 1659 2252 h.
1684 2222 1734 2261 ν,
1760 2211 1805 2254 1.
1828 2212 1858 2255 5

1633 2269 1730 2320 Ab.
1798 2270 2049 2333 Ingenium
2071 2272 2131 2318 ab
2156 2270 2313 2318 labore
2336 2268 2544 2333 proclive
2566 2270 2628 2316 ad

1567 2334 1829 2382 lubidinem
1872 2336 1936 2383 A.
1957 2334 1994 2391 i,
2016 2340 2065 2385 1.
2088 2340 2150 2385 51
2200 2334 2281 2383 Ab
2302 2334 2385 2381 illo
2417 2333 2629 2381 animad-

1565 2400 1791 2447 vertenda
1808 2398 1979 2461 injuria
2000 2408 2076 2447 est
2109 2399 2170 2447 A.
2192 2398 2228 2456 i,
2254 2404 2301 2449 1.
2323 2402 2420 2447 129
2468 2398 2631 2462 Mysis

1566 2464 1627 2515 ab
1647 2480 1707 2512 ea
1727 2464 1964 2526 egreditur
1996 2465 2060 2513 A.
2082 2464 2119 2523 i,
2139 2470 2191 2514 3.
2214 2468 2277 2514 21
2330 2464 2429 2513 Cur
2450 2470 2501 2510 tu
2524 2462 2628 2510 abis

1567 2530 1629 2575 ab
1647 2529 1767 2576 illa?
1804 2529 1866 2576 A.
1890 2527 1927 2589 i,
1949 2535 1996 2577 5.
2014 2533 2077 2578 64
2128 2529 2198 2578 Ut
2220 2530 2281 2576 ab
2301 2527 2387 2576 illa
2408 2527 2633 2575 excludar

1567 2592 1632 2639 A.
1650 2593 1707 2647 ii,
1729 2597 1779 2642 3.
1804 2597 1865 2642 12
1898 2592 1977 2639 Ab
2000 2592 2185 2640 Andria
2205 2599 2279 2640 est
2299 2593 2473 2640 ancilla
2486 2591 2628 2639 hoec?

1568 2655 1634 2704 A.
1656 2657 1728 2713 iii,
1750 2662 1795 2705 1.
1820 2661 1873 2706 3.
1904 2656 1972 2716 iv,
1995 2663 2043 2708 4.
2069 2662 2130 2706 17
2162 2657 2241 2704 Ab
2264 2656 2427 2704 dextra
2451 2671 2527 2702 me
2544 2669 2627 2702 ve-

1568 2721 1669 2766 nire
1708 2721 1989 2766 assimulabo
2040 2721 2102 2767 A.
2137 2719 2204 2776 iv,
2230 2725 2278 2769 3.
2304 2725 2367 2769 19
2420 2721 2629 2783 Propera

1569 2797 1767 2845 puerum
1792 2783 1953 2830 tollere
1986 2782 2099 2830 hinc
2121 2785 2181 2830 ab
2208 2783 2361 2844 janua
2408 2783 2470 2831 A.
2493 2783 2559 2836 iv,
2581 2785 2631 2830 4.

1571 2851 1637 2894 20
1686 2846 1972 2893 Abhorrenti
1992 2847 2051 2892 ab
2070 2862 2116 2892 re
2134 2846 2297 2892 uxoria
2345 2845 2405 2892 A.
2428 2859 2476 2901 v,
2498 2851 2543 2893 1.
2568 2849 2633 2893 10

1568 2909 1681 2957 Tibi
1704 2910 1763 2956 ab
1778 2911 1900 2957 istoc
1920 2911 2183 2958 cavendum
2216 2909 2433 2972 intelligo
2466 2908 2557 2958 Eu.
2582 2921 2633 2964 v,

1572 2977 1623 3022 2.
1642 2978 1709 3024 44
1774 2973 1855 3020 Ab
1893 2973 2134 3022 meretrice
2170 2988 2309 3020 avara
2352 2975 2444 3023 Eu.
2467 2989 2515 3030 v,
2530 2976 2579 3020 4.
2599 2977 2630 3021 5

1573 3036 1716 3085 Fores
1750 3053 1972 3100 crepuere
1994 3039 2053 3084 ab
2074 3053 2132 3084 ea
2174 3037 2269 3086 Eu.
2292 3053 2338 3090 v.
2362 3043 2412 3086 8.
2436 3043 2465 3085 5
2510 3036 2637 3082 Tan-

1575 3108 1738 3149 tumne
1754 3109 1826 3149 est
1846 3103 1907 3148 ab
1930 3117 1975 3148 re
1996 3109 2078 3148 tua
2100 3101 2187 3148 otii
2208 3100 2329 3148 tibi?
2378 3101 2502 3148 Hea.
2526 3100 2560 3154 i,
2584 3104 2636 3150 1.

1573 3169 1639 3214 23
1692 3165 1810 3214 Haec
1830 3165 1958 3212 facta
1978 3165 2140 3212 abillo
2177 3165 2461 3227 oportebant
2504 3163 2635 3213 Hea.

1571 3229 1646 3286 iii,
1668 3235 1716 3279 2.
1734 3235 1797 3278 25
1844 3231 1877 3279 J
1880 3246 1953 3277 am
1973 3230 2085 3278 inde
2099 3231 2158 3277 ab
2177 3229 2499 3278 adolescentia
2531 3229 2632 3277 Ad.

1572 3294 1608 3350 i,
1633 3299 1680 3342 1.
1705 3300 1767 3343 16
1816 3293 2017 3342 Alienus
2057 3303 2129 3342 est
2165 3295 2226 3341 ab
2262 3302 2421 3342 nostra
2454 3293 2635 3341 familia

1573 3357 1671 3406 Ad.
1692 3359 1766 3415 iii,
1800 3362 1849 3406 2.
1872 3363 1938 3407 28
2021 3359 2099 3406 Ab
2123 3359 2291 3406 lenone
2308 3359 2439 3422 ipsus
2458 3358 2636 3421 eripuit

1573 3422 1729 3485 palam
1771 3422 1871 3471 Ad.
1893 3422 1967 3478 iii,
1990 3429 2039 3473 2.
2062 3429 2127 3472 30
2178 3423 2317 3470 Hanc
2342 3423 2432 3470 sibi
2450 3423 2637 3470 videbit

1573 3487 1748 3534 abduci
1768 3487 1828 3533 ab
1845 3487 1994 3534 oculis
2013 3487 2031 3534 ?
2080 3486 2178 3534 Ad.
2202 3487 2268 3546 iv,
2294 3493 2341 3535 5.
2361 3491 2422 3534 35
2474 3487 2552 3534 Ne
2575 3488 2637 3534 ab

1573 3566 1623 3598 re
1644 3551 1741 3598 sint
1760 3551 2023 3598 Omissiores
2058 3549 2155 3598 Ad.
2188 3567 2237 3607 v,
2258 3555 2308 3600 3.
2334 3553 2397 3599 44
2452 3549 2631 3596 Remo-

1575 3620 1675 3662 tum
1698 3616 1758 3662 ab
1775 3615 1954 3672 studio,
1978 3623 2119 3679 atque
2137 3617 2197 3663 ab
2210 3615 2367 3662 labore
2400 3612 2495 3662 He.
2528 3612 2636 3662 Alt.

1574 3678 1703 3729 Prol.
1731 3684 1789 3727 1⁵
1838 3679 1907 3726 Ut
1930 3679 2060 3742 virgo
2078 3679 2137 3725 ab
2156 3695 2207 3726 se
2225 3679 2405 3740 integra
2419 3677 2502 3724 fiet
2539 3676 2637 3726 He.

1574 3742 1611 3797 i,
1628 3747 1675 3792 2.
1696 3748 1761 3792 70
1813 3741 1891 3790 Ab
1910 3745 2069 3790 nescio
2086 3758 2181 3804 quo
2195 3742 2413 3804 improbo
2446 3740 2542 3789 He.
2562 3740 2639 3798 iii,

1575 3811 1626 3856 3.
1650 3811 1713 3855 23
1764 3806 1896 3863 Quid
1920 3806 2213 3855 Bacchidem
2236 3806 2295 3852 ab
2317 3813 2476 3852 nostro
2497 3804 2637 3852 affine

1577 3877 1825 3918 exeuntem
1848 3870 2023 3918 video?
2073 3870 2169 3920 He.
2190 3886 2239 3930 v,
2254 3875 2301 3918 3.
2322 3874 2356 3918 9
2404 3867 2486 3916 Ab
2507 3867 2635 3916 Orco

1577 3942 1810 3982 mortuum
1848 3951 1924 3983 me
1957 3935 2176 3982 reducem
2208 3935 2259 3980 in
2298 3933 2451 3980 lucem
2471 3933 2638 3982 feceris

1578 3999 1673 4048 He.
1698 4016 1745 4061 v,
1764 4003 1814 4047 4.
1838 4003 1899 4047 12
1951 3999 2169 4047 Otiosum
2192 3999 2253 4045 ab
2273 3997 2431 4044 animo
2464 3997 2556 4046 Ph.
2580 3997 2639 4054 ii,

1574 4067 1628 4112 2.
1649 4068 1715 4112 26
1763 4063 1841 4110 Ab
1864 4078 1945 4110 sua
1962 4061 2175 4125 palaestra
2190 4062 2289 4109 exit
2301 4062 2423 4108 foras
2458 4061 2544 4108 Pb.
2566 4061 2641 4120 iii,

1582 4133 1630 4176 1.
1651 4133 1716 4177 20
1765 4127 1843 4176 Ab
1866 4126 2029 4176 amicis
2052 4133 2293 4188 argentum
2335 4126 2494 4173 aufero
2545 4127 2636 4174 Ph.

1580 4191 1649 4248 iii,
1668 4196 1717 4240 2.
1740 4196 1807 4240 28
1882 4193 1960 4240 Ab
2000 4189 2149 4238 oculis
2188 4190 2303 4238 meis
2336 4190 2465 4239 illam
2486 4191 2635 4238 abdu-

1581 4257 1694 4303 cet?
1732 4256 1819 4306 Ph.
1839 4257 1914 4313 iii,
1936 4260 1983 4304 3.
2007 4261 2067 4304 15
2105 4255 2183 4302 Ab
2204 4255 2295 4303 Dis
2318 4255 2443 4306 solus
2465 4256 2635 4318 dilige-

1582 4335 1630 4368 re
1664 4320 1755 4368 Ph.
1774 4337 1822 4384 v,
1854 4326 1904 4368 6.
1930 4323 1993 4372 14
2042 4318 2201 4369 Video
2224 4323 2283 4368 ab
2302 4335 2401 4370 sese
2422 4321 2635 4368 amittere

1510 4437 1524 4451 .
1561 4401 1747 4450 Terent.
2162 4457 2183 4474 δ
2366 4465 2370 4468 ζ
2463 4400 2511 4448 Α
