3192 4975
564 435 761 503 xlviii

564 602 698 660 Quid
735 600 837 648 ita?
870 608 953 646 aut
982 596 1099 662 quid
1142 597 1319 647 sactum
1357 598 1463 646 eat?
1494 599 1616 648 cedo

568 667 661 717 Eu.
683 682 732 723 v,
752 669 801 715 5.
817 669 849 714 8
904 661 1031 727 Age,
1060 677 1165 726 age,
1187 664 1307 711 cedo
1329 663 1448 711 istuc
1484 670 1618 710 tuum

562 729 812 780 consilium
843 726 965 777 Hea-
986 727 1038 783 ii,
1062 730 1109 774 8.
1129 731 1191 776 01
1229 727 1383 784 Cedo,
1402 726 1517 792 quid
1538 727 1620 776 hic

563 794 707 842 faciet
722 792 843 842 sua?
876 791 1001 841 Hea.
1037 791 1095 847 ii.
1128 795 1177 840 8.
1210 795 1277 842 02
1332 792 1465 840 Cedo
1502 792 1617 839 dex-

562 865 875 970 3¹¹¹.aessss
898 862 944 968 3²
964 854 1617 983 {iichffssssu‘ffl’ss-‘ze‘i'fss‘

561 985 641 1042 iii,
656 989 706 1035 8.
729 989 795 1034 86
826 983 1017 1032 Nomen
1036 982 1245 1032 mulieris
1263 984 1384 1032 cedo
1405 985 1536 1049 quod
1558 984 1622 1032 sit

562 1049 686 1099 Hea.
724 1049 793 1104 iv.
829 1053 875 1098 1.
908 1052 976 1097 40
1027 1047 1203 1110 Lapis!
1254 1048 1369 1111 quin
1406 1047 1619 1111 accipis?

563 1113 640 1163 Cl.
684 1113 819 1164 Cedo
862 1127 975 1160 eane
1006 1110 1128 1159 Hea-
1170 1111 1233 1167 ἰν,
1274 1117 1325 1162 7.
1359 1115 1392 1162 4
1463 1112 1619 1168 Cedo.

562 1178 681 1241 quid
718 1176 825 1226 vis?
857 1176 1029 1225 faciam
1062 1175 1187 1226 Heu.
1221 1176 1287 1239 iv,
1324 1180 1374 1226 8.
1413 1181 1444 1224 5
1498 1176 1618 1224 Pos-

562 1251 727 1298 tremo,
750 1247 835 1289 aut
855 1241 1035 1296 desine,
1057 1247 1139 1287 aut
1160 1241 1279 1288 cedo
1300 1241 1511 1303 quemvis
1546 1256 1618 1289 er·

562 1306 731 1354 bitrum
764 1302 863 1353 Ad.
887 1305 922 1362 i,
943 1310 993 1354 2.
1013 1308 1076 1353 48
1132 1303 1302 1352 Coram
1324 1305 1476 1368 ipsum
1498 1306 1618 1352 cedo

562 1369 663 1419 Ad.
688 1370 757 1426 iii,
776 1373 827 1419 4.
849 1372 914 1418 88
966 1368 1103 1418 Cedo
1125 1384 1140 1428 ;
1171 1369 1400 1431 numquid
1422 1368 1618 1417 circum·

564 1433 750 1498 spexti?
785 1431 883 1480 Ad.
910 1434 973 1490 iv,
994 1439 1045 1484 5.
1066 1437 1132 1481 54
1186 1433 1339 1490 Cedo,
1374 1432 1489 1496 quid
1512 1433 1619 1481 reli·

562 1499 669 1562 quit
687 1496 904 1546 Phania?
936 1497 1035 1546 He.
1057 1497 1128 1552 iii,
1148 1503 1197 1546 5.
1218 1503 1251 1547 8
1304 1496 1620 1554 Quamobrem

561 1579 660 1610 non
682 1577 801 1626 opus
822 1562 900 1618 uit,
921 1562 1043 1611 cedo
1075 1560 1171 1611 He.
1201 1561 1267 1618 iv,
1304 1565 1353 1610 4.
1373 1567 1439 1612 70
1493 1561 1619 1610 Pue-

563 1643 665 1675 rum
683 1627 798 1674 mihi
818 1627 938 1675 cedo
958 1640 975 1686 3
1006 1641 1097 1688 ego
1118 1624 1239 1674 alam
1271 1624 1367 1675 He.
1393 1626 1459 1684 iv,
1480 1630 1531 1676 4.
1554 1631 1622 1676 86

565 1690 698 1748 Quid
739 1690 843 1738 via?
892 1691 1014 1738 cedo
1046 1689 1140 1740 He.
1174 1705 1221 1745 v,
1261 1694 1306 1739 1.
1349 1694 1415 1740 26
1466 1690 1620 1746 Cedo,

564 1754 683 1818 quid
704 1761 878 1817 portas,
898 1753 1125 1802 obsecro?
1158 1753 1251 1804 Ph.
1270 1753 1307 1811 i,
1329 1759 1381 1804 4.
1404 1758 1470 1803 20
1524 1753 1619 1802 Ce-

518 1869 526 1876 ,
561 1820 629 1867 do
651 1818 837 1867 senem!
872 1818 963 1868 Ph.
988 1819 1040 1875 ii,
1062 1823 1111 1869 2.
1131 1823 1161 1868 7
1219 1817 1354 1866 cedo
1386 1818 1517 1873 dum,
1558 1834 1621 1866 en

562 1898 770 1996 33¹3?
786 1880 1618 1996 ssi⁰ss⁸2m12⁰ffl33¹¹³hssfzzi¹ztm

564 2011 709 2059 mu?
740 1983 836 2060 ἰἰι.
857 1979 913 2072 ai,
934 1981 985 2060 i.
1012 1980 1081 2059 ἐι
1115 1963 1357 2066 Quidniss
1377 1963 1618 2058 faetumff?

563 2077 685 2124 cedo
705 2075 797 2123 Ph.
814 2074 887 2132 iii,
908 2079 956 2124 8.
979 2079 1040 2125 17
1076 2073 1230 2131 Cedo.
1243 2074 1359 2138 quid
1380 2074 1622 2139 postulat?

561 2138 658 2189 Ph.
679 2140 749 2201 iv,
770 2143 819 2188 8.
837 2143 899 2188 87
935 2139 1069 2188 Cedo
1082 2153 1209 2186 nunc
1226 2153 1379 2201 porro,
1398 2138 1621 2188 Phormio

563 2204 724 2252 dotem
745 2203 788 2250 ri
809 2203 1014 2268 accipiet
1044 2203 1136 2252 Ph.
1174 2203 1241 2265 iv,
1275 2207 1325 2252 4.
1360 2206 1420 2252 12
1474 2201 1620 2259 Quod

528 2277 533 2280 '
565 2268 677 2325 sets,
698 2267 819 2316 cedo
852 2267 948 2315 Ph.
981 2283 1029 2328 v,
1050 2272 1099 2316 6.
1136 2271 1195 2315 17
1251 2265 1401 2328 Quin·
1421 2273 1473 2313 tu
1505 2266 1620 2314 mihi

565 2340 807 2394 argentum
828 2330 966 2380 cedo.
998 2330 1090 2380 Pb.
1126 2329 1278 2377 Immo
1304 2345 1413 2378 vero
1431 2346 1619 2378 uxorem

567 2403 619 2442 tu
640 2396 761 2443 cedo
800 2394 893 2442 Ph.
920 2411 970 2452 v,
1004 2399 1054 2443 7.
1084 2398 1168 2445 42.
1206 2398 1271 2442 48
1325 2392 1471 2451 Volo,
1506 2395 1620 2442 nolo

562 2474 739 2509 rursum
761 2475 773 2506 ε
807 2459 945 2516 cedo,
965 2473 1021 2507 ca
1117 2457 1208 2508 Ph.
1228 2474 1276 2516 ν,
1298 2462 1345 2508 7.
1368 2461 1430 2507 57

632 2523 789 2585 Celer,
808 2521 867 2581 is,
884 2539 929 2571 e.
1043 2522 1167 2569 ullus
1186 2538 1254 2580 ea,
1276 2523 1367 2571 nisi
1395 2520 1497 2585 jam
1534 2523 1622 2572 tibi

569 2587 819 2637 consilium
840 2587 991 2636 celere
1012 2588 1217 2650 repperis
1251 2587 1343 2637 Ph.
1365 2587 1401 2644 i,
1417 2590 1468 2637 4.
1493 2593 1516 2637 1

632 2652 785 2703 Cella.
849 2652 938 2701 Me
972 2651 1075 2715 jam
1120 2651 1173 2699 in
1208 2651 1375 2700 cellam
1416 2652 1624 2715 aliquam

567 2731 675 2765 cum
696 2716 781 2765 illa
798 2716 1079 2766 concludam
1111 2715 1210 2764 Ad.
1230 2717 1296 2772 iv,
1313 2720 1362 2765 2.
1384 2720 1445 2765 18

634 2780 838 2830 Cellula.
904 2780 1027 2830 Cum
1044 2781 1098 2829 in
1120 2780 1336 2830 cellulam
1363 2780 1426 2827 ad
1456 2787 1505 2827 te

565 2844 647 2956 {ris
668 2862 843 2957 pfinum
864 2861 1051 2959 ‹gmrlrgm
1088 2845 1396 2909 congerebam
1431 2844 1623 2910 clancu-

588 2926 664 2957 um
730 2928 778 2963 u.
801 2926 854 2968 u,
909 2945 922 2959 .

632 2973 771 3025 Celo.
849 2974 1026 3022 Nescio
1046 2974 1177 3037 quod
1206 2989 1428 3038 magnum
1448 2973 1621 3021 malum

568 3053 645 3086 me
664 3038 791 3087 celae
822 3038 917 3087 He.
936 3038 1008 3095 iii,
1033 3043 1080 3087 l.
1100 3042 1165 3089 40
1204 3038 1359 3102 quue
1379 3039 1499 3086 adeo
1524 3054 1623 3087 me-

567 3109 705 3150 tuens
725 3120 807 3152 vos
829 3102 996 3160 celavi,
1030 3103 1160 3167 quod
1196 3117 1323 3151 nunc
1359 3103 1515 3150 dicam
1558 3101 1623 3150 A.

565 3166 635 3222 iii.
656 3172 707 3217 4.
730 3173 764 3217 6
795 3168 959 3219 celem
982 3176 1076 3213 tam
1091 3168 1381 3230 insperatum
1398 3165 1623 3227 gaudium

460 3256 469 3267 ·
568 3230 691 3279 Hea.
711 3231 784 3293 iii,
806 3236 855 3281 1.
876 3237 906 3280 5
952 3232 1145 3279 Prorsus
1165 3230 1343 3285 nescio,
1364 3244 1460 3291 quo
1479 3238 1622 3291 pacto

568 3296 661 3342 hoc
682 3293 831 3342 celem
852 3293 945 3341 He.
964 3294 1039 3349 iii,
1057 3295 1107 3341 4.
1128 3296 1191 3342 81
1226 3292 1296 3341 Ut
1315 3292 1438 3341 celet
1456 3307 1618 3341 senem

564 3363 771 3404 vostrum
791 3356 917 3404 Hea.
933 3356 1000 3413 iv,
1023 3360 1073 3405 8.
1092 3360 1155 3407 27
1210 3356 1283 3404 Ea
1303 3372 1364 3405 ne
1383 3371 1461 3403 me
1479 3358 1621 3415 celet,

565 3420 837 3469 consuefeci
856 3420 1003 3468 filium
1034 3419 1131 3469 Ad.
1149 3420 1186 3477 i,
1212 3424 1258 3469 1.
1282 3424 1348 3470 29
1387 3420 1457 3467 Te
1478 3428 1622 3485 atque

567 3484 687 3533 alios
742 3492 891 3533 artum
912 3493 967 3533 ut
986 3484 1162 3534 celaret
1180 3500 1313 3533 suum
1346 3484 1439 3534 He.
1477 3485 1546 3542 iii,
1567 3490 1621 3536 8.

564 3554 632 3600 24
732 3550 911 3597 audita
930 3550 1069 3599 decet
1082 3549 1231 3598 celare
1253 3556 1301 3597 te
1323 3549 1413 3597 im
1444 3547 1540 3600 He.
1563 3549 1618 3608 ii,

566 3618 619 3663 2.
643 3618 703 3664 11
750 3614 883 3673 Quid
916 3613 996 3671 sit,
1027 3614 1327 3677 quamobrem
1359 3629 1447 3661 nos
1468 3613 1620 3663 celare

564 3666 767 3728 volueris
800 3684 987 3742 partum
1016 3678 1113 3727 He.
1152 3678 1218 3740 iv,
1258 3674 1303 3727 1.
1326 3676 1403 3727 ’15
1469 3678 1618 3727 Simul

566 3758 740 3800 vereor,
774 3758 837 3792 ne
878 3751 1010 3791 orata
1044 3750 1203 3794 nostru
1228 3749 1434 3806 nequeat
1467 3742 1620 3791 celare

569 3806 665 3856 He.
685 3807 751 3865 iv,
775 3812 824 3858 l.
846 3812 908 3858 61
956 3807 1129 3871 Neque
1166 3807 1216 3854 id
1238 3807 1391 3856 celare
1408 3822 1547 3871 ponne
1568 3814 1618 3855 te

567 3886 758 3920 uxorem
790 3873 882 3924 Ph.
901 3888 952 3928 ν.
969 3877 1020 3922 7.
1040 3876 1110 3923 66
1159 3871 1273 3919 Νοιι
1294 3886 1371 3919 me
1389 3871 1513 3920 clam
1532 3872 1617 3921 ha-

563 3935 712 3992 beret,
748 3939 878 4000 quod
914 3936 1091 3987 celasse
1121 3934 1335 3999 intelligo
1368 3935 1461 3985 He.
1481 3935 1546 3992 iv,
1566 3940 1618 3987 4.

565 4003 627 4048 85
683 4000 925 4049 celabitur
963 4001 1144 4056 itidem,
1180 4008 1235 4048 ut
1275 4000 1427 4049 celata
1461 4001 1618 4049 adhuc

565 4070 638 4110 eat
668 4064 793 4114 Hea-
812 4066 879 4123 iv,
902 4071 953 4115 8.
972 4070 1036 4116 20
1089 4064 1239 4123 Quin,
1257 4063 1298 4112 si
1318 4066 1409 4113 hoc
1422 4064 1617 4121 celetur,

568 4124 621 4173 in
641 4137 802 4178 metuz
824 4130 899 4177 sin
919 4130 1101 4194 patefit,
1124 4129 1174 4177 in
1197 4129 1365 4193 probro
1388 4129 1511 4176 siem
1524 4129 1620 4183 Ph,

565 4203 616 4246 V,
634 4195 685 4240 4.
704 4196 739 4241 6
792 4194 891 4243 Ubi
912 4194 994 4243 ubi
1014 4202 1104 4251 est,
1144 4194 1227 4243 diu
1248 4192 1389 4242 celari
1408 4208 1508 4241 non
1530 4208 1618 4256 po-

564 4261 659 4303 test
678 4254 770 4309 Eu.
789 4257 844 4321 ii,
862 4262 913 4307 8.
932 4261 965 4308 4
996 4258 1188 4322 Neque,
1208 4265 1263 4307 ut
1276 4256 1419 4307 celari
1439 4266 1618 4323 ponet,

568 4326 752 4387 tempu·
792 4321 993 4387 apetium
1036 4323 1181 4371 dabat
1228 4321 1321 4372 He.
1352 4321 1427 4381 iii.
1462 4327 1511 4373 8.
1552 4328 1617 4373 14

1540 447 1783 512 ιΝυΕΧ

1691 598 1807 647 Non
1828 605 1990 662 potest
2007 597 2152 646 celari
2170 595 2329 646 nostra
2349 596 2532 646 diutius
2551 598 2750 648 audacia

1693 664 1784 713 Ph.
1809 664 1843 720 i,
1863 667 1912 714 4.
1932 666 1965 713 4
2008 663 2142 710 Bene
2165 662 2509 710 dissimulatum
2531 671 2754 721 arnorern',⁴

1693 733 1742 776 et
1763 728 1965 776 celatum
1989 727 2168 774 indicat
2199 725 2261 774 A.
2298 725 2336 781 i,
2360 731 2408 776 1.
2432 730 2524 776 105
2582 727 2748 775 Nosne

1693 793 1789 839 hoc-
1805 792 1982 840 celatos
2007 799 2102 839 tam
2123 791 2246 838 diu?
2279 788 2372 838 He.
2391 791 2458 849 iv,
2481 795 2531 841 4.
2554 795 2618 841 28

1758 856 1961 906 Censeo.
2029 854 2132 918 Ego
2169 870 2246 902 rus
2267 854 2365 912 ibo,
2397 862 2540 918 atque
2559 855 2630 902 ibi
2651 869 2748 903 rna·

1691 921 1834 970 nebo.
1869 921 1956 968 Pa.
1978 919 2162 968 Censeo
2184 919 2274 966 Eu.
2294 918 2349 976 ii,
2372 924 2422 968 1.
2443 924 2503 969 11
2538 919 2749 967 Militem

1693 1000 1784 1047 ego
1805 984 1992 1032 rivalem
2026 983 2348 1046 recipiendum
2384 997 2553 1031 censeo
2585 982 2677 1034 Eu.
2699 999 2750 1040 v,

1692 1052 1741 1097 9.
1758 1052 1822 1098 42
1847 1047 2008 1097 Recte
2027 1047 2159 1096 dicit.
2179 1046 2498 1096 censeo-Heu.
2519 1045 2594 1104 iii,
2611 1051 2660 1096 8.
2679 1052 2746 1096 27

1692 1112 1746 1160 Si
1781 1111 1916 1174 fucit,
1950 1113 2079 1176 quod
2113 1126 2203 1175 ego
2224 1111 2350 1158 hunc
2373 1126 2556 1174 oequorn
2578 1125 2748 1159 censeo

1693 1176 1818 1224 Hea.
1831 1193 1880 1233 V,
1895 1182 1944 1225 5.
1964 1181 2020 1226 11
2059 1175 2230 1240 Neque
2246 1176 2548 1223 vendundam
2563 1189 2750 1233 censeo,

1692 1256 1800 1305 quoe
1822 1241 1966 1288 libera
1984 1247 2058 1288 est
2090 1239 2188 1287 Ad.
2223 1239 2276 1298 ii,
2317 1243 2360 1288 1.
2399 1243 2465 1289 89
2523 1238 2628 1287 Rus
2649 1255 2751 1288 cras

1694 1320 1801 1352 curu
1817 1305 1968 1416 prilnffi
1983 1303 2214 1417 Ιιιοιέἰῑὲεὲ.
2239 1302 2332 1414 llIlIIi.
2350 1303 2580 1416 Iffftede
2595 1312 2754 1362 nocte,

1693 1383 1866 1418 censeo
1973 1406 1986 1420 .
2012 1385 2058 1424 v,
2109 1403 2123 1416 .
2305 1383 2366 1414 au
2469 1383 2482 1415 ι
2533 1384 2556 1415 ι·
2571 1383 2746 1416 censeo

1693 1430 1794 1484 Ad.
1814 1448 1863 1490 v,
1885 1437 1936 1482 8.
1955 1439 1985 1482 5
2032 1433 2330 1481 Meretricem
2349 1431 2546 1495 primum
2568 1436 2748 1480 adeun-

1693 1498 1802 1544 dam
1823 1512 1994 1545 censeo
2015 1496 2108 1544 He.
2129 1496 2195 1553 iv,
2213 1502 2262 1547 4.
2283 1499 2349 1545 94
2367 1495 2504 1544 Alius
2525 1514 2536 1545 ι
2560 1511 2750 1546 censeo.

1693 1576 1854 1608 eamus
1887 1561 1980 1608 Ph.
2001 1561 2038 1617 i,
2077 1565 2124 1610 2.
2162 1565 2228 1609 52
2282 1560 2526 1609 Cratinum
2558 1575 2749 1619 censeo,

1693 1625 1736 1672 ai
1759 1624 1846 1672 tibi
1864 1625 2050 1673 videtur
2081 1625 2172 1673 Ph.
2191 1625 2245 1680 ii,
2266 1628 2316 1673 4.
2336 1628 2365 1673 7
2422 1622 2646 1689 Amplius
2666 1625 2751 1674 de-

1695 1688 1987 1737 liberandum
2007 1703 2177 1737 censeo
2201 1688 2300 1736 Ph.
2317 1687 2372 1742 ii,
2393 1692 2442 1737 4.
2464 1692 2528 1738 17
2581 1688 2749 1738 Conti-

1694 1768 1792 1800 nuo
1828 1753 1930 1802 dari
1966 1754 2054 1802 tihi
2075 1753 2216 1801 verba
2235 1767 2400 1800 censes
2431 1749 2496 1802 ‘A-
2522 1752 2595 1814 iii,
2615 1758 2665 1802 2.
2685 1757 2748 1803 25

1693 1816 1854 1866 Alium
1875 1833 1978 1866 esre
1997 1833 2161 1866 censes
2178 1831 2306 1865 nunc
2327 1832 2419 1875 me,
2439 1823 2582 1879 atque
2603 1817 2751 1866 olim?

1697 1881 1760 1928 A.
1782 1880 1853 1938 iii,
1888 1886 1936 1931 8.
1963 1885 2024 1931 18
2074 1881 2204 1929 Num
2243 1895 2407 1929 censes
2444 1881 2657 1929 faceret?
2687 1880 2752 1930 A.

1697 1945 1767 2001 iii.
1791 1950 1842 1994 8.
1854 1949 1920 1996 46
1952 1945 2170 1993 Paullum
2186 1944 2412 1994 interesse
2428 1961 2591 1993 censes
2603 1944 2668 1993 A.
2683 1946 2754 2007 iv,

1693 2014 1746 2059 4.
1767 2015 1830 2059 55
1886 2008 2017 2066 Quid
2047 2009 2182 2057 illum
2217 2010 2416 2058 censes?
2448 2008 2514 2060 A.
2538 2026 2587 2071 v,
2609 2013 2660 2060 2.
2684 2015 2748 2060 12

1695 2073 1858 2129 Nunc,
1879 2074 1994 2137 quid
2030 2074 2299 2122 faciendum
2335 2089 2519 2131 censes,
2541 2073 2750 2123 Dorias?

1696 2137 1789 2185 Eu.
1807 2137 1874 2195 iv,
1895 2143 1945 2190 4.
1965 2143 2030 2188 58
2085 2137 2216 2195 Quid
2251 2145 2300 2186 te
2327 2138 2534 2186 futurum
2570 2154 2751 2196 censes,

1696 2217 1837 2265 quem
1870 2201 2056 2250 assidue
2094 2203 2335 2252 exedent?
2367 2202 2492 2250 Hea.
2514 2202 2589 2264 iii,
2613 2208 2661 2252 l.
2682 2208 2749 2253 58

1699 2267 1784 2314 Me
1804 2273 1989 2314 etatem
2009 2282 2171 2314 cenae·
2192 2265 2314 2315 velle
2332 2265 2384 2314 id
2407 2267 2750 2317 assimularier?

1697 2329 1820 2380 Hea.
1844 2331 1911 2388 iv,
1933 2334 1980 2380 8.
2004 2335 2068 2380 88
2101 2331 2152 2378 Si
2174 2329 2242 2377 ita
2262 2346 2448 2394 aequom
2469 2345 2632 2379 censes
2651 2330 2750 2379 Ad.

1693 2395 1761 2450 iv,
1784 2398 1832 2442 8.
1856 2398 1918 2443 10
1973 2394 2104 2452 Quid
2125 2394 2228 2442 illas
2249 2396 2450 2443 censes?
2483 2393 2601 2442 nihil
2622 2396 2750 2444 enirn

1696 2457 1792 2507 Ad.
1828 2458 1892 2516 iv,
1913 2464 1963 2509 5.
1985 2463 2050 2509 22
2102 2457 2175 2507 Ex
2247 2474 2308 2507 uo
2347 2475 2527 2517 censes,
2566 2459 2660 2509 nisi
2689 2477 2748 2510 ex

1696 2522 1812 2571 illo?
1845 2521 1938 2572 He.
1958 2523 2026 2581 ir,
2048 2528 2094 2572 1.
2118 2528 2178 2573 18
2261 2524 2402 2573 deou’
2421 2540 2498 2573 me
2519 2540 2621 2573 esse
2644 2541 2750 2589 per-

1695 2587 1903 2636 vicacem
1919 2588 2113 2637 censeo?
2147 2588 2240 2635 He.
2263 2588 2328 2644 iv,
2350 2592 2397 2638 1.
2413 2592 2480 2638 82
2528 2588 2748 2652 Ignarum

1696 2667 1860 2700 censen
1881 2660 2064 2700 tuarum
2086 2652 2390 2701 lacrumarum
2407 2669 2508 2701 esse
2525 2654 2632 2701 me?
2653 2654 2750 2706 He.

1696 2715 1761 2773 iv,
1785 2720 1836 2767 4.
1868 2721 1932 2766 58
1983 2717 2116 2773 Quot
2139 2731 2213 2765 me
2235 2733 2398 2765 censes
2418 2718 2630 2765 homines
2644 2718 2748 2783 jam

1539 2796 1625 2843 pa·
1694 2780 2018 2829 deverberasse
2037 2796 2188 2845 usquc
2207 2783 2269 2830 ad
2289 2782 2488 2831 necem?
2519 2781 2608 2831 Ph.
2632 2784 2684 2838 ii,
2697 2788 2756 2833 2.

1698 2848 1759 2893 18
1816 2844 2020 2893 Cenaen’
2041 2846 2188 2893 ullum
2209 2862 2286 2895 me
2310 2847 2500 2894 verbum
2537 2845 2750 2909 potuisse

1695 2908 2097 3022 {ffifflssijstffl’
2119 2916 2168 3022 1⁵2
2191 2914 2254 3025 ²1⁸¹
2266 2909 2752 3024 15³²¹¹53220¹35⁵221¹35

1695 3036 1820 3086 Hea.
1843 3038 1914 3094 iii,
1937 3042 1986 3087 8.
2010 3043 2076 3087 80
2118 3038 2258 3086 Vah!
2291 3038 2482 3087 censeu'
2513 3040 2750 3088 hominem

1696 3103 1920 3151 meesze?
1952 3102 2098 3150 erravi
2130 3103 2230 3151 Ad.
2269 3103 2332 3161 iv,
2353 3107 2402 3153 2.
2422 3107 2489 3152 40
2543 3103 2749 3153 censen·

1694 3173 1743 3213 te
1766 3182 1902 3229 posse
1933 3166 2132 3247 reperire
2163 3167 2302 3213 ullam
2333 3166 2573 3215 mulierem
2597 3168 2618 3214 ἓ
2651 3168 2749 3217 He.

1694 3229 1758 3284 iv,
1779 3234 1830 3279 4.
1853 3234 1917 3279 40
1965 3231 2060 3278 bed
2083 3247 2157 3279 me
2179 3230 2367 3279 censen’
2411 3230 2622 3293 potuisse
2640 3247 2746 3279 om·

1696 3294 1774 3341 nia
1793 3293 2058 3359 intelligere
2095 3302 2226 3343 extra
2261 3295 2432 3343 ostium
2455 3296 2474 3343 ?
2508 3295 2600 3347 Ph.
2621 3312 2672 3352 v,
2692 3300 2747 3347 6.

1694 3362 1755 3407 85
1808 3357 1906 3414 Qui
1928 3374 2114 3423 aequum
2135 3376 2236 3407 esse
2256 3366 2470 3421 censent,
2489 3374 2577 3407 nou
2591 3356 2695 3422 jam
2717 3376 2748 3408 a

1693 3422 1850 3485 pueris
1871 3422 2001 3472 illico
2024 3424 2152 3473 nasci
2163 3440 2298 3471 senes
2319 3424 2442 3472 Hea-
2459 3424 2514 3487 ii,
2538 3427 2586 3473 1.
2605 3429 2638 3473 2
2670 3424 2749 3471 Ita

1691 3486 1877 3543 faciam,
1914 3495 1969 3535 ut
1999 3488 2140 3537 frater
2171 3488 2355 3537 censuit
2385 3489 2475 3537 Ph.
2511 3503 2558 3546 v,
2595 3492 2644 3537 2.
2682 3493 2741 3538 11

1693 3548 1963 3600 Advertuut
2006 3552 2222 3616 graviter,
2264 3567 2373 3617 quae
2414 3568 2510 3601 non
2550 3566 2744 3599 censeas

1691 3614 1817 3666 Hea.
1839 3615 1913 3674 iii,
1935 3620 1985 3667 8.
2007 3621 2042 3666 9
2073 3617 2230 3673 Quam
2251 3617 2463 3665 severus!
2497 3631 2614 3673 rem,
2634 3632 2744 3665 cum

1690 3678 1872 3741 videas,
1891 3696 2082 3729 censeas
2114 3671 2238 3729 Heu.
2258 3698 2307 3739 v,
2329 3686 2378 3731 8.
2399 3686 2462 3731 21

1757 3743 1968 3793 Centies.
2029 3744 2138 3792 Nisi
2170 3745 2300 3793 idem
2321 3744 2502 3795 dictum
2537 3744 2600 3792 sit
2633 3756 2746 3793 cen·

1689 3806 1778 3856 ties
1809 3806 1930 3856 Hea-
1948 3825 1999 3867 v,
2021 3814 2067 3859 1.
2085 3812 2118 3857 8

1689 3936 1734 3984 E
1755 3872 2003 3987 Centutnod
2061 3872 2159 3922 Ubi
2195 3872 2423 3923 Centurio
2462 3880 2536 3922 est
2554 3871 2742 3938 Sanga?

1735 3952 1784 3986 u.
1807 3952 1875 3993 ιν,
1933 3971 1947 3988 .

1755 3998 2024 4049 Cerebrum.
2089 4000 2395 4051 Diminuetur
2426 4001 2514 4050 tibi
2550 3998 2742 4064 quidem

1687 4064 1784 4139 jam
1827 4066 2066 4115 cerebrum
2101 4065 2198 4114 Ad.
2227 4066 2294 4124 iv,
2333 4070 2485 4127 aaz
2541 4065 2620 4113 An
2657 4062 2746 4111 tibi

1683 4145 1786 4193 Jam
1813 4129 1960 4178 mavis
1992 4132 2229 4180 cerebrum
2262 4130 2471 4195 dispergi
2493 4130 2570 4179 hic
2593 4129 2612 4176 ?
2643 4126 2744 4176 Ad.

1691 4211 1736 4251 v,
1759 4200 1808 4245 2.
1828 4199 1859 4244 7
1914 4193 1985 4243 Ut
2019 4196 2206 4245 cerebro
2228 4195 2468 4261 dispergat
2483 4194 2607 4243 viani
2641 4192 2740 4243 Ad.

1688 4258 1762 4315 iii,
1784 4264 1834 4309 ,ο
1854 4262 1920 4309 1⁹

1755 4323 1914 4373 Ceret.
1976 4323 2090 4374 Sine
2127 4322 2296 4375 Cerere
2329 4331 2378 4373 et
2414 4323 2585 4373 Libero
2604 4320 2744 4385 friget
