3192 4975
1212 437 1291 490 tu
1342 433 1824 496 wssnssu'rtun.

428 591 439 602 ¹
468 577 684 638 'Eccum
715 585 909 638 Eceam.
968 585 1131 653 Atque
1150 589 1272 640 adeo
1291 591 1343 641 in
1372 591 1479 659 ipso

422 657 633 717 tempore
654 667 815 701 eccum
835 651 988 716 ipsum
1011 654 1197 703 obviam
1231 657 1296 705 A.
1327 658 1401 714 iii.
1426 665 1477 712 2.

422 723 491 767 62
538 717 701 780 Atque
742 730 907 764 eccum
928 735 941 764 ε
978 718 1118 766 video
1158 720 1310 784 ipsum
1355 723 1479 772 foras

422 782 547 829 exire
577 781 640 830 A.
662 779 731 840 iii,
754 785 799 828 3.
817 786 882 831 48
928 782 1030 830 Sed·
1046 798 1209 832 eccum
1231 785 1386 850 ipsum
1407 788 1485 836 viv

422 845 527 908 deo,
570 845 629 908 A.
672 843 745 900 iii,
772 849 822 894 4.
853 851 919 896 26
969 846 1163 896 Proviso
1209 850 1326 914 quid
1368 859 1481 916 agat

420 907 729 973 Pamphilus:
752 917 895 974 atque
911 925 1075 960 eccum
1108 913 1171 962 A.
1192 929 1239 971 ν,
1255 919 1305 963 6.
1331 920 1356 965 1
1381 916 1477 964 Sed

418 989 582 1022 eccum
606 973 962 1023 Parmenonem.
1004 975 1131 1025 salve
1153 976 1243 1026 Eu.
1265 978 1320 1036 ii,
1341 983 1391 1028 3.
1415 977 1481 1030 12

417 1037 511 1086 Sed
535 1051 697 1086 eccum
724 1039 921 1087 militem
952 1038 1046 1090 Eu.
1070 1041 1146 1103 iii,
1168 1047 1261 1092 1.6
1316 1043 1479 1108 Atque

416 1117 585 1150 eccum
608 1103 753 1157 salve,
769 1104 836 1150 mi
849 1102 1027 1152 Thraso
1058 1104 1150 1156 Eu.
1167 1106 1237 1163 iii,
1250 1111 1297 1157 2.
1314 1112 1347 1157 2
1378 1109 1481 1158 Ubi

417 1167 632 1214 centurio
653 1174 726 1215 est
745 1168 938 1231 Sanga?
988 1169 1068 1219 Sa.
1120 1170 1298 1218 Eccum
1342 1173 1479 1220 adest

418 1229 513 1280 Eu.
536 1231 605 1286 iv,
625 1236 674 1282 7.
694 1236 727 1280 6
779 1231 944 1280 virum
966 1233 1139 1280 bonum
1162 1251 1324 1284 eccum
1360 1237 1477 1285 Par·

419 1307 671 1344 menonem
708 1294 928 1344 incedere
969 1297 1111 1346 video
1166 1299 1259 1348 Eu.
1297 1316 1343 1358 v,
1372 1305 1422 1350 3.
1444 1307 1477 1352 9

417 1357 585 1424 Atque
606 1374 768 1408 eccum
788 1361 946 1410 video.
978 1361 1122 1410 adibo
1175 1362 1265 1412 Eu.
1302 1381 1349 1427 v,
1371 1370 1420 1416 7.
1444 1372 1478 1416 5

416 1421 598 1472 Eccum
620 1423 908 1472 Dromonem
927 1441 1035 1474 cum
1056 1426 1177 1490 Syro
1211 1427 1335 1477 Hea.
1354 1429 1407 1487 ii,
1427 1435 1477 1480 2.

422 1492 485 1538 12
522 1488 693 1552 Syrum
715 1489 893 1552 optime
912 1491 1110 1539 eccum!
1168 1491 1291 1540 Hea.
1326 1493 1391 1550 iv,
1426 1502 1476 1547 6.

418 1557 455 1602 9
486 1551 666 1601 Eccum
688 1554 791 1602 me!
815 1553 975 1617 inque.
1006 1555 1084 1604 cl.
1117 1555 1296 1605 Eccum
1319 1559 1395 1607 hic
1418 1558 1477 1606 ti·

417 1615 499 1664 bi!
534 1616 657 1666 Hea.
681 1617 746 1675 ir,
768 1622 817 1667 7.
842 1623 870 1668 1
930 1617 1027 1668 Hic
1068 1627 1251 1682 patrem
1293 1623 1477 1672 adstare

418 1681 609 1729 aiebas?
642 1681 747 1732 Me.
769 1681 975 1730 Eccum!
1010 1684 1133 1736 Hea.
1156 1703 1203 1742 v,
1226 1691 1275 1736 2.
1298 1691 1327 1736 7
1382 1687 1477 1735 Sed

417 1758 583 1794 eccum
620 1746 794 1810 Syrum
824 1746 893 1795 ire
926 1748 1098 1796 video!
1150 1749 1251 1799 Ad.
1280 1750 1351 1806 iii,
1374 1755 1423 1800 3.
1443 1756 1477 1800 7

418 1809 515 1859 Sed
534 1825 698 1860 eccum
718 1810 993 1860 sceleratum
1010 1812 1183 1876 Syrum
1221 1813 1320 1866 Ad.
1342 1815 1404 1871 iv,
1428 1819 1478 1865 2.

418 1879 483 1924 14
514 1874 610 1923 Sed
632 1891 799 1925 eccum
819 1875 1002 1940 ipsum!
1036 1877 1137 1927 Ad.
1159 1878 1228 1940 iv,
1246 1883 1292 1930 7.
1314 1884 1363 1929 2.
1382 1881 1477 1932 Ph.

416 1939 483 1997 iv,
504 1944 554 1990 2.
581 1944 645 1990 10
686 1940 863 1988 Eccum
900 1941 1036 1989 adest
1066 1943 1334 2007 corruptela
1358 1943 1480 1992 libe-

417 2015 521 2052 rum
552 2003 654 2054 Ad.
674 2021 723 2062 v,
746 2009 793 2056 3.
814 2009 849 2054 6
892 2004 987 2053 Sed
1022 2021 1185 2054 eccum
1215 2007 1475 2056 Demeam!

420 2067 520 2116 Ad.
539 2085 588 2126 v,
608 2073 659 2118 6.
678 2073 710 2118 2
742 2069 835 2117 Sed
860 2083 1042 2126 eccum,
1066 2070 1219 2120 Micio
1240 2073 1481 2135 egreditur

418 2133 546 2182 foras
575 2132 679 2185 Ad.-
694 2148 743 2190 V,
766 2137 817 2182 7.
840 2137 903 2182 26
962 2134 1123 2198 Atque
1156 2149 1320 2184 eccum
1360 2135 1481 2184 Phi:

419 2197 617 2264 dippum
640 2205 837 2262 optume
856 2197 999 2245 video
1036 2199 1131 2248 He.
1151 2199 1207 2256 ii,
1229 2203 1277 2248 2.
1299 2203 1331 2248 4
1384 2199 1483 2248 At-

417 2275 513 2326 que
533 2277 698 2311 eccum
721 2263 860 2310 video
878 2263 1037 2326 ipsum'
1060 2265 1222 2326 egredi
1272 2264 1369 2315 He.
1405 2265 1479 2323 iii,

418 2331 557 2378 2.-17
588 2326 737 2375 Atat!
770 2341 933 2375 eccum
971 2327 1151 2392 Phidip
1186 2343 1265 2376 um
1303 2336 1355 2377 et
1387 2344 1481 2394 pa-

418 2399 536 2440 trem
558 2391 697 2440 video
730 2391 824 2439 He.
844 2391 919 2453 iii,
938 2397 989 2442 4.
1012 2397 1074 2442 36
1192 2407 1298 2441 cum
1320 2393 1477 2456 ipsum

417 2457 558 2509 video
578 2456 631 2505 in
654 2464 863 2522 tempore
880 2457 973 2507 huc
996 2473 1046 2506 se
1065 2457 1272 2521 recipere
1311 2457 1401 2507 Ph.
1423 2458 1481 2519 ii,

419 2526 468 2572 4.
487 2526 554 2571 24
591 2521 787 2581 Eccum,
810 2522 871 2569 ab
893 2538 977 2570 sua
997 2522 1214 2585 palaestra
1233 2523 1331 2571 exit
1351 2524 1479 2572 foras

418 2587 514 2636 Ph.
538 2586 607 2644 iii,
628 2591 674 2636 1.
694 2591 761 2637 20
791 2586 885 2635 Sed
912 2586 1066 2650 video,
1085 2602 1240 2644 eccos,
1258 2603 1377 2651 quos
1390 2604 1481 2635 vo·

418 2650 573 2699 lebam
606 2651 731 2701 Hea.
754 2651 807 2707 ii,
822 2655 870 2700 3.
888 2654 949 2701 16
982 2651 1078 2699 Sed
1100 2666 1215 2699 ecca
1225 2650 1328 2715 ipsa
1344 2667 1476 2763 ege·

420 2714 549 2763 ditur
580 2714 673 2766 Eu.
695 2714 730 2771 i,
756 2721 802 2766 1.
826 2720 887 2765 34
922 2714 1015 2763 Sed
1038 2730 1199 2763 eccam
1212 2716 1365 2790 ipsam
1430 2732 1479 2763 u.

418 2779 487 2837 iv,
510 2786 560 2830 6.
580 2785 642 2830 12
692 2780 787 2828 Sed
809 2794 969 2828 eccam
988 2779 1216 2827 Thaidem
1235 2794 1387 2843 lpsam
1410 2780 1481 2827 vi-

420 2845 514 2893 deo
546 2845 639 2893 Eu.
671 2843 738 2901 iv,
758 2848 808 2893 7.
831 2848 893 2893 18
941 2843 1105 2905 Atque
1125 2859 1286 2891 eccam
1308 2843 1477 2891 video!

420 2909 518 2959 He.
540 2910 606 2965 iv,
629 2912 677 2958 1.
700 2913 732 2957 8
763 2907 857 2955 Sed
878 2907 1188 2963 Bacchidem,
1202 2916 1388 2965 eccam,
1409 2908 1483 2956 vi-

417 2974 514 3023 deo
536 2980 657 3020 stare
677 2976 787 3019 ante
804 2970 1002 3019 ostium!
1038 2970 1134 3019 He.
1153 2988 1200 3027 v,
1223 2976 1270 3021 4.
1289 2975 1351 3020 14

488 3036 683 3101 Ecquis,
704 3050 752 3097 a,
773 3035 821 3082 id
848 3036 921 3083 vel
944 3036 1024 3085 od.
1090 3034 1266 3099 Ecquis
1294 3050 1401 3083 cum
1424 3051 1482 3083 ea

420 3102 555 3149 una?
604 3100 783 3165 Ecquis
804 3113 907 3147 eam
931 3106 1091 3163 posset
1112 3101 1341 3148 noscere?
1386 3100 1478 3150 Eu.

420 3167 494 3226 iii,
516 3170 566 3217 3.
590 3170 674 3215 16.
700 3170 761 3215 17
796 3164 976 3228 Ecquis
994 3165 1071 3212 hic
1092 3164 1111 3211 ἓ
1134 3163 1228 3211 Eu.
1250 3164 1321 3226 iii,
1343 3168 1392 3212 3.
1415 3168 1481 3214 24

424 3230 604 3295 Ecquis
626 3246 700 3278 me
727 3229 845 3278 vivit
875 3229 1016 3277 hodie
1036 3228 1351 3277 fortunatior?
1387 3228 1480 3279 Eu.

421 3310 470 3353 v,
490 3300 543 3345 9.
568 3301 593 3345 1
648 3293 900 3357 Hospitem
944 3310 1143 3357 ecquem
1179 3293 1481 3356 Pamphilum

421 3360 501 3408 hic
522 3360 703 3407 habes?
737 3358 833 3408 He.
851 3376 899 3421 v,
920 3362 969 3407 3.
991 3364 1027 3408 6
1056 3358 1223 3421 Ecqua
1242 3358 1355 3405 inde
1372 3372 1479 3421 par·

422 3438 487 3471 va
506 3423 703 3487 perisset
722 3424 881 3471 soror?
916 3422 1005 3471 Eu.
1026 3422 1098 3478 iii,
1122 3425 1257 3497 ⁸·.¹⁵
1292 3422 1481 3517 Ecquid

423 3487 775 3615 ¹323&ss
797 3491 994 3615 {5023}ss
1017 3486 1361 3599 ..ῗέῗῶἶὲἕὲ
1375 3494 1489 3598 1331·-

424 3618 535 3665 cina
553 3618 707 3666 istac?
740 3616 833 3667 Eu.
856 3616 925 3674 iii,
949 3621 997 3667 2.
1021 3621 1051 3665 3
1098 3613 1203 3662 Rus
1238 3614 1371 3662 Sunii
1404 3630 1487 3663 ec-

426 3682 556 3743 quod
590 3683 827 3741 haberem,
856 3689 905 3729 et
937 3696 1077 3745 quam
1113 3680 1253 3743 longe
1284 3694 1315 3727 a
1335 3680 1483 3726 mari?

427 3745 519 3794 Eu.
541 3746 610 3805 iii,
631 3751 681 3796 3.
707 3750 769 3795 13
802 3746 933 3803 Quid
956 3746 1036 3793 tu?
1076 3744 1249 3809 ecquid
1284 3744 1359 3791 de·
1378 3743 1482 3801 illo,

425 3812 556 3875 quod
577 3812 758 3861 dudum
778 3817 932 3859 tecum
950 3810 1048 3874 egi,
1062 3809 1235 3873 egisti?
1269 3806 1392 3858 Hea.
1412 3808 1482 3866 iii,

426 3880 478 3925 3.
494 3879 559 3925 34
592 3874 782 3941 Ecqnid
802 3874 987 3923 locutus
1008 3890 1115 3923 cum
1130 3874 1287 3923 istaes
1319 3872 1411 3923 Ph.
1435 3889 1483 3931 v,

492 4004 646 4054 Edax.
710 4003 846 4052 Edax
922 4003 1135 4066 arasitus,
1186 4017 1305 4067 syco
1340 4002 1483 4051 hanta

428 4076 587 4120 autem
606 4069 859 4131 impudens
940 4082 1013 4115 ea.
1036 4067 1164 4117 Ptol.
1186 4072 1251 4116 38
1340 4066 1485 4113 arasi·

429 4142 531 4181 tum
552 4134 745 4183 edacem
778 4131 874 4183 Eu.
893 4131 1021 4182 Prot.
1043 4136 1107 4181 38
1148 4130 1293 4179 Alere
1314 4129 1485 4177 nolunt

426 4198 669 4247 hominem
690 4198 884 4246 edacem
918 4197 1011 4245 Ph.
1034 4194 1087 4257 ii,
1110 4199 1159 4245 2.
1180 4200 1243 4245 21

497 4262 669 4320 Edico.
732 4262 898 4324 Miles,
916 4276 1046 4308 nunc
1067 4260 1187 4313 adeo
1212 4258 1351 4309 edico
1380 4257 1483 4317 tibi,

432 4340 497 4375 ne
535 4324 626 4375 Eu.
654 4328 720 4390 iv,
739 4332 788 4378 7.
810 4331 878 4377 36
925 4325 1144 4391 Pythias,
1184 4323 1310 4383 dico,
1345 4324 1483 4372 edico

563 4408 735 4472 Delph.
752 4414 799 4459 et
814 4400 934 4459 Vter.
952 4408 1084 4457 Clas.

1388 4406 1499 4457 Iud.
1532 4406 1722 4457 Terent.

2421 439 2615 512 xcvii

1554 595 1709 656 vous,
1727 583 1944 648 nostium·
1958 613 2060 649 em
2079 599 2213 650 mum
2233 591 2440 653 uelem‘
2458 589 2620 658 filiuni

1552 660 1648 712 Eu.
1671 679 1720 720 V,
1743 667 1792 712 6.
1814 668 1880 713 20
1911 664 2076 722 Miles,
2097 667 2235 722 edico
2255 667 2362 732 tibi,
2379 667 2418 717 si
2449 669 2542 722 Eu.
2561 689 2616 736 ν)

1554 729 1604 776 9.
1625 730 1691 778 33
1723 726 1998 789 Edicit,·ne
2031 730 2102 778 vir
2133 731 2379 795 quisquam
2411 735 2474 782 ad
2505 749 2614 788 eam

1552 789 1724 850 adeat3
1765 798 1816 840 et
1849 793 1982 849 mihi,
2019 804 2095 843 ne‘
2115 790 2385 858 abscedam,
2415 797 2616 862 imperat

1554 853 1648 901 Eu.
1667 853 1740 911 iii,
1760 861 1810 906 6.
1834 861 1900 906 30
1931 857 2122 906 Edixin'
2145 861 2266 908 tihi?
2287 860 2614 914 interminatus

1553 929 1678 979 sum,
1700 935 1761 967 ne
1778 920 1988 970 faceres?
2021 922 2085 972 A.
2106 923 2178 982 iii,
2199 929 2248 974 2.
2270 927 2330 974 16
2365 925 2456 973 Ibo
2472 927 2614 1004 intro²

1553 987 1699 1046 atque
1717 983 1902 1033 edicam
1923 987 2086 1052 servis,
2118 1004 2180 1038 ne
2202 1003 2440 1056 quoquam
2459 991 2618 1044 efferri

1554 1047 1714 1095 sinant
1743 1048 1839 1096 He.
1859 1049 1927 1107 iv,
1950 1053 2002 1102 1.
2019 1057 2084 1102 60
2157 1071 2164 1078 ·
2259 1079 2270 1088 ·
2437 1071 2444 1082 ⁴
2549 1075 2562 1086 ’
2589 1063 2616 1112 .‘

1621 1111 1886 1162 Edictumae
1928 1114 2008 1164 Ne
2029 1116 2146 1181 quid
2163 1117 2326 1166 credas
2347 1133 2424 1167 me
2443 1119 2618 1168 advor-

1554 1187 1657 1222 sum
1700 1177 1908 1226 edictum
1947 1186 2080 1229 tuum
2115 1181 2270 1230 facere
2309 1197 2412 1231 esse
2449 1198 2618 1234 ausam

1553 1239 1678 1288 Hea.
1699 1240 1762 1298 iv,
1787 1246 1836 1292 1.
1857 1246 1922 1292 10

1620 1303 1744 1364 Edo,
1766 1322 1836 1362 es,
1852 1315 1966 1356 est.-
2003 1308 2122 1358 Heri
2144 1309 2324 1359 coimus
2341 1309 2391 1358 in
2409 1309 2612 1370 Piraeo,

1552 1367 1606 1480 ἱέι
1638 1370 1766 1419 hunc
1803 1370 1932 1420 diem
1969 1381 2024 1421 ut
2052 1375 2114 1422 de
2147 1375 2374 1440 symbolis
2403 1389 2613 1426 minus

1597 1448 1647 1482 u.
1671 1433 1742 1497 iii,
1763 1439 1812 1486 4.
1827 1440 1860 1485 2
2461 1445 2468 1450 “

1618 1496 1743 1554 Edo,
1789 1500 1880 1548 dis.
1944 1499 2156 1566 Uterque
2195 1501 2249 1552 in
2297 1509 2346 1552 te
2396 1505 2616 1570 exempla

1552 1561 1698 1610 edent
1730 1561 1821 1611 Eu.
1842 1581 1891 1622 v,
1913 1568 1962 1613 7.
1982 1570 2044 1615 21

1619 1625 1831 1675 Edoceo.
1896 1629 2134 1677 Phanium
2153 1631 2385 1688 edocebo,
2410 1647 2472 1680 ne
2493 1632 2610 1695 quid

1554 1697 1768 1738 vereatur
1793 1692 2118 1742 Phormionem
2152 1696 2242 1745 Ph.
2277 1712 2324 1752 v,
2347 1700 2395 1745 2.
2417 1699 2480 1746 17
2527 1697 2612 1753 In·

1552 1754 1716 1864 vergias
1751 1758 2154 1871 grgentiulrlu.mG‹;
2186 1760 2354 1872 yupio
2375 1779 2388 1808 ε
2435 1761 2520 1810 sed
2557 1762 2612 1809 id

1554 1833 1872 1875 une‚eoce
1985 1838 2094 1879 au,
2151 1855 2164 1870 .
2611 1840 2619 1851 ·

1560 1907 1567 1914 ·
1621 1882 1914 1934 Edormisco.
1976 1886 2233 1935 Inter-cain
2268 1888 2492 1952 angulum
2523 1888 2614 1936 ali-

1551 1961 1652 2064 221⁰
1671 1949 1857 2011 abeam,
1877 1959 2020 2018 atque
2039 1951 2350 2000 edormiscam
2380 1954 2472 2002 hoc
2509 1953 2618 2003 vini

1637 2043 1652 2058 .
1674 2027 1723 2069 v,
1745 2017 1792 2062 2.
1816 2018 1876 2065 11
1911 2035 1918 2043 ·
2317 2056 2326 2064 .
2417 2057 2424 2064 .

1620 2075 1923 2140 Εάιιοοιιῐε.
1987 2078 2060 2126 Ex
2079 2094 2174 2142 qua
2195 2080 2342 2128 filiam
2369 2079 2578 2143 suscepit
2597 2097 2618 2128 ·.·

1553 2146 1605 2186 et
1624 2150 1726 2187 eam
1748 2141 1871 2188 clam
1892 2142 2066 2190 educat
2095 2143 2188 2190 Ph.
2210 2159 2257 2199 v,
2281 2147 2332 2202 7.
2351 2148 2419 2191 60
2451 2144 2614 2192 Mater

1554 2203 1640 2250 ubi
1660 2206 1864 2268 accepit,
1897 2205 2296 2268 coepitstudiose
2333 2207 2492 2254 omnia
2525 2207 2616 2255 (10·ι

1553 2282 1678 2324 cere,
1701 2269 1918 2328 educare,
1935 2271 2006 2318 ita
2027 2270 2096 2317 uti
2113 2270 2154 2317 si
2175 2278 2299 2319 esset
2329 2269 2429 2317 filia
2461 2271 2555 2321 Eu.
2578 2271 2615 2328 i,

1551 2335 1602 2380 2.
1624 2336 1688 2382 37
1711 2331 1843 2381 -Una
1863 2349 1894 2381 a
1913 2334 2071 2398 pueris
2091 2333 2294 2399 parvolis
2315 2345 2476 2383 sumus
2495 2335 2620 2383 edu·-

1552 2395 1649 2444 cati
1679 2394 1779 2445 Ad.
1801 2397 1873 2455 iii,
1896 2403 1946 2448 4.
1962 2402 2029 2449 49
2600 2415 2618 2434 ¹·

1560 2488 1567 2495 ·
1618 2458 1809 2523 Educn,
1837 2477 1933 2513 ere.
1975 2461 2088 2514 Alo.
2153 2461 2311 2511 Eduxi
2352 2475 2382 2511 a
2417 2464 2614 2529 parvulo

1553 2523 1656 2575 Ad.
1679 2524 1716 2581 i,
1742 2531 1789 2577 1.
1812 2530 1876 2576 23
1912 2528 2093 2576 Eduxit
2112 2535 2262 2577 mater
2280 2542 2366 2591 pro
2386 2543 2472 2576 sua
2517 2530 2618 2580 Eue

1552 2588 1591 2645 i,
1611 2594 1662 2640 2.
1682 2595 1748 2640 76
1788 2590 1925 2639 Tune
1945 2592 2024 2641 hie
2039 2593 2256 2639 homines
2285 2591 2618 2642 adolescent&

1555 2652 1646 2709 los,
1665 2653 1906 2715 imperitos
1923 2670 2097 2717 rerum,
2135 2657 2334 2704 eductos
2363 2656 2525 2715 libere,
2559 2658 2618 2706 in

1551 2716 1764 2764 fraudem
1783 2718 1955 2767 inicis?
1988 2717 2125 2777 A.,v,
2147 2724 2198 2769 4.
2219 2725 2252 2769 8
2305 2719 2384 2767 Ita
2402 2736 2486 2768 eos
2506 2735 2618 2770 meo

1552 2779 1712 2827 labore
1733 2782 1930 2830 eductos
1949 2797 2185 2839 maxumo,
2227 2782 2306 2831 hic
2339 2783 2456 2831 fecit
2487 2800 2618 2842 suos,

1552 2843 1717 2906 paullo
1739 2852 1895 2893 sumtu
1927 2843 2026 2894 Ad.
2048 2862 2097 2902 v,
2117 2850 2168 2895 4.
2190 2849 2278 2895 21·
2307 2846 2496 2894 Educta
2526 2848 2616 2905 ita,

1553 2908 1628 2954 uti
1645 2914 1786 2970 teque
1804 2909 1981 2973 illaque
2000 2910 2194 2973 dignum
2233 2915 2306 2958 est
2351 2909 2448 2973 Eu..
2477 2910 2544 2975 vi,
2561 2916 2614 2963 6.

1460 2990 1471 3003 ·
1555 2976 1622 3019 10
1654 2972 1815 3020 Habet
1835 2974 1960 3023 bene
1980 2989 2036 3021 ac
2058 2974 2232 3037 pudice
2265 2974 2503 3032 eductam,
2541 2976 2620 3039 ig-

1554 3050 1714 3083 naram
1756 3037 1866 3085 artis
1905 3037 2178 3085 meretriciae
2231 3036 2357 3087 Hea.
2393 3039 2446 3095 ii,
2479 3043 2526 3088 1.
2550 3045 2614 3091 14

1554 3099 1692 3149 Bene
1714 3108 1764 3149 et
1784 3102 1957 3164 pudice
1979 3100 2294 3167 ejusodoctum
2309 3107 2452 3165 atque
2469 3103 2622 3152 educ-

1554 3170 1655 3211 tum
1689 3166 1840 3213 sinam
1875 3173 2093 3215 coactum
2123 3172 2332 3229 egestate
2367 3166 2615 3231 ingenium

1555 3228 1842 3277 immutarier
1857 3230 1892 3277 ?·
1912 3227 1977 3279 A:
1997 3230 2033 3291 i,
2054 3237 2104 3279 5.
2125 3234 2192 3279 29
2258 3260 2270 3267 -
2543 3256 2550 3265 ·
2607 3255 2614 3265 ·

1618 3293 1804 3343 Educo.
1838 3294 2074 3358 Proripio.
2107 3294 2218 3351 Qua
2233 3308 2308 3343 me
2326 3300 2518 3358 propter
2534 3310 2622 3343 ex*

1553 3358 1810 3407 animatum
1852 3358 1998 3407 citius
2035 3359 2182 3408 eduxi
2223 3359 2348 3407 foras
2402 3358 2500 3407 He.
2539 3360 2618 3420 iii,

1621 3487 1800 3537 Effer-o.
1865 3487 1968 3537 Hic
2021 3504 2098 3537 me
2159 3487 2409 3551 magnifice
2467 3484 2614 3535 effero

1553 3550 1680 3601 Hea.
1702 3552 1766 3609 iv,
1785 3555 1834 3600 3.
1856 3557 1916 3601 31
1952 3550 2083 3602 Abi:
2105 3553 2221 3601 effer
2240 3557 2500 3614 argentum.
2521 3549 2618 3599 Ch.

1554 3614 1713 3663 Effer-o
1766 3616 1890 3665 Hea.
1929 3618 1996 3679 iv,
2017 3624 2068 3667 6.
2091 3622 2158 3666 56
2209 3616 2342 3663 Num
2384 3614 2618 3678 quidnam

1555 3680 1723 3727 effert?
1756 3680 1854 3731 Ad.
1883 3681 1941 3743 ii,
1964 3686 2014 3731 4.
2039 3686 2066 3731 1
2123 3680 2335 3728 Verbum
2371 3680 2434 3727 de
2470 3680 2614 3731 verbu

1554 3760 1822 3807 expressum
1841 3745 2014 3793 extulit
2051 3744 2151 3794 Ad.
2174 3744 2304 3791 Prol.
2325 3746 2400 3795 11,
2442 3740 2622 3791 Cistel-

1554 3807 1669 3867 lam,
1690 3808 1913 3875 Pythias,
1926 3809 2068 3857 domo
2083 3808 2202 3856 effer
2216 3823 2324 3856 cum
2336 3821 2616 3854 monumen·

1555 3874 1620 3920 tis
1663 3873 1757 3922 Eu.
1776 3875 1844 3936 iv,
1862 3878 1911 3921 6.
1933 3878 1996 3923 16
2042 3872 2142 3921 Abi
2163 3888 2176 3919 ε
2219 3871 2336 3919 effer
2370 3879 2616 3933 argeutum

1555 3936 1769 3999 Hea.-iv,
1792 3945 1840 3987 6.
1861 3941 1925 3987 66
1976 3936 2188 3985 Efferant
2208 3951 2314 3999 quoe
2335 3950 2501 3982 secum
2518 3937 2618 3985 huc

1555 4002 1814 4051 attulerunt
1846 4001 1968 4049 Hea.
1989 4000 2055 4059 iv,
2076 4006 2125 4051 4.
2147 4004 2210 4049 23
2255 3998 2517 4060 Interdico,
2551 4014 2622 4065 ne»

1557 4066 1780 4115 extulisse
1803 4074 1931 4114 extra
1953 4067 2078 4114 aedes
2099 4080 2294 4127 puerum
2316 4078 2513 4126 usquam
2535 4078 2620 4113 ve-

1556 4130 1616 4178 lis
1648 4130 1745 4180 He.
1767 4130 1835 4188 ἰν,
1858 4133 1906 4181 1.
1927 4134 1993 4179 48
2041 4128 2248 4177 Effertur
2265 4145 2282 4178 z
2318 4127 2442 4175 imus
2488 4127 2552 4175 A.
2577 4128 2614 4185 i,

1476 4208 1485 4223 ¹
1558 4199 1693 4256 1.·90
1741 4194 1884 4251 Quod
1919 4193 2114 4243 minime
2151 4200 2225 4241 est
2254 4208 2378 4257 9pus
2414 4206 2616 4256 usquam

1558 4258 1712 4307 efferri
1745 4258 1844 4310 Ad.
1863 4251 1930 4315 iv',
1949 4263 1999 4309 4.
2022 4262 2087 4307 16
2123 4256 2320 4306 Edicam
2357 4256 2516 4312 servis,
2551 4272 2614 4305 ne

1559 4338 1798 4388 quoquam
1840 4323 1994 4373 efferri
2035 4322 2199 4373 sinant
2243 4321 2340 4372 He.
2377 4320 2446 4385 iv,
2477 4326 2526 4369 1.
2547 4326 2616 4370 60

2427 4400 2490 4451 Ν
