3192 4975
576 405 717 474 xcii

576 580 696 620 mem
716 567 845 619 domi
866 576 1050 618 curetur
1072 567 1321 634 diligenter
1374 569 1467 622 He.
1496 571 1550 627 ii,
1574 575 1625 622 2.

580 641 642 684 15
692 635 761 684 Te
784 642 974 699 propter
994 641 1123 681 tuam
1146 641 1337 683 matrem
1359 650 1455 682 non
1488 651 1628 698 posse

577 701 748 748 habere
768 701 890 748 hanc
916 713 1103 746 uxorem
1124 699 1255 746 domi
1290 700 1385 748 He.
1407 700 1471 761 iv,
1493 705 1541 749 4.
1563 704 1629 749 56

577 761 659 811 Illi
677 774 818 820 certe,
841 777 948 827 quae
969 777 1095 811 nunc
1116 763 1203 810 tibi
1224 764 1354 812 domi
1390 772 1479 828 est,
1510 779 1628 812 con-

578 829 750 875 suleres
800 828 889 876 Ph.
908 827 979 883 iii,
1007 830 1107 876 l.4
1161 827 1274 887 Cui,
1316 829 1443 892 quod
1484 844 1629 884 amas,

579 891 707 939 dorni
729 899 803 940 est
834 891 925 939 Ph.
943 891 1016 949 iii,
1034 897 1083 940 2.
1105 897 1168 941 19
1202 890 1572 955 Demiphonem‚
1588 891 1630 940 si

578 955 707 1002 domi
728 965 816 1012 est,
836 955 983 1003 visam
1016 956 1108 1004 Ph.
1131 961 1239 1014 v,⁷.
1260 961 1289 1005 5
1324 957 1418 1006 Abi
1438 963 1630 1004 domum

576 1019 644 1069 A.
668 1021 701 1075 i,
726 1025 771 1068 5.
792 1024 873 1070 20.
907 1035 953 1075 v,
973 1025 1022 1070 6.
1045 1023 1126 1070 14.
1150 1019 1246 1070 Ad.
1266 1021 1331 1078 iv,
1355 1027 1405 1070 5.
1422 1025 1487 1070 65
1526 1021 1630 1068 Do·

580 1099 708 1131 mum
736 1085 878 1132 modo
910 1084 1010 1144 ibo,
1052 1091 1105 1131 ut
1141 1093 1441 1148 apparentur,
1473 1085 1630 1133 dicam

576 1147 641 1194 A.
662 1148 735 1208 iii,
750 1152 800 1196 4.
824 1153 885 1198 15
938 1147 987 1195 Is
1018 1148 1163 1196 hodie
1187 1157 1433 1198 venturum
1472 1151 1531 1198 ad
1553 1165 1630 1198 me

577 1212 825 1260 constituit
864 1213 1055 1260 domurn
1110 1213 1201 1260 Eu.
1232 1213 1266 1270 i,
1295 1218 1343 1263 2.
1368 1218 1460 1263 125
1518 1215 1630 1270 Quo

576 1291 705 1324 nunc
727 1276 798 1324 is?
842 1275 929 1326 Pa.
950 1275 1159 1324 Domum
1193 1277 1285 1326 Eu.
1310 1278 1363 1334 ii,
1386 1283 1434 1329 3.
1457 1283 1518 1326 ⁷1
1582 1278 1629 1326 Ο

518 1387 537 1404 ,
576 1341 861 1388 fortunatum
884 1339 1184 1398 Eunuchum,
1213 1341 1295 1404 qui
1318 1342 1369 1389 in
1401 1343 1523 1390 hanc
1545 1344 1630 1390 de-

578 1411 654 1452 tur
674 1404 895 1452 domum!
931 1405 1023 1452 Eu.
1048 1405 1099 1462 ii,
1124 1409 1170 1454 3.
1191 1410 1253 1454 73
1300 1408 1378 1454 An
1414 1407 1463 1454 id
1499 1406 1631 1469 flagi-

579 1470 698 1516 tium
732 1477 820 1524 est,
859 1470 899 1516 si
922 1469 974 1516 in
1008 1470 1199 1517 domurn
1222 1471 1525 1519 meretriciam
1548 1471 1631 1518 de-

577 1533 759 1582 ducar?
793 1533 883 1583 Ειι.
903 1532 959 1592 ii,
981 1537 1028 1582 3.
1052 1537 1117 1582 90
1171 1533 1270 1581 Ubi
1316 1551 1388 1582 me
1426 1535 1632 1597 accepit,

580 1597 689 1645 loeta
720 1598 780 1644 ad
820 1614 871 1645 se
906 1598 1101 1645 abducit
1136 1598 1328 1645 domum
1377 1597 1468 1649 Eu.
1490 1599 1559 1652 iii,
1582 1605 1632 1647 5.

578 1665 643 1710 28
677 1662 786 1710 Nisi
806 1662 845 1708 si
879 1662 1071 1710 domurn
1106 1661 1225 1710 forte
1268 1664 1327 1710 ad
1365 1679 1450 1709 nos
1493 1663 1632 1711 rediit

578 1724 672 1775 Eu.
694 1726 763 1782 iv,
785 1731 832 1775 3.
854 1729 919 1774 20
972 1725 1132 1772 Visam
1153 1727 1343 1773 domum
1399 1727 1492 1773 Eu.
1512 1744 1560 1783 v,
1583 1733 1632 1776 9.

579 1793 644 1838 12
677 1789 932 1852 Nunquam
956 1797 1049 1836 tam
1073 1805 1210 1838 mane
1230 1790 1462 1853 egredior,
1477 1807 1633 1854 neque

577 1858 673 1900 tam
693 1854 877 1918 vesperi
896 1855 1087 1901 domum
1112 1863 1331 1910 revortor,
1350 1855 1464 1918 quin
1509 1855 1632 1904 Hea.

578 1917 613 1972 i,
639 1923 686 1966 l.
713 1923 769 1968 15
822 1917 1031 1964 Domum
1052 1927 1255 1966 revortor
1274 1927 1465 1966 moestus
1508 1918 1632 1967 Hea.

576 1981 616 2037 i,
637 1985 683 2030 1.
704 1987 768 2031 70
818 1981 990 2029 Dicam
1026 1991 1079 2028 ut
1114 1990 1403 2030 revortantur
1438 1984 1631 2031 domum

580 2045 702 2094 Heu.
736 2045 792 2102 ii,
824 2050 872 2094 3.
903 2051 968 2095 99
1024 2046 1248 2094 Concede
1288 2048 1397 2094 hinc
1440 2048 1632 2095 domum

578 2109 702 2159 Hea.
719 2110 794 2167 iii,
819 2115 867 2159 1.
890 2113 955 2158 90
1004 2111 1290 2159 convortam
1328 2126 1400 2158 me
1440 2113 1634 2159 domum

576 2189 684 2223 cum
705 2174 902 2222 obsonio
935 2173 1033 2221 Ad.
1055 2175 1107 2230 ii,
1129 2180 1177 2224 4.
1199 2180 1264 2225 22
1305 2174 1338 2223 J
1340 2191 1479 2223 urans
1498 2192 1550 2223 se
1572 2176 1633 2224 il-

575 2239 672 2286 lam
693 2242 940 2287 ducturum
964 2240 1153 2285 domum
1186 2239 1285 2287 Ad.
1300 2240 1513 2295 ἱίἰ,4.27
1548 2239 1632 2287 Ad

578 2318 653 2349 me
675 2304 879 2350 abducta
900 2309 973 2348 est
993 2303 1185 2350 domum
1236 2304 1331 2353 Ad.
1374 2303 1441 2360 iv,
1476 2307 1527 2351 4.
1570 2309 1632 2352 18

576 2365 715 2413 Illam
758 2367 859 2413 sine
893 2373 976 2412 tua
1009 2381 1157 2428 opera
1190 2367 1241 2413 in
1276 2367 1543 2414 cubiculum
1577 2369 1634 2414 iri

575 2430 836 2478 deductum
869 2429 1097 2476 domum?
1142 2430 1237 2480 Ad.
1260 2431 1324 2486 iv,
1346 2437 1395 2478 5.
1420 2434 1484 2479 60
1536 2430 1632 2480 Sed

576 2510 662 2542 cur
682 2508 778 2542 non
800 2496 991 2541 domum
1026 2510 1214 2542 uxorem
1250 2495 1482 2543 arcessis?
1534 2495 1633 2547 Ad.

577 2574 625 2615 v,
648 2563 697 2609 7.
720 2565 749 2607 5
785 2557 940 2607 Unam
962 2557 1037 2604 fac
1059 2560 1247 2606 domum
1300 2560 1399 2608 Ad.
1422 2575 1469 2615 v,
1492 2563 1539 2607 7.
1568 2566 1589 2609 l
1604 2566 1628 2609 1

577 2622 781 2670 Turbam
802 2623 993 2669 domum
1024 2622 1230 2670 adducet
1283 2622 1379 2671 Ad.
1424 2640 1473 2679 v,
1495 2628 1542 2671 7.
1568 2629 1630 2674 14

576 2686 837 2749 Nunquam
877 2685 961 2733 illa
1004 2687 1111 2733 viva
1149 2688 1397 2735 ducturum
1442 2703 1633 2736 uxorem

578 2752 771 2799 domum
822 2751 918 2798 He.
958 2751 992 2805 i,
1025 2756 1074 2799 1.
1105 2756 1135 2799 5
1190 2750 1394 2799 Uxorem
1438 2753 1634 2801 deducit

578 2816 771 2863 domum
804 2814 900 2863 He.
922 2814 958 2876 i,
977 2818 1026 2863 2.
1049 2820 1117 2863 60
1166 2816 1321 2878 Seque
1345 2823 1471 2877 ante,
1492 2832 1634 2878 quam

578 2894 683 2928 eam
704 2894 894 2928 uxorem
930 2879 1140 2933 duxisset
1176 2881 1386 2942 domum,
1424 2896 1636 2942 sperasse

577 2944 673 2992 He.
694 2945 732 3007 i,
752 2949 802 2995 2.
822 2948 885 2993 71
938 2944 1036 2992 Sed
1059 2958 1154 2991 non
1188 2946 1369 2992 credidi
1404 2946 1543 3001 adeo,
1582 2954 1636 2994 ut

579 3008 723 3056 etiam
760 3017 906 3056 totam
938 3008 1061 3056 hanc
1099 3009 1276 3056 odisset
1314 3010 1505 3056 domum
1539 3009 1634 3059 He.

577 3072 634 3129 ii.
657 3080 706 3123 1.
727 3076 791 3122 24
843 3072 915 3119 Eo
938 3072 1147 3128 domum,
1172 3074 1341 3121 studeo
1364 3074 1483 3131 haec,
1509 3074 1634 3135 prius

578 3152 721 3201 quam
735 3138 832 3199 ille,
851 3144 905 3183 ut
920 3139 1084 3185 redeat
1116 3138 1207 3185 He.
1231 3138 1283 3194 ii,
1301 3143 1349 3187 2.
1366 3142 1429 3187 20
1464 3138 1634 3186 Filium

578 3209 797 3264 expecto,
818 3208 873 3247 ut
902 3202 1064 3248 redeat
1091 3201 1284 3248 domum
1337 3201 1429 3249 He.
1452 3202 1507 3257 ii,
1530 3206 1577 3249 3.
1601 3208 1632 3251 7

576 3265 793 3314 Haecine
834 3279 976 3311 causa
1006 3279 1129 3311 eram
1164 3265 1366 3325 cupidus
1405 3266 1636 3315 redeundi

578 3331 772 3375 domum
794 3328 812 3374 ?
845 3328 941 3378 He.
964 3328 1034 3384 iii,
1059 3332 1101 3375 l.
1124 3332 1154 3375 3
1210 3327 1324 3376 Non
1362 3328 1519 3376 sciunt
1540 3330 1634 3393 ipsi

577 3392 722 3451 viam,
739 3391 931 3438 domum
953 3406 1049 3453 qua
1070 3393 1294 3440 redeant?
1338 3392 1432 3440 He.
1470 3392 1547 3449 iii,
1582 3400 1633 3446 2.

484 3455 492 3460 “
578 3459 642 3505 25
694 3455 891 3504 Vovisse
912 3457 1039 3503 hunc
1061 3456 1236 3513 dicam,
1274 3457 1312 3504 si
1349 3458 1501 3505 salvos
1545 3459 1632 3507 do—

576 3534 707 3567 mum
728 3520 924 3568 redisset
969 3519 1064 3569 He.
1102 3521 1167 3578 iii,
1190 3526 1237 3570 4.
1262 3525 1326 3571 20
1380 3521 1459 3569 Ne
1500 3538 1633 3571 reve-

578 3593 749 3647 reatur,
786 3585 940 3631 minus
970 3585 1073 3647 jam
1109 3601 1205 3648 quo
1242 3587 1403 3635 redeat
1438 3587 1631 3637 domurn

578 3650 677 3699 He.
710 3650 780 3712 iv,
798 3653 848 3699 4.
874 3653 905 3697 8
941 3648 1134 3707 Videte,
1168 3650 1404 3699 remissan'
1427 3666 1547 3714 opus
1570 3654 1634 3699 sit

578 3714 728 3770 vobis,
749 3730 811 3761 an
832 3715 1028 3762 reducta
1046 3715 1239 3761 domum
1286 3715 1376 3763 He.
1408 3715 1474 3771 iv,
1494 3720 1543 3767 4.
1566 3721 1631 3765 43

576 3778 799 3836 Memini,
836 3779 897 3826 ad
931 3794 1008 3826 me
1038 3779 1293 3843 confugere
1334 3780 1632 3829 anhelantem

577 3845 770 3891 domum
822 3843 918 3891 He.
953 3859 1004 3902 v,
1034 3848 1081 3891 3.
1117 3847 1179 3892 25
1231 3843 1325 3892 Hic
1370 3844 1633 3893 solebamus

578 3924 681 3956 eam
704 3908 927 3971 opperiri,
946 3908 1059 3954 dum
1080 3908 1195 3953 inde
1216 3908 1304 3954 iret
1324 3908 1515 3955 domum
1541 3910 1631 3957 Ph.

576 3973 614 4029 i,
636 3972 686 4023 2.
711 3978 775 4022 40
809 3971 1017 4020 Domum
1040 3972 1108 4020 ire
1131 3986 1321 4034 pergam
1346 3989 1359 4018 t
1390 3972 1462 4019 ibi
1484 3973 1631 4034 pluri-

579 4052 706 4084 mum
728 4044 801 4084 est
833 4037 925 4084 Ph.
946 4036 981 4092 i,
1002 4040 1050 4084 4.
1077 4039 1134 4084 17
1186 4036 1295 4091 Qua
1327 4035 1504 4083 ratione
1526 4037 1630 4085 ino-

578 4115 687 4162 pem
711 4102 869 4163 potius
890 4101 1095 4148 ducebat
1112 4100 1305 4146 domum
1325 4099 1342 4145 ?
1387 4099 1477 4147 Ph.
1501 4100 1559 4161 ii,
1581 4107 1630 4151 1.

578 4167 645 4211 68
678 4163 747 4211 At
762 4180 853 4228 ego
876 4164 1007 4212 Deos
1030 4165 1233 4212 Penates
1255 4163 1367 4212 hinc
1382 4164 1632 4213 salutatum

580 4227 771 4274 domum
811 4229 1025 4275 devertar
1078 4229 1169 4277 Ph.
1202 4228 1257 4285 ii.
1282 4233 1328 4278 1.
1348 4232 1403 4279 81
1467 4228 1632 4289 Dices,

580 4290 758 4339 ducent
778 4292 1047 4340 damnatum
1071 4293 1260 4342 domum
1308 4291 1398 4341 Ph.
1420 4293 1473 4352 ii,
1494 4299 1543 4344 2.
1560 4300 1632 4346 20

1570 416 1820 484 rapax

1704 569 1801 619 Abi
1823 579 1873 618 tu
1892 586 1907 630 ;
1926 569 2042 626 vise,
2059 569 2306 618 redieritne
2315 568 2438 632 jam,
2455 581 2520 618 an
2531 571 2779 630 nomionis

1704 637 1894 683 domum
1931 635 2020 682 Ph.
2042 634 2099 690 ii,
2121 639 2175 684 4.
2197 639 2228 683 5
2273 635 2452 683 Verum
2475 635 2550 682 abi
2573 636 2765 684 domum

1705 699 1794 748 Ph.
1812 699 1882 756 iii,
1905 703 1953 748 3.
1977 702 2037 748 31
2079 697 2211 746 Uxor
2233 699 2457 747 ducenda
2477 705 2550 746 est
2570 701 2764 748 domum

1704 763 1798 812 Ph.
1837 763 1906 819 iv,
1930 768 1982 812 4.
2005 767 2066 812 13
2121 763 2266 810 Nunc
2309 763 2420 810 hinc
2457 764 2649 810 domum
2687 765 2768 812 ibo

1704 827 1796 875 Ph.
1818 845 1866 885 v,
1888 831 1938 876 2.
1963 832 2024 876 17
2077 826 2252 890 Neque
2295 842 2373 875 me
2410 827 2600 874 domum
2637 843 2767 878 nunc

1705 893 1959 954 reciperem
2012 892 2104 940 Ph.
2144 909 2190 946 v,
2215 895 2318 942 42⁷
2374 889 2528 938 Recta
2570 892 2766 940 domum

1704 972 1862 1004 sumus
1884 955 2083 1019 profecti
2119 955 2280 1012 Phkv,
2303 960 2352 1003 6.
2376 959 2440 1004 19
2471 954 2594 1002 Perii
2615 956 2626 1002 !
2652 972 2762 1004 nam

1705 1023 1847 1068 domo
1865 1021 2002 1067 exulo
2025 1035 2153 1066 nunc
2201 1020 2293 1067 Eu.
2312 1019 2388 1075 iii,
2411 1025 2461 1068 5.
2485 1023 2549 1068 62
2602 1019 2768 1083 Suspi-

1704 1101 1800 1141 cor,
1825 1083 2008 1147 aliquid
2042 1085 2185 1131 domo
2221 1085 2476 1130 abeuntem
2515 1084 2768 1134 abstulisse

1707 1149 1798 1199 Eu.
1819 1149 1886 1204 iv,
1907 1153 1957 1196 3.
1982 1153 2046 1197 19
2079 1148 2177 1195 Abi
2193 1155 2264 1204 tu,
2283 1147 2529 1203 cistellam,
2548 1148 2766 1212 Pythias,

1705 1214 1848 1261 domo
1869 1213 1984 1260 effer
2006 1227 2111 1260 cum
2135 1211 2450 1259 monumentis
2504 1211 2595 1260 Eu.
2628 1213 2694 1268 iv,
2717 1217 2770 1262 6.

1708 1282 1768 1326 15
1805 1276 1925 1333 Quis
1947 1279 2086 1324 homo
2109 1292 2193 1339 pro
2213 1277 2398 1323 moecho
2422 1291 2630 1338 unquam
2645 1277 2768 1324 vidit

1704 1342 1756 1389 in
1799 1343 1943 1389 domo
1999 1341 2259 1388 meretricia
2314 1341 2541 1403 prehendi
2595 1357 2761 1404 quem-

1706 1407 1877 1468 quam?
1915 1405 2006 1452 Eu.
2027 1422 2075 1463 v,
2099 1410 2146 1454 5.
2169 1408 2232 1453 le
2280 1402 2440 1452 Domo
2465 1419 2538 1450 me
2559 1405 2762 1466 eripuit:

1705 1470 1967 1518 verberavit
2017 1470 2112 1518 Ad.
2151 1469 2206 1525 ii,
2245 1473 2287 1516 1.
2325 1473 2392 1518 44
2446 1469 2672 1516 Meretrix
2717 1477 2770 1516 et

1709 1533 2051 1582 materfamilias
2070 1549 2168 1580 una
2193 1534 2242 1579 in
2266 1533 2439 1581 domo?
2491 1532 2590 1580 Ad.
2629 1532 2698 1595 iv,
2715 1537 2770 1582 7.

1706 1602 1772 1648 29
1828 1598 1950 1646 Cum
1989 1613 2130 1645 uxore
2165 1599 2273 1653 hac,
2313 1597 2470 1660 ipsum
2505 1597 2766 1659 prohibebo

1706 1663 1849 1709 domo
1883 1663 1975 1713 Ph.
1997 1662 2049 1719 ii,
2071 1667 2120 1710 3.
2141 1666 2205 1710 78
2255 1660 2308 1707 Si
2329 1661 2444 1725 quid
2470 1676 2590 1723 opus
2611 1661 2772 1717 fuerit,

1706 1727 1852 1774 heus!
1878 1727 2020 1773 domo
2041 1742 2118 1773 me
2152 1727 2246 1776 Ph.
2268 1725 2325 1780 ii,
2350 1729 2398 1772 3.
2423 1728 2486 1773 93
2541 1725 2687 1782 Quod
2723 1727 2765 1775 si

1707 1791 1779 1846 fit,
1804 1799 1856 1837 ut
1878 1806 1954 1838 me
1975 1791 2229 1847 excutiam,
2251 1797 2394 1852 atque
2434 1791 2647 1854 egrediar
2681 1791 2782 1838 do·-

1707 1869 1804 1910 mo,
1825 1856 1876 1902 id
1897 1860 2040 1902 restat
2073 1855 2165 1904 Ph.
2187 1855 2255 1910 iv,
2279 1858 2326 1901 1.
2348 1857 2414 1902 20

1772 1918 1960 1966 Donax.
2023 1917 2236 1973 Simalio,
2295 1917 2487 1979 Donax,
2537 1915 2726 1980 Syrisce
2747 1935 2768 1978 ς

1706 1983 1958 2045 sequimini
1992 1981 2086 2030 Eu.
2107 1983 2175 2038 iv,
2197 1986 2246 2030 7.
2271 1985 2303 2030 2
2337 1981 2398 2028 In
2429 1981 2634 2030 medium
2667 1983 2762 2030 huc

1707 2061 1875 2112 agmen
1898 2062 2005 2094 cum
2027 2046 2170 2101 vecti,
2190 2045 2363 2094 Donax
2399 2045 2489 2093 Eu.
2515 2045 2584 2102 ir,
2601 2051 2631 2095 7
2635 2079 2652 2094 .
2671 2051 2704 2096 4

1773 2110 1962 2158 Donec.
2026 2110 2288 2173 Nunquam
2319 2111 2516 2167 destitit,
2551 2111 2765 2169 suadere,

1708 2190 1857 2232 orare,
1898 2190 2051 2238 usque
2099 2176 2222 2222 adeo
2266 2175 2419 2222 donec
2455 2175 2657 2237 perpulit
2703 2175 2772 2224 A.

1707 2239 1774 2297 iv,
1804 2245 1849 2288 1.
1877 2243 1942 2288 38
1975 2238 2121 2286 Domi
2142 2246 2320 2287 certum
2343 2239 2558 2286 obsidere
2585 2248 2657 2285 est
2692 2255 2768 2286 us-

1709 2318 1821 2366 que,
1846 2304 2000 2352 donec
2025 2303 2214 2350 redierit
2246 2302 2349 2351 Ad.
2367 2304 2434 2359 iv,
2455 2309 2505 2352 6.
2524 2306 2557 2351 6
2603 2303 2770 2366 Usque

1710 2367 1826 2414 illud
1870 2367 2020 2415 visum
2058 2375 2132 2414 est
2176 2366 2426 2430 Pamphilo
2491 2367 2768 2430 neutiquam

1710 2445 1865 2495 grave,
1887 2432 2040 2479 donec
2057 2431 2156 2495 jam
2178 2432 2232 2497 iu
2254 2431 2368 2495 ipsis
2389 2431 2568 2495 nuptiis
2613 2431 2706 2481 He.
2731 2433 2770 2490 i,

1709 2502 1758 2545 2.
1783 2500 1842 2544 51
1897 2496 2050 2544 Immo
2085 2497 2212 2543 hand
2234 2497 2464 2557 desinam,
2485 2497 2637 2545 donec
2663 2513 2768 2560 per-

1708 2560 1863 2609 fecero
1898 2561 1990 2609 hoc
2047 2561 2137 2609 Ph.
2159 2561 2216 2618 ii,
2237 2566 2288 2609 3.
2308 2565 2370 2609 73
2428 2560 2600 2624 Neque
2640 2563 2764 2610 adeo

1710 2625 1958 2672 defetiscar
1977 2640 2186 2688 unquam
2209 2641 2264 2673 ex
2272 2624 2476 2688 peririer,
2497 2626 2650 2674 donec
2669 2627 2763 2675 fibi

1707 2688 1759 2736 id
1780 2689 1982 2737 effecero
2016 2690 2106 2737 Ph.
2131 2690 2198 2752 iv,
2217 2694 2264 2739 1.
2284 2694 2349 2739 24

1774 2753 1937 2801 Don0.
2005 2752 2160 2817 Egon'
2216 2761 2265 2801 te
2323 2769 2408 2817 pro
2451 2754 2543 2801 hoc
2595 2756 2768 2802 nuntio

1707 2818 1822 2881 quid
1843 2819 2047 2865 donem?
2090 2816 2244 2881 quid?
2283 2818 2434 2881 quid?
2467 2818 2628 2867 nescio
2673 2820 2772 2868 He.

1707 2898 1758 2939 v,
1778 2886 1829 2930 4.
1851 2887 1884 2931 9

1771 2944 1986 2997 Donum.
2053 2945 2205 2993 Matri
2268 2947 2508 3009 parvolam
2560 2948 2770 3009 puellam

1708 3010 1836 3058 dono
1860 3017 2089 3059 mercator
2111 3011 2246 3058 dedit
2283 3010 2378 3058 Eu.
2401 3012 2436 3069 i,
2461 3016 2512 3062 2.
2532 3016 2598 3061 29
2641 3012 2774 3061 Emit

1706 3090 1809 3121 eam
1831 3076 1961 3122 dono
1982 3074 2101 3121 mihi
2139 3072 2229 3124 Eu.
2253 3072 2289 3129 i.
2311 3079 2363 3122 2.
2389 3080 2451 3123 55
2510 3074 2663 3124 Ducit
2699 3092 2772 3125 se·

1705 3154 1814 3185 cum
1839 3154 1931 3187 una
1955 3138 2182 3199 virginem
2204 3138 2333 3184 dono
2355 3139 2466 3185 huic
2514 3138 2607 3189 En.
2641 3141 2698 3197 ii,
2725 3147 2772 3193 1.

1706 3207 1769 3251 23
1820 3204 1972 3251 Modo
1995 3200 2104 3250 huic
2127 3217 2234 3265 quae
2255 3202 2369 3249 data
2389 3210 2462 3249 est
2495 3202 2626 3251 dono
2667 3204 2766 3253 Eu.

1706 3267 1758 3322 ii,
1783 3272 1831 3316 3.
1859 3273 1921 3317 53
1957 3267 2016 3315 Εἰ
2038 3268 2166 3313 dono
2184 3267 2296 3314 data
2315 3272 2389 3313 est
2435 3266 2528 3313 Eu.
2550 3266 2604 3323 ii,
2624 3271 2678 3316 3.
2699 3273 2770 3318 60

1705 3330 1757 3378 Si
1789 3331 1926 3389 scias,
1966 3332 2094 3395 quod
2116 3332 2294 3378 donum
2317 3330 2430 3379 huic
2451 3330 2582 3377 dono
2605 3340 2772 3381 contra

1705 3404 1948 3458 comparet
1981 3396 2068 3443 Eu.
2090 3395 2145 3451 ii,
2165 3400 2216 3444 3.
2240 3400 2304 3445 63
2351 3395 2587 3452 Quaedam
2625 3398 2768 3446 hodie

1705 3467 1778 3507 est
1815 3462 1862 3509 ei
1903 3462 2032 3509 dono
2073 3460 2186 3507 data
2221 3460 2352 3522 virgo
2405 3458 2501 3508 Eu.
2534 3459 2606 3520 iii,
2629 3468 2676 3510 5.
2706 3466 2770 3510 16

1709 3524 1966 3587 Virginem,
1980 3541 2119 3588 quam
2130 3526 2253 3571 heroe
2275 3525 2401 3570 dono
2415 3524 2770 3581 dederatmiles,

1705 3588 1890 3636 vitiavit
1921 3589 2015 3637 Eu.
2037 3590 2100 3645 iv,
2123 3594 2172 3637 3.
2202 3592 2261 3637 12
2293 3586 2436 3635 Hanc
2455 3587 2540 3633 tibi
2559 3588 2688 3635 dono
2703 3590 2768 3638 do

1705 3652 1795 3700 En.
1817 3654 1884 3709 iv,
1907 3658 1956 3701 6.
1982 3658 2039 3701 11
2087 3652 2277 3710 Thaidi,
2311 3667 2417 3715 quae
2451 3652 2598 3701 hodie
2638 3655 2767 3702 douo

1705 3718 1816 3764 data
1839 3725 1911 3765 est
1953 3716 2045 3766 Eu.
2068 3732 2118 3779 V,
2139 3723 2188 3765 5.
2209 3721 2241 3765 9
2291 3715 2421 3763 Emit
2461 3716 2768 3776 Eunuchum,

1705 3797 1845 3843 quem
1886 3782 2013 3829 dono
2054 3781 2168 3829 huic
2207 3782 2343 3828 daret
2393 3780 2488 3828 Eu.
2532 3795 2580 3837 V,
2613 3788 2666 3831 6.
2706 3787 2764 3832 13

1706 3844 1862 3907 Egon’
1882 3860 1988 3893 mea
2010 3846 2136 3892 bona
2149 3853 2204 3893 ut
2219 3846 2328 3893 dem
2345 3844 2580 3893 Bacchidi
2595 3846 2728 3894 dono
2747 3848 2766 3893 ἰ

1704 3910 1829 3958 Hea.
1845 3926 1896 3965 v,
1919 3914 1967 3958 5.
1988 3914 2021 3959 6
2059 3909 2110 3957 Si
2131 3910 2270 3968 scias,
2293 3910 2427 3973 quod
2451 3910 2628 3957 donum
2651 3910 2763 3958 huic

1705 3976 1832 4021 dono
1878 3982 2042 4022 contra
2083 3982 2327 4037 comparet
2382 3972 2474 4024 Eu.
2503 3974 2563 4029 ii.
2607 3978 2656 4022 3.
2701 3978 2766 4023 63

1704 4038 1846 4095 Quod
1879 4038 1948 4085 vis
1986 4039 2164 4085 donum
2191 4046 2240 4087 et
2264 4038 2504 4101 praemium
2525 4052 2555 4085 a
2576 4052 2651 4085 me
2673 4054 2764 4101 op·-

1705 4110 1804 4150 tato
1841 4103 1930 4151 Eu.
1951 4120 1998 4159 v,
2021 4107 2070 4151 9.
2087 4108 2150 4153 27
2203 4103 2364 4151 Homo
2386 4102 2618 4166 quatietur
2639 4110 2768 4151 certe

1705 4182 1814 4215 cum
1836 4168 1962 4215 dono
1985 4167 2110 4215 foras
2145 4166 2239 4216 Eu.
2257 4168 2312 4224 ii,
2335 4170 2386 4215 3.
2408 4171 2476 4217 66
2519 4164 2637 4213 Ain’
2674 4169 2767 4215 tu?

1707 4232 1815 4280 laeta
1833 4234 1938 4279 est?
1963 4230 2060 4281 Gn.
2081 4231 2198 4280 Non
2219 4240 2314 4279 tam
2337 4231 2442 4294 ipso
2463 4230 2609 4285 dono,
2625 4247 2770 4296 quam

1706 4296 1800 4347 Eu.
1822 4296 1895 4355 iii,
1920 4302 1968 4347 1.
1993 4301 2024 4346 3
2075 4296 2206 4345 Num
2243 4295 2370 4345 solus
2399 4295 2482 4345 ille
2501 4294 2628 4345 dona
2647 4296 2774 4347 dat?
