3192 4975
555 360 730 445 1724
819 389 1147 443 comens
1195 390 1272 440 m
1311 350 1717 445 uinctura.
1750 389 1998 439 uani-*r
2047 387 2489 440 assitam-rr

555 543 685 622 taS,
716 536 1038 621 scalpello
1067 536 1425 616 abraserat,
1435 536 1550 647 :ita
1577 538 1800 601 tamen
1831 539 1909 601 u't
1936 537 2091 619 ejus
2106 534 2477 602 etiamnum
2500 536 2749 619 planis-

555 638 728 703 sima
753 634 1000 703 exterit
1013 636 1340 719 vestigia'

559 792 564 799 .
643 728 1014 805 Cedicibus
1036 738 1434 805 Bodleianis
1461 742 1675 807 etiam
1698 740 2117 824 adjiciendus
2144 751 2269 807 est
2282 743 2446 807 cod.
2456 744 2751 809 membr

551 842 692 905 4to.
719 841 879 925 maj.
929 841 1206 906 Terent.
1251 841 1559 907 Comoed.
1590 843 1986 921 continenss
2016 846 2159 909 sine
2190 846 2394 927 glos&
2424 852 2489 908 et
2512 842 2751 909 annot.

556 948 578 978 ‘
598 944 892 1027 Singulis
914 944 1048 1009 fere
1077 946 1332 1029 paginis
1359 952 1516 1010 sunt
1543 944 1773 1027 figurae
1801 947 2110 1025 larvatae,
2130 947 2219 1011 ad
2246 946 2471 1031 partes
2498 932 2747 1013 ibidem

557 1048 748 1111 actas
773 1048 1354 1125 {accommodatam
1419 1054 1486 1113 et
1509 1090 1518 1097 -
1539 1070 1586 1112 a
1642 1070 1837 1115 manu
1894 1049 2272 1115 delineatae.
2374 1048 2624 1115 Deficit
2654 1046 2749 1113 'in

555 1146 962 1213 Phormione
989 1150 1214 1216 Act.V.
1245 1171 1339 1217 sc.
1365 1151 1436 1215 6³
1467 1152 1591 1215 sub
1622 1152 1667 1215 l.
1699 1152 1805 1244 13.
1838 1154 1857 1183 ‘
1878 1152 2102 1230 homo,
2123 1152 2747 1217 hominum‘omatisa

559 1251 755 1330 sime,'
777 1253 954 1337 quod
985 1254 1052 1317 in
1075 1254 1309 1319 codice
1332 1255 1577 1337 legitur
1602 1253 2080 1319 honoratissime.
2136 1254 2635 1339 Autographum
2660 1256 2747 1319 cl.

561 1354 843 1420 Porso'ni
871 1357 1245 1421 notandum
1271 1364 1374 1421 est
1418 1358 1486 1421 in
1519 1376 1669 1421 rasa
1701 1359 1969 1440 pagina,
2016 1358 2143 1421 sub
2170 1354 2749 1436 initio‚.indican's‚

557 1456 741 1540 quod
787 1463 942 1522 ante
982 1477 1135 1541 pag.
1162 1458 1314 1523 235.
1345 1460 1410 1525 6.
1459 1460 1578 1524 fol.
1608 1478 1817 1524 unum
1847 1460 2139 1525 continet
2164 1460 2755 1524 PriscianiTract.
2850 1482 2867 1491 ·

557 1559 646 1623 do
677 1558 920 1625 Metris
955 1560 1272 1630 Co'micis.
1331 1563 1631 1627 Praefixa
1678 1568 1827 1627 sunt
1869 1563 2019 1629 haeo
2066 1563 2305 1627 verba·
2357 1568 2375 1596 ‘
2399 1562 2755 1644 Egregium

557 1660 732 1726 hunc
760 1662 998 1727 librum
1045 1664 1496 1731 Bibliothecae
1544 1665 1740 1730 Bodl.
1770 1664 1953 1733 dedit
1976 1665 2077 1729 vir
2112 1664 2517 1748 spectabilis
2550 1664 2757 1729 Nico-

557 1761 662 1827 las
688 1763 952 1830 Trevile
984 1766 1314 1831 Lambton
1343 1768 1424 1830 de
1451 1766 1909 1831 Hardwicke
1890 1788 1961 1830 m
1956 1768 2138 1853 a'gro
2163 1767 2597 1879 Dunelmensi
2632 1766 2757 1853 Ar-

555 1864 790 1981 miger,
822 1865 907 1933 A.
933 1869 1025 1933 D.
1059 1870 1268 1935 1704?
2398 1888 2405 1895 ’

618 1968 834 2035 Inter
863 1969 1098 2049 libros,
1111 1992 1320 2038 manu
1351 1980 1695 2049 exaratoS,
1726 1973 2149 2039 numerandae
2184 1981 2343 2037 sunt
2362 1975 2569 2038 etiam
2594 1974 2757 2039 Joh.

563 2070 926 2137 Frederici
939 2074 1268 2139 Gronovii
1307 2076 1562 2153 No'rAE,
1606 2076 1764 2139 olim
1794 2075 1885 2139 cl.
1914 2075 2042 2138 viri
2075 2074 2371 2140 Edvardi
2404 2074 2757 2185 Bemaidi.

545 2156 922 2259 'Impressae
954 2175 1180 2242 Oxon.
1210 2178 1276 2241 in
1303 2178 1605 2243 Theatro
1634 2177 2107 2241 Sheldoniano.
2134 2178 2285 2241 Svo.
2320 2180 2513 2241 1750.

646 2276 734 2341 In
793 2276 954 2343 Call.
1012 2276 1436 2365 Magdalensi,
1489 2280 1783 2344 Terentii
1831 2277 2207 2345 Comoediae
2255 2300 2410 2345 cum
2438 2278 2755 2345 scholiis.

567 2358 934 2444 Praemissa
994 2388 1102 2444 est
1152 2382 1469 2447 Praefatio
1529 2372 1873 2445 Francisci
1952 2382 2353 2459 petrarchae,
2410 2381 2760 2465 Epitaphi-

561 2499 676 2546 um
737 2481 1060 2564 Terentii,
1102 2489 1122 2518 ‘
1149 2483 1373 2556 Natus
1433 2485 1498 2548 in
1557 2483 1893 2560 excelsis:
1940 2482 2079 2549 &c.'
2106 2493 2179 2549 et*
2228 2483 2639 2567 Argumenta
2674 2483 2757 2546 ’in

553 2598 796 2648 ‘omnes
826 2582 1237 2652 Comoedias.
1328 2586 2004 2652 AntePhormionem
2036 2594 2107 2652 et
2138 2587 2475 2670 Hecyram
2496 2585 2761 2669 adjecta

561 2687 700 2750 alia
727 2684 1133 2769 Argumenta
1161 2691 1228 2752 in
1260 2710 1494 2754 omnes
1528 2689 1939 2754 Comoedias.
1986 2687 2119 2752 .Ad
2152 2691 2349 2753 finem
2380 2690 2618 2762 iterum
2640 2689 2757 2751 de-

563 2789 886 2874 scriptum
917 2801 1022 2856 est
1053 2791 1510 2874 Epitaphium.
1561 2791 1935 2855 Membran.
1961 2791 2168 2855 illum.
2188 2778 2361 2855 saeo.
2396 2807 2529 2854 xv,
2580 2787 2753 2853 Haec

561 2889 883 2957 debemus
913 2891 1306 2959 doctissimo
1333 2896 1605 2978 hujusce
1638 2894 1921 2974 Collegi-i
1947 2893 2261 2960 Praesidi.

654 2991 933 3058 In-Coll.
961 2993 1150 3081 Corp.
1175 2992 1434 3074 Christi,
1455 2998 1571 3061 ubi
1602 2996 1793 3060 multi
1826 3005 1895 3059 et
1926 2996 2200 3078 pretiosi
2234 2989 2519 3060 codices,
2538 2997 2757 3058 asser-

545 3100 825 3176 vantur,
859 3109 1018 3163 sunt
1037 3099 1408 3164 Comoediae
1421 3099 1719 3162 Terentii
1748 3098 1821 3160 in
1850 3097 2000 3162 cod.
2020 3099 2379 3160 membran.
2413 3097 2665 3177 scripto
2696 3117 2758 3158 a.

563 3197 762 3262 1450.
794 3202 930 3263 tito.
1021 3199 1162 3261 Sub
1190 3199 1387 3261 finem
1414 3219 1431 3264 ε
1479 3205 1498 3232 ‘
1529 3199 1829 3280 Explicit
1853 3197 2163 3276 Terentii,
2198 3197 2437 3263 Poetae
2471 3196 2759 3272 Comici,

565 3298 720 3362 Viri
747 3285 1124 3376 clarissimi,
1157 3298 1514 3364 Comoedia
1547 3306 1745 3364 sexta
1774 3305 1838 3363 et
1868 3299 2105 3386 ultima
2135 3297 2458 3364 feliciter?
2530 3298 2760 3364 Bonus

523 3419 530 3424 ·
565 3408 874 3465 censetur
903 3401 1012 3467 hic
1041 3403 1280 3468 codex.
2004 3484 2017 3492 ·
2718 3387 2721 3392 ¹

569 3535 577 3540 ·
605 3545 611 3552 ·
657 3503 740 3576 In
777 3501 938 3568 Coll.
973 3502 1040 3568 S.
1076 3503 1342 3569 Joarmis
1373 3507 1726 3572 codex.est
1750 3507 2040 3572 Terentii
2071 3504 2427 3568 membran.
2464 3503 2761 3584 pulcher,

568 3607 843 3671 illumin.
893 3625 1040 3669 cum
1091 3605 1386 3673 scholiis.
1497 3611 1637 3674 Sub
1688 3610 1907 3672 initio.
1926 3607 2275 3682 scribitur,
2314 3603 2405 3670 A.
2443 3605 2531 3668 D.
2570 3605 2763 3668 1477.

567 3709 982 3792 Praefigitur:
1029 3709 1172 3774 ‘Ex
1225 3711 1399 3775 dono
1449 3711 1765 3775 Gulielmi
1818 3709 2081 3783 Laudi,
2073 3726 2315 3772 sacrae
2369 3705 2761 3830 Theologiae

568 3811 916 3890 DoctoriS,
943 3820 1009 3876 et
1039 3813 1350 3896 ejusdem
1383 3813 1666 3896 Collegii
1696 3815 1890 3877 socii.
1922 3811 2007 3876 A.
2038 3813 2127 3876 D.
2160 3810 2376 3874 1610:
2550 3825 2558 3832 ⁸

621 3911 942 3980 Ibidem
955 3922 1086 3979 est
1108 3915 1285 3978 alius
1317 3915 1538 3978 codex
1562 3915 1855 3980 Terentii
1884 3915 2245 3978 membran.
2272 3911 2579 3995 pulcher,
2608 3909 2765 3974 illu·—

567 4019 724 4080 min.
811 4018 892 4082 In
950 4019 1186 4099 primae
1240 4017 1508 4099 paginae
1557 4017 1855 4098 margine
1910 4015 2333 4080 scribiturz‘
2358 4012 2521 4077 Sum
2570 4011 2763 4094 Benj.

561 4117 855 4184 -Jonsoni
883 4118 1125 4185 Liber.¹
1167 4121 1344 4186 Saec.
1364 4137 1428 4202 ,x
1441 4137 1502 4183 v,
