3192 4975
619 425 893 493 cxxxvi

619 594 846 643 affectant
864 590 987 637 viam
1022 588 1112 636 Ph.
1134 603 1180 642 v,
1203 593 1252 637 7.
1271 591 1334 637 71

683 656 903 706 Gladius.
949 655 1046 701 Suo
1065 652 1156 700 sibi
1179 655 1304 700 hunc
1328 651 1486 717 gladio
1503 654 1675 717 jugulo

617 723 714 772 Ad.
737 737 766 766 v
801 725 848 768 8.
870 724 931 767 ³5

686 758 865 835 Gte'ria.
899 781 1122 843 fugitum
1138 781 1286 845 gioria
1317 780 1412 829 He.
1429 781 1530 831 Au.
1545 782 1675 832 1³:01.

615 856 680 901 25
730 848 912 896 Labore
941 846 1098 893 alieno
1122 860 1336 909 niagnata
1357 854 1534 909 partam
1574 848 1676 909 glo·

617 914 732 963 riam
755 913 804 960 in
823 927 878 959 se
901 916 1186 958 transmovet
1230 910 1322 959 Eu.
1344 909 1418 969 iii,
1445 916 1490 961 l.
1513 916 1548 961 9
1597 912 1676 959 Ibi

617 978 754 1027 simul
777 992 890 1032 rem,
913 983 963 1023 et
986 976 1092 1023 belli
1118 974 1310 1037 gloriam
1332 976 1472 1023 armis
1493 977 1675 1039 repperi

619 1043 745 1091 Hea-
764 1042 802 1099 i,
827 1045 872 1090 1.
893 1045 958 1089 00
1005 1038 1216 1087 Gloriam
1266 1045 1316 1085 tu
1355 1039 1492 1087 istam
1513 1040 1675 1088 obtine

620 1107 718 1157 Ad.
740 1122 788 1162 r,
809 1109 857 1153 Ι.
877 1109 944 1155 28
976 1103 1076 1151 Seit
1095 1104 1182 1150 sibi
1203 1103 1494 1151 nobilitatem
1517 1121 1575 1153 es
1600 1120 1675 1161 eo,

617 1180 786 1220 etrem
819 1176 1026 1233 gnatam
1047 1176 1099 1216 et
1115 1168 1309 1231 gloriam
1344 1182 1448 1216 esse
1495 1168 1592 1219 He.
1630 1186 1676 1226 v,

686 1299 896 1349 Glorior.
961 1296 1096 1346 Vah!
1139 1295 1334 1359 gloriare
1367 1297 1580 1345 evenisse
1620 1314 1677 1345 ex

617 1364 891 1413 sententia?
927 1361 1048 1409 Hea.
1069 1362 1134 1416 iv,
1157 1368 1205 1409 5.
1233 1366 1289 1409 17

683 1426 944 1481 Gloriosus,
967 1442 1014 1478 a.
1039 1442 1135 1473 um.
1201 1424 1260 1471 In
1283 1440 1340 1473 ea
1357 1432 1430 1473 est
1449 1426 1679 1488 parasitus

620 1492 788 1553 Colax,
819 1500 869 1539 et
902 1492 1036 1538 miles
1071 1488 1297 1553 gloriosus
1347 1490 1438 1539 Eu.
1464 1490 1590 1539 Prol.
1613 1495 1673 1540 sl

618 1556 716 1613 Qui
749 1555 896 1619 magis
931 1555 1058 1611 lieet,
1089 1556 1242 1601 faeere
1280 1554 1530 1617 parasitum
1565 1556 1680 1603 eda·

615 1636 741 1678 cem,
765 1621 1016 1684 gloriosum
1039 1618 1232 1665 militem
1255 1619 1272 1665 2
1320 1618 1409 1666 Eu.
1433 1618 1562 1666 Ptol.
1583 1622 1649 1667 38

683 1685 980 1749 Glycerium.
1065 1684 1182 1731 Mea
1239 1681 1514 1746 Glycerium
1571 1698 1681 1730 suos

617 1758 1110 1879 ffieernglsygggffunet
1130 1746 1336 1873 {22:312
1351 1747 1528 1872 ⁵.A.Ii¹i²i¹,³
1546 1756 1683 1861 88:¹2¹&

623 1878 737 1925 Mea
761 1877 1057 1941 Glycerium.
1095 1876 1264 1937 inquit,
1285 1876 1402 1937 quid
1423 1876 1526 1937 agis
1545 1876 1564 1923 ἓ
1615 1873 1680 1925 A.

617 1942 656 1998 i,
679 1945 725 1991 1.
751 1946 842 1991 107
899 1941 1038 1989 Itane
1073 1939 1306 1986 obstinate
1352 1955 1540 2001 operam
1579 1940 1680 1994 dat.

621 2015 673 2055 ut
699 2022 771 2054 me
787 2021 816 2053 a
835 2004 1062 2068 Glycerio
1083 2004 1296 2051 miserum
1317 2004 1582 2051 abstrahat?
1616 2003 1679 2055 A.

615 2070 655 2126 -i,
679 2077 728 2120 5.
751 2076 785 2119 8
815 2070 930 2118 alibi
953 2068 1124 2130 passim

683 2134 860 2183 Guata.
926 2133 973 2180 Is
997 2131 1220 2195 (anulus)
1255 2131 1444 2196 quicum
1467 2132 1682 2195 exposita

615 2207 694 2248 est
715 2207 858 2261 gnata
907 2198 1028 2244 Hes.
1050 2197 1114 2250 iv,
1139 2202 1182 2243 ι.
1206 2201 1254 2243 2·
1290 2196 1438 2254 Tace,
1468 2198 1680 2251 obsecro.

617 2279 726 2311 mea
745 2270 888 2325 gnata
923 2262 1014 2308 He.
1042 2260 1108 2316 iii,
1134 2264 1180 2306 1.
1205 2263 1267 2307 38
1303 2259 1425 2307 Cum
1443 2274 1682 2321 compres-

619 2342 674 2374 sa
694 2334 768 2373 est
791 2332 933 2389 gnata
987 2324 1082 2370 He.
1103 2323 1170 2379 iv,
1199 2327 1244 2370 1.
1265 2327 1327 2371 57
1383 2323 1518 2370 Vivit
1539 2332 1683 2385 gnata

619 2390 710 2437 Ph.
734 2406 781 2445 v,
808 2394 854 2438 1.
875 2394 940 2435 22
973 2388 1096 2443 Quae
1119 2402 1238 2448 opus
1259 2387 1387 2433 fuere
1403 2388 1469 2435 ad
1492 2388 1681 2450 nuptias

617 2460 778 2518 gnatis
826 2451 890 2500 A.
913 2452 980 2507 iv,
1004 2455 1106 2500 42
1158 2449 1330 2498 Gnatus
1365 2451 1466 2498 vita
1503 2451 1554 2498 iu
1591 2452 1683 2500 du-

619 2519 750 2568 bium
787 2517 946 2565 veniet
995 2516 1088 2562 Ad.
1121 2515 1196 2567 iii,
1233 2519 1282 2563 2.
1316 2519 1382 2565 42
1416 2514 1558 2571 Quod
1606 2533 1682 2564 me

619 2582 774 2630 oravit
825 2580 1091 2644 Msrrhina,
1145 2595 1242 2627 suae
1290 2586 1444 2642 guatae
1494 2587 1677 2642 partum

619 2647 717 2694 He.
736 2646 808 2703 iii,
832 2649 882 2694 4.
906 2649 972 2693 32
1021 2643 1133 2692 Non
1155 2645 1376 2692 ducerem
1395 2643 1546 2690 virum
1567 2646 1680 2694 satis

621 2711 806 2758 firmum
843 2718 998 2773 gnatae
1046 2708 1140 2756 He.
1161 2709 1224 2763 iv,
1250 2714 1295 2758 1.
1317 2713 1380 2757 ⁴1
1439 2708 1681 2771 cognosse

618 2775 846 2824 annulum
888 2773 1017 2821 illum
1061 2773 1358 2838 Myrrhinam
1397 2780 1550 2835 gnatae
1583 2789 1682 2821 suae

619 2839 768 2888 fuisse
800 2839 894 2887 He.
916 2854 964 2897 v,
987 2843 1036 2887 3.
1059 2842 1120 2886 14
1169 2838 1296 2885 Meoe
1316 2838 1546 2886 nutricem
1565 2853 1680 2901 gna-

623 2911 686 2952 ιω
724 2904 864 2952 video
909 2903 1001 2950 Ph.
1025 2919 1072 2958 v,
1097 2906 1142 2951 1.
1162 2907 1195 2952 9
1243 2902 1448 2950 Unieam
1492 2910 1681 2966 gnatam

622 2983 756 3017 suam
781 2968 878 3014 filio
901 2982 1090 3014 uxorem
1127 2974 1184 3013 ut
1217 2967 1350 3014 daret
1399 2967 1464 3018 A.
1487 2967 1524 3027 i,
1549 2972 1599 3015 l.
1618 2971 1681 3016 73

624 3031 723 3089 Qui
776 3033 1032 3094 denegarat
1082 3045 1133 3077 se
1175 3031 1527 3080 commissurum
1571 3031 1685 3078 mihi

623 3103 815 3160 gnatam
839 3111 968 3144 suam
991 3109 1180 3142 uxorem
1229 3094 1295 3144 A.
1327 3094 1364 3151 i,
1387 3102 1438 3143 5.
1458 3100 1490 3143 7
1539 3093 1683 3142 Haud

621 3161 820 3209 dubium
839 3167 930 3217 est,
967 3159 1082 3222 quin
1103 3157 1326 3206 Chremes
1361 3159 1447 3206 tibi
1481 3174 1580 3205 nou
1602 3159 1687 3206 det
1718 3191 1721 3198 -

624 3233 812 3289 gnatam
865 3222 928 3272 A.
951 3223 1004 3278 ii,
1026 3226 1159 3270 3.Ῑὸ
1204 3222 1299 3269 Per
1335 3229 1382 3269 te
1414 3222 1546 3270 Deos
1583 3237 1683 3278 oro,

741 3303 802 3334 ue
821 3287 1007 3333 unicam
1051 3291 1236 3347 gnatam
1277 3291 1406 3332 tuam
1453 3285 1519 3334 A.
1542 3287 1612 3342 iii,
1636 3293 1685 3338 3.

623 3358 658 3401 8
741 3357 896 3397 natam
914 3357 965 3396 ut
981 3351 1158 3397 detero
1191 3346 1255 3395 A.
1278 3348 1352 3411 iii,
1371 3353 1424 3400 4.
1445 3355 1507 3401 la·
1541 3352 1682 3400 Suam

625 3422 814 3479 gnatam
856 3430 952 3460 non
987 3411 1122 3460 dabit
1178 3413 1241 3459 A.
1261 3412 1327 3469 iv,
1348 3418 1397 3462 4.
1419 3419 1484 3464 85
1534 3415 1683 3463 Tuam

615 3494 731 3527 ,esse
772 3478 1011 3525 inventam
1053 3485 1242 3541 gnatam
1317 3477 1441 3527 Heu.
1477 3495 1529 3538 v,
1566 3485 1615 3528 1.
1654 3484 1683 3529 7

627 3543 901 3606 Despondit
917 3543 966 3590 ei
987 3550 1172 3606 gnatam
1211 3539 1354 3604 hujus
1386 3544 1529 3592 vieini
1549 3560 1687 3607 prox·

627 3608 725 3656 umi
774 3607 872 3656 He.
896 3607 928 3667 i,
949 3611 999 3655 2.
1020 3611 1085 3656 49
1135 3605 1344 3654 Gnatam
1376 3607 1540 3657 inieui
1561 3625 1685 3672 nup-

627 3680 724 3719 tam
748 3687 853 3718 cum
879 3678 960 3719 tuo
985 3671 1080 3719 filio
1115 3670 1208 3721 Ph.
1225 3687 1278 3731 V,
1298 3676 1349 3722 8.
1370 3677 1435 3721 34

693 3735 903 3786 Gnatho.
947 3734 1295 3783 Gnathonicus.
1360 3737 1454 3784 Hic
1493 3736 1684 3799 quidem

627 3808 700 3848 est
739 3800 964 3864 parasitus
1003 3799 1197 3848 Gnatho
1234 3799 1394 3848 militis
1453 3799 1544 3847 Eu.
1563 3801 1618 3856 ii,
1642 3804 1687 3848 1.

613 3868 690 3914 22
749 3865 958 3912 Plurima
977 3863 1126 3912 salute
1163 3879 1392 3911 summum
1427 3879 1562 3911 suum
1600 3864 1685 3910 im-

627 3928 771 3992 pertit
793 3927 988 3976 Gnatho
1021 3929 1114 3976 Eu.
1134 3929 1189 3986 ii,
1209 3932 1258 3976 2.
1279 3932 1344 3977 40
1377 3926 1507 3983 Quid
1525 3935 1576 3974 tu
1600 3929 1692 3987 ais,

627 3991 857 4041 Gnatho?
909 3992 1000 4040 Eu.
1023 3993 1090 4045 iii,
1115 3996 1163 4040 2.
1185 3996 1248 4041 21
1302 3990 1446 4040 Alibi.
1487 3991 1689 4041 Parasiti

623 4057 738 4106 item
764 4065 818 4104 ut
851 4055 1144 4105 Gnathonici
1177 4062 1406 4104 vocentur
1451 4055 1545 4103 Eu.
1567 4056 1620 4114 ii,
1637 4061 1687 4106 2.

695 4182 896 4231 Gnatus.
963 4184 1104 4240 Quod
1131 4182 1245 4230 mihi
1269 4183 1506 4244 pollicitus
1527 4190 1599 4232 est
1614 4184 1688 4246 ip·

614 4258 707 4292 ,ωε
732 4255 902 4310 gnatus
949 4248 1012 4295 A.
1050 4248 1124 4304 iii,
1159 4253 1209 4296 2.
1242 4251 1326 4296 47.
1359 4253 1424 4296 50
1482 4248 1688 4296 Ubinam

626 4316 718 4364 est,
743 4312 936 4372 quasso?
987 4313 1078 4359 Cb.
1115 4312 1260 4374 Apud
1299 4328 1374 4359 me
1407 4313 1552 4361 domi.
1585 4314 1688 4362 Me.

1732 4125 1827 4170 -da
1863 4123 2045 4170 veniam
2082 4125 2205 4172 hanc
2242 4124 2375 4172 mihi.

1577 435 1855 485 anltxz
1924 444 2000 474 ντ

1748 586 1893 637 Meas
1932 587 2129 651 gastris!
2194 586 2321 634 Hes.
2340 585 2411 640 iiii
2438 591 2487 635 1.
2506 589 2571 635 22
2616 586 2805 637 Gmtus

1748 652 1853 725 ejus
1870 652 2077 715 profugit
2088 652 2253 713 iuopia
2284 650 2407 699 Hea-
2426 650 2498 707 iii,
2519 656 2571 701 2.
2586 656 2644 701 17
2682 652 2807 701 Huic

1744 732 1845 779 Jam
1870 716 2117 765 mansisset
2140 715 2302 763 unium
2324 723 2493 777 gnatus
2514 716 2643 765 domi
2682 717 2807 769 Hes.

1750 781 1819 835 iii,
1843 786 1893 831 2.
1913 786 1977 829 29
2010 780 2197 829 Gustus
2230 781 2364 842 quod
2394 788 2449 827 s'e
2466 779 2707 832 assimulat
2724 782 2806 829 tae·

1753 852 1870 900 mm,
1904 846 1955 893 id
1988 844 2143 893 dicis?
2198 844 2325 891 Hea.
2350 860 2397 899 v,
2410 849 2465 893 ,1.
2494 850 2549 893 15
2602 844 2807 900 Quando

1748 924 1840 964 nec
1876 916 2064 972 gnatus,
2096 924 2253 971 neque
2286 909 2361 955 hic
2400 908 2513 956 mihi
2552 912 2808 973 quiequam

1752 974 2079 1037 obtemperant
2130 972 2225 1021 He.
2246 974 2317 1027 iii,
2338 979 2387 1021 5.
2404 977 2471 1021 62
2524 973 2607 1020 Sin
2651 982 2807 1021 autem

1752 1044 1826 1085 est
1844 1040 1906 1085 ob
1928 1054 2033 1085 eam
2055 1053 2149 1085 rem
2188 1038 2331 1085 iratus
2354 1045 2521 1098 gnatus
2572 1038 2665 1085 He.
2688 1054 2735 1096 v,
2758 1044 2808 1088 2.

1756 1107 1817 1151 14
1864 1102 1993 1149 Tuus
2028 1112 2100 1149 est
2139 1103 2386 1149 damnatus
2409 1109 2593 1164 gnatus,
2616 1118 2709 1148 nou
2734 1110 2807 1150 tu.

1752 1166 1845 1215 Pu.
1868 1168 1919 1223 ii,
1938 1172 1992 1215 8.
2010 1171 2073 1216 75
2144 1166 2337 1222 Quanta
2356 1182 2435 1215 me
2455 1182 2567 1215 cura
2584 1174 2635 1213 et
2653 1166 2810 1215 solici-

1752 1231 1921 1279 tudine
1951 1230 2096 1292 afficit
2127 1230 2327 1294 gnatus!
2396 1230 2491 1278 Ph.
2508 1230 2561 1287 ii,
2581 1234 2633 1280 4.
2652 1236 2685 1281 2
2736 1230 2809 1277 Εο

1753 1296 2047 1408 ΡοἿέἶὲῗέἰ
2066 1295 2499 1422 gtffoeffffi’ffi'
2511 1292 2653 1407 N·
2664 1301 2723 1408 2¹·
2745 1298 2811 1407 ἓξ

2028 1396 2041 1416 ,
2466 1394 2477 1407 ο
2584 1388 2593 1399 ·
2626 1395 2643 1421 ,
2702 1390 2717 1407 ο

1752 1422 1831 1473 Ne
1853 1440 1955 1472 esse
1974 1423 2173 1471 amicam
2194 1424 2317 1471 hanc
2339 1422 2469 1486 gnati
2486 1423 2707 1471 resciscat
2736 1438 2810 1471 se-

1752 1502 1844 1535 nex
1903 1488 2029 1537 Hea.
2050 1488 2118 1544 iv,
2140 1492 2189 1537 2.
2210 1492 2241 1537 8
2291 1486 2435 1535 Istam
2474 1502 2577 1535 esse
2614 1488 2812 1535 amicam

1818 1553 1903 1612 ati,
1933 1568 2029 1600 non
2046 1552 2209 1601 credat
2241 1560 2397 1599 tamen
2446 1550 2570 1599 Hea.
2590 1551 2655 1608 iv,
2678 1556 2727 1600 8.
2747 1555 2811 1600 34

1806 1617 1969 1665 ilatum
1998 1632 2055 1664 ac
2104 1617 2341 1665 lubentem
2394 1615 2471 1663 fac
2513 1623 2563 1663 te
2596 1616 2647 1661 in
2683 1615 2814 1677 gnati

1753 1682 1932 1745 nuptiis
1961 1680 2059 1728 Ad.
2074 1680 2138 1737 iv,
2161 1685 2209 1729 7.
2232 1684 2295 1729 88
2330 1679 2535 1728 Gaudeo
2550 1680 2685 1743 gnati
2700 1696 2815 1727 cau-

1752 1760 1805 1793 sa
1851 1744 1945 1795 He.
1960 1746 2013 1801 ii,
2040 1750 2086 1795 1.
2108 1750 2177 1794 36
2242 1745 2399 1800 Quam
2438 1752 2492 1792 ut
2532 1744 2814 1807 obsequatur

1754 1819 1897 1871 gnato
1930 1808 1995 1857 A.
2018 1810 2056 1866 i,
2083 1814 2126 1858 Ι.
2150 1813 2245 1858 186
2278 1808 2437 1857 Orabo
2462 1817 2607 1872 gnato
2624 1824 2811 1857 uxorem

1756 1872 1817 1919 A.
1836 1874 1907 1929 iii,
1932 1879 1982 1922 2.
2003 1878 2070 1923 48
2123 1873 2221 1930 Qui
2242 1873 2447 1929 aiebant,
2493 1873 2636 1921 hodie
2672 1872 2813 1921 filiam

2280 1944 2427 1999 gnato
2481 1936 2542 1985 A.
2578 1937 2651 1993 iii,
2690 1942 2741 1986 8.
2780 1943 2812 1986 8

1754 2000 1874 2063 Ejus
1893 2002 2074 2058 labore,
2096 2008 2241 2064 atque
2262 2003 2366 2065 ejus
2388 2002 2573 2058 dolore,
2594 2008 2738 2063 gusto
2760 2010 2817 2049 ut

1754 2066 2013 2142 medicarier
2034 2074 2119 2115 tuo
2170 2064 2229 2113 A.
2248 2082 2297 2123 v,
2320 2069 2367 2114 1.
2392 2070 2452 2115 12
2502 2064 2703 2114 Decrevi
2739 2082 2815 2113 me

1754 2144 2129 2251 ffiffzffffttffl
2142 2146 2268 2242 ἓξὲξ
2276 2138 2440 2250 „32:25
2454 2130 2814 2249 .f,·‘3.2¹5.·0,‘¹‘;²1'3:

1790 2258 1869 2305 uid
1894 2266 2037 2321 gnato
2073 2258 2295 2307 conficies
2323 2258 2431 2307 mali
2494 2258 2619 2307 Hea.
2640 2276 2689 2319 v,
2710 2264 2758 2307 3.
2785 2264 2808 2307 l

1864 2322 2059 2384 (minas)
2074 2322 2187 2370 dedi
2210 2330 2295 2370 tuo
2316 2330 2461 2384 gnato
2494 2324 2583 2371 Ph.
2603 2340 2651 2377 v,
2674 2327 2725 2371 8.
2746 2329 2813 2372 50

1756 2384 1854 2441 Qui
1877 2394 2070 2449 gnatum
2092 2388 2311 2435 haberem
2350 2386 2433 2435 tali
2468 2388 2660 2451 iugenio
2696 2402 2814 2449 prar-

1756 2448 1910 2498 ditum
1960 2450 2023 2498 A.
2048 2452 2081 2508 i,
2109 2456 2151 2501 l.
2172 2455 2234 2502 71
2288 2450 2403 2500 Non
2442 2460 2491 2501 tu
2524 2452 2587 2500 ibi
2626 2450 2812 2516 (objur-

1756 2515 1903 2577 gasti)
1920 2517 2147 2578 gnatum?
2179 2515 2241 2564 A.
2262 2517 2297 2573 i,
2319 2522 2363 2566 1.
2387 2521 2483 2566 122
2517 2518 2683 2566 Meum
2700 2533 2813 2580 gna—

1758 2586 1858 2626 tum
1877 2596 2027 2628 rumor
2048 2590 2121 2628 est
2140 2597 2294 2629 amare
2342 2580 2404 2630 A.
2430 2582 2465 2638 i,
2485 2587 2533 2631 2.
2559 2586 2618 2631 14
2655 2582 2748 2629 Per
2768 2587 2815 2629 te

1761 2642 1894 2691 Deos
1916 2661 2018 2703 oro,
2040 2661 2214 2708 perque
2238 2653 2425 2708 gnatam
2462 2653 2609 2704 tuam,
2630 2654 2681 2694 et
2701 2661 2816 2710 gna·

1760 2714 1859 2756 tum
1879 2725 2033 2757 meum
2088 2709 2150 2760 A.
2170 2710 2243 2765 iii,
2266 2715 2369 2759 &8
2419 2710 2509 2758 Iroe
2546 2719 2657 2757 sunt
2696 2712 2817 2758 inter

1759 2769 2037 2836 Glycerium
2054 2779 2104 2821 et
2120 2781 2314 2837 gnatum
2344 2773 2409 2821 A.
2430 2775 2505 2830 iii,
2526 2779 2575 2823 3.
2598 2779 2663 2824 20
2696 2775 2815 2824 Cor-

1758 2837 1905 2900 rigere
1926 2837 2045 2885 mihi
2064 2846 2257 2900 gnatum
2280 2854 2417 2901 porro
2437 2839 2613 2888 enitere
2661 2837 2723 2886 A.
2743 2839 2816 2896 iii,

1757 2905 1806 2950 4.
1830 2905 1891 2951 17
1944 2901 2155 2951 Gnatum
2178 2904 2368 2951 unicum
2390 2904 2501 2952 hinc
2520 2901 2643 2966 ejeci
2671 2903 2814 2951 mise-

1760 2980 1858 3012 rum
1901 2965 2134 3028 injustitia
2163 2980 2269 3016 mea
2335 2967 2457 3016 Hea.
2478 2968 2515 3023 i,
2540 2973 2586 3016 l.
2605 2973 2674 3017 79
2734 2967 2815 3014 An

1758 3029 1890 3077 laudi
1922 3037 2059 3092 putat
2079 3031 2198 3088 fore,
2220 3033 2261 3078 si
2298 3033 2555 3094 perdiderit
2584 3035 2773 3096 gnatum
2797 3033 2815 3079 ἒ

1757 3093 1858 3142 Ad.
1876 3095 1949 3156 iii,
1965 3099 2017 3144 8.
2036 3099 2103 3144 29
2149 3095 2411 3144 Prodidisti
2430 3103 2481 3144 et
2523 3104 2591 3152 te,
2623 3104 2675 3144 et
2704 3110 2819 3159 gna-

1760 3165 1858 3204 tum
1907 3158 2007 3208 Ad.
2028 3158 2097 3215 iv,
2120 3164 2169 3208 5.
2193 3164 2257 3208 58
2304 3159 2435 3216 Quin
2472 3167 2663 3222 gnatum
2699 3160 2819 3208 velit

1760 3223 1933 3270 ducere
1954 3237 2145 3270 uxorem
2175 3223 2271 3272 He.
2293 3222 2349 3279 ii,
2375 3227 2422 3272 1.
2440 3225 2506 3272 48
2544 3223 2673 3270 Nolo
2692 3223 2819 3272 falsa

1761 3286 1886 3333 sama
1906 3301 2009 3338 esu
2029 3293 2221 3349 gustuum
2243 3294 2515 3350 suspectum
2564 3287 2664 3337 He.
2686 3304 2735 3344 v,
2772 3293 2819 3337 Ι.

1761 3353 1822 3398 81
1874 3349 2084 3400 Gnatum
2106 3351 2155 3399 ei
2176 3353 2391 3410 restituo,
2412 3353 2497 3416 qui
2518 3368 2656 3416 paene
2676 3352 2820 3415 periit

1754 1952 1907 1987 meam
1946 1940 2122 1986 nubere
2155 1945 2238 1985 tuo

1738 3414 1854 3463 .He.
1876 3431 1927 3472 v,
1950 3419 1999 3464 3.
2016 3419 2085 3465 20
2151 3415 2327 3480 Neque
2368 3417 2651 3481 respondeo,
2689 3417 2817 3480 prius

1760 3494 1901 3541 quam
1926 3487 2117 3544 gnatum
2138 3482 2277 3529 video
2315 3481 2401 3530 Ph.
2418 3497 2462 3543 v,
2478 3487 2525 3532 8.
2542 3486 2607 3529 56
2639 3480 2818 3535 Gnate,

1760 3558 1869 3590 cum
1892 3551 1939 3593 te
1966 3546 2179 3609 intelligo
2214 3546 2429 3608 resipisse
2481 3545 2605 3594 Hea.
2624 3543 2691 3603 iv,
2712 3549 2761 3594 8.
2784 3550 2818 3595 2

1761 3607 1989 3665 Obsecro,
2012 3610 2079 3656 mi
2100 3617 2260 3672 gnate,
2282 3626 2342 3658 ue
2378 3610 2502 3659 istuc
2523 3610 2574 3657 in
2608 3609 2817 3656 animum

1758 3670 1959 3720 inducas
2000 3682 2132 3720 tuum
2179 3675 2303 3724 Hea.
2327 3690 2375 3731 v,
2394 3679 2493 3724 4.5
2541 3673 2703 3723 Gnate
2738 3674 2818 3731 mi,

1762 3750 1853 3798 ego
1876 3737 1957 3800 pol
1980 3737 2069 3784 tibi
2090 3739 2215 3787 dabo
2228 3738 2359 3786 illam
2382 3739 2588 3804 lepidam
2621 3738 2747 3786 Hea.
2768 3753 2819 3794 v,

1762 3809 1811 3851 5.
1835 3807 1897 3849 16
1946 3801 2091 3850 Nunc
2112 3803 2254 3852 laudo
2276 3809 2345 3861 te,
2368 3813 2509 3868 gnate
2557 3803 2681 3851 Hea-
2700 3819 2747 3858 v,
2769 3807 2821 3851 5.

1762 3869 1819 3916 21
1878 3863 1923 3911 Ο
1945 3866 2010 3912 mi
2033 3875 2173 3927 gnate
2194 3867 2205 3914 !
2258 3868 2351 3917 He.
2374 3869 2448 3926 iii,
2468 3874 2518 3918 2.
2542 3872 2601 3917 17
2665 3866 2818 3924 Salve,

1762 3928 1825 3978 mi
1848 3935 1993 3990 pater.
2030 3929 2113 3978 In.
2134 3931 2295 3980 Gnate
2310 3932 2395 3989 mi,
2414 3933 2540 3980 salve
2572 3931 2667 3980 He.
2684 3929 2753 3987 iii,
2768 3936 2819 3979 5.

1761 3999 1795 4044 6
1840 3991 1952 4041 Nou
1986 3994 2105 4042 clam
2128 4012 2203 4044 me
2225 4004 2320 4059 est,
2340 4003 2485 4060 gnate
2514 3995 2598 4049 mi,
2634 3995 2727 4042 tibi
2744 4011 2823 4042 me

1764 4074 1865 4107 esse
1903 4066 2168 4122 suspectam
2213 4061 2310 4108 He.
2329 4061 2395 4121 iv,
2410 4065 2458 4109 2.
2483 4065 2508 4109 1
2560 4058 2636 4106 Μί
2659 4067 2820 4121 gnate,

2436 4123 2563 4171 Nam
2606 4124 2707 4169 haec
2747 4139 2821 4171 res

1764 4203 1869 4235 non.
1914 4188 2065 4234 minus
2110 4205 2182 4236 me
2219 4188 2339 4235 male
2378 4189 2539 4243 habet,
2574 4200 2715 4248 quam
2756 4195 2822 4249 te,

1766 4259 1907 4315 gnate
1945 4253 2010 4298 mi
2056 4252 2151 4302 He.
2175 4254 2239 4308 iv,
2262 4257 2311 4299 2.
2332 4255 2412 4300 20.
2434 4252 2503 4302 8⁰
2548 4251 2705 4298 Modo
2744 4251 2818 4299 in·

1766 4317 1873 4365 troii
1908 4333 2015 4365 cum
2056 4327 2141 4364 tuo
2168 4323 2310 4380 gnato
2334 4331 2429 4363 una
2478 4315 2544 4367 Δ.
2584 4333 2633 4374 v,
2663 4321 2715 4368 2.
2758 4321 2817 4365 10
