3192 4975
528 2828 536 2833 “
603 2826 906 2874 commodum
942 2832 1018 2872 est
1065 2822 1162 2875 He.
1182 2839 1255 2882 m,
1276 2826 1325 2871 4.
1348 2827 1378 2871 8

583 400 704 466 clx

583 570 767 621 dictum
808 566 862 615 in
898 578 950 615 sc
985 564 1318 617 inclementius
1352 563 1639 619 existimem

583 650 692 685 esse
722 632 816 681 Eu.
835 631 966 680 Prol.
983 634 1017 679 4

653 696 944 760 Incogitm.
1005 694 1156 753 Quod
1175 694 1228 743 ui
1246 694 1438 745 fuissem
1459 695 1641 761 incogi-

586 770 694 811 tuns
725 762 817 811 Ph.
847 760 882 818 i,
905 766 954 810 8.
975 764 1006 810 8
1057 758 1250 808 Adeou’
1269 767 1318 809 te
1337 776 1441 811 ene
1459 761 1641 826 incogi.

513 872 520 875 .
587 834 784 885 tantem,
803 833 946 892 atque
964 825 1309 889 impudentem,
1327 826 1420 875 ut?
1453 824 1546 876 Pb.
1564 826 1642 885 iii,

653 952 928 1005 Incolumis.
995 952 1202 1002 Posthac
1245 952 1528 1003 incolumem
1570 960 1646 1003 sat

585 1020 685 1069 scio
707 1019 808 1067 fore
835 1034 911 1066 me
945 1018 1010 1067 A.
1032 1017 1103 1075 iii,
1124 1025 1174 1068 6.
1195 1023 1226 1067 6
1281 1019 1526 1077 Parentes,
1557 1034 1644 1083 pu·

589 1084 726 1133 uiam
747 1083 1034 1132 incolumem
1065 1082 1190 1133 nea.
1213 1082 1249 1142 i,
1267 1086 1320 1133 2.
1342 1088 1408 1134 20

651 1148 978 1197 Incommode.
1011 1146 1320 1196 Incommode
1338 1147 1513 1197 hercle.
1549 1146 1642 1197 Ch.

587 1212 742 1261 Imtuo
758 1210 1006 1262 infeliciter
1040 1211 1134 1259 Eu.
1154 1211 1211 1270 ii,
1232 1216 1280 1262 8.
1303 1216 1367 1262 87
1401 1212 1530 1269 Quia
1550 1218 1647 1260 tam

589 1276 888 1326 incommode
906 1277 1000 1326 illis
1019 1276 1114 1325 fors
1135 1275 1368 1326 obtulerat
1391 1278 1648 1325 adventum

589 1358 747 1390 meum
779 1342 874 1389 He.
908 1340 985 1406 iii,
1005 1346 1054 1391 8.
1077 1344 1140 1391 10
1192 1339 1501 1391 Incommode
1531 1340 1649 1389 mihi

591 1405 772 1518 nuptiis
794 1406 954 1455 evenit
983 1406 1078 1455 He.
1099 1422 1150 1466 v,
1171 1409 1222 1455 8.
1245 1410 1312 1455 40

687 1471 1042 1520 ncommoditas.
1107 1470 1477 1521 Incommoditas
1513 1468 1650 1519 deni-

591 1552 687 1600 que
709 1536 802 1584 buc
823 1536 977 1584 omnis
997 1536 1122 1584 redit
1152 1535 1216 1584 A.
1237 1533 1308 1592 iii,
1328 1540 1380 1585 8.
1401 1538 1466 1585 86
1516 1535 1653 1592 Quot

587 1600 1000 1649 incommoditates
1033 1600 1083 1649 iu
1115 1600 1206 1650 hac
1243 1614 1292 1649 re
1312 1599 1534 1665 accipies,
1556 1600 1651 1649 nisi

593 1665 766 1715 caves?
799 1664 926 1714 Rea.
947 1679 994 1722 v,
1019 1670 1066 1714 1.
1087 1668 1154 1715 60

661 1728 990 1779 Incommode.
1055 1728 1216 1793 Magis
1257 1728 1308 1777 id
1355 1728 1496 1792 adeo,
1536 1728 1653 1777 mihi

595 1802 652 1841 ut
690 1793 1029 1850 incommodet,
1075 1809 1217 1858 qnam
1261 1802 1317 1841 ut
1515 1802 1655 1841 uatur

597 1865 742 1922 gnato
775 1858 840 1905 A.
861 1858 896 1915 i,
921 1863 969 1907 1.
994 1862 1088 1908 185

662 1922 1041 1971 Incommodum.
1123 1920 1258 1970 Mihi
1321 1920 1543 1969 veniebat
1602 1921 1653 1969 in

595 1994 803 2035 mentem
825 1986 929 2049 ejus
947 1986 1296 2041 incommodum
1327 1986 1420 2033 Ph.
1441 1985 1508 2042 iv,
1523 1987 1572 2034 8.
1588 1989 1654 2035 47

595 2050 693 2101 Hic
731 2052 818 2101 tibi
839 2051 960 2099 nibil
979 2058 1052 2100 est
1077 2050 1332 2129 quicqum
1367 2049 1657 2099 incommodi

597 2116 697 2167 Hc.
716 2116 786 2173 iii,
808 2120 857 2165 8.
877 2119 944 2166 40
977 2116 1216 2163 Meditata
1235 2115 1350 2163 mibi
1366 2122 1477 2163 sunt
1497 2110 1657 2162 omnia

597 2196 706 2229 mea
743 2180 1045 2230 incommoda
1077 2181 1168 2229 Ph.
1199 2180 1253 2236 ii,
1276 2185 1323 2230 1.
1347 2184 1412 2229 18
1466 2178 1657 2227 Incom-

598 2246 760 2309 modu,
797 2252 940 2309 utque
981 2243 1176 2308 injurius
1218 2244 1305 2291 viri
1339 2258 1501 2291 omnes
1538 2243 1659 2291 ferre

600 2309 696 2357 He.
715 2310 751 2371 i,
771 2312 821 2359 2.
844 2314 909 2358 90
958 2308 1120 2356 Multa
1141 2323 1199 2356 ex
1220 2323 1316 2371 quo
1335 2308 1510 2356 fuerint
1529 2322 1659 2355 com·

601 2374 763 2430 moda,
781 2372 887 2435 ejus
907 2372 1203 2421 incommoda
1230 2386 1416 2435 aequom
1437 2379 1509 2419 est
1541 2371 1661 2419 ferre

603 2438 700 2488 He.
735 2453 783 2495 v,
820 2440 871 2488 8.
905 2440 972 2485 42
1017 2435 1090 2482 Ex
1125 2436 1435 2484 incommodis
1469 2435 1661 2483 alterius

598 2515 688 2551 sua
708 2508 762 2550 nt
782 2507 1057 2565 comparent
1075 2500 1358 2549 commoda?
1391 2498 1454 2551 A.
1473 2499 1542 2562 iv,
1562 2505 1607 2549 1.
1628 2504 1659 2549 8

665 2565 1021 2630 Inoo-modus,
1053 2581 1100 2622 a,
1133 2581 1230 2614 um.
1295 2563 1410 2612 Non
1445 2571 1548 2613 tute
1584 2565 1661 2612 iu-

529 2653 537 2658 ·
603 2631 900 2682 commodam
921 2645 1036 2692 rem,
1066 2637 1122 2677 ut
1187 2645 1353 2694 umque
1376 2635 1465 2686 est,
1484 2629 1536 2678 in
1559 2628 1663 2678 ani·

604 2711 733 2744 mum
753 2695 952 2744 inducas
973 2694 1106 2758 pisti?
1191 2710 1234 2743 e.
1267 2695 1336 2756 iv,
1358 2699 1407 2742 2.
1427 2697 1492 2743 27
1547 2693 1664 2742 Non

599 2760 705 2810 dici
733 2767 908 2824 potest,
941 2773 1082 2823 quam
1117 2759 1307 2838 reoipsa
1341 2756 1452 2806 navi
1590 2757 1665 2806 in-

1482 2837 1541 2871 oc
1572 2839 1601 2872 e

643 2890 831 2946 referre,
848 2887 1198 2938 incommodum
1219 2886 1338 2936 mihi
1355 2903 1459 2936 esse
1471 2839 1667 2936 arbitr&-

658 2969 705 3005 e.
728 2953 764 3017 i,
781 2958 834 3004 2.
853 2957 922 3004 78
953 2951 1072 3002 Ain’
1094 2959 1166 3012 tu,
1187 2953 1275 3002 tibi
1295 2952 1387 3000 hoc
1406 2953 1667 3001 incommo-

605 3020 723 3068 dum
741 3018 956 3070 evenisse
973 3017 1098 3066 iter?
1131 3017 1224 3069 He.
1243 3015 1318 3074 iii,
1339 3019 1388 3066 4.
1414 3022 1439 3066 1
1474 3016 1666 3065 Incom-

607 3083 754 3141 mode
784 3081 880 3131 alia
907 3088 1018 3130 suut
1050 3081 1275 3141 dicenda,
1307 3081 1540 3130 Parmeno
1573 3081 1667 3131 Eu.

603 3146 666 3206 ii,
688 3149 738 3197 8.
759 3151 825 3196 88

675 3209 990 3273 Incredibilis,
1006 3226 1054 3258 e.
1117 3208 1395 3286 Incredibili
1423 3223 1494 3297 3⁹3
1522 3213 1669 3274 atque

610 3272 1200 3396 mmm..
1207 3273 1498 3394 mat.
1509 3273 1671 3390 5512:

613 3403 680 3460 iv,
697 3407 748 3452 1.
769 3407 828 3453 u
866 3403 1042 3452 Praeter
1059 3418 1084 3450 s
1145 3417 1210 3458 m,
1230 3410 1374 3467 atque
1393 3401 1673 3452 incredibile

613 3469 707 3520 hoc
722 3467 842 3516 mihi
863 3465 1034 3530 obtigit

610 3541 708 3646 30⁰3:
725 3533 1675 3657 sguffssmlgggggbiffimmffi

611 3663 684 3711 do
703 3677 812 3728 quae
833 3661 1039 3712 narravit
1069 3656 1162 3712 Eu.
1185 3677 1233 3719 v,
1253 3666 1302 3711 8.
1319 3665 1391 3722 10

683 3726 931 3778 Incurvus.
994 3723 1212 3774 Accurrit
1229 3725 1292 3773 nd
1325 3741 1423 3789 me,
1438 3725 1676 3789 incurvus,

617 3791 862 3856 tremulus,
880 3791 1016 3840 labiis
1033 3790 1264 3848 demissis,
1285 3805 1478 3855 gemeus
1507 3789 1601 3840 Eu.
1622 3791 1679 3854 ii,

683 3921 878 3970 Iucuso.
942 3919 1076 3978 Quid
1095 3935 1171 3968 me
1200 3918 1404 3977 incusas,
1425 3917 1679 3982 Clitipho?

619 3984 746 4035 Hea.
767 4001 816 4043 r,
833 3989 884 4034 2.
901 3987 934 4034 7
989 3983 1095 4032 Nos
1107 3983 1390 4049 jamdudum
1409 3983 1488 4032 bic
1507 3990 1557 4032 te
1593 3983 1679 4032 eb-

619 4059 802 4100 seutem
821 4049 1106 4106 incusamus,
1127 4048 1210 4115 qui
1225 4047 1396 4100 abieris
1427 4047 1519 4098 Ph.
1541 4047 1612 4112 iii,
1632 4051 1679 4100 1.

622 4120 655 4165 ’1
687 4115 852 4163 Ferme
871 4114 1057 4172 eadem,
1076 4125 1186 4177 qum
1205 4119 1307 4160 tute
1327 4113 1506 4162 dudum
1521 4127 1679 4162 coram

621 4191 700 4226 me
719 4178 1012 4227 incusaveras
1041 4177 1130 4226 Pb.
1152 4192 1200 4236 r,
1216 4181 1268 4226 7.
1289 4179 1352 4226 21

690 4241 831 4290 Inde.
892 4241 1063 4292 Redeo
1083 4243 1200 4291 inde
1211 4241 1356 4290 iratus
1375 4240 1444 4292 A.
1459 4239 1499 4306 i,
1517 4245 1564 4312 1.
1583 4243 1681 4294 110
1748 4248 1753 4251 ’

621 4303 1275 4373 βὶ,ιοὶα1αωωοῐίιιι,ε’ςο
1303 4321 1391 4372 pro
1427 4313 1477 4356 te
1507 4303 1681 4357 molam

1107 3465 1230 3524 1ι.ἰί,
1253 3471 1301 3516 1.
1317 3471 1354 3516 0
1384 3467 1690 3518 Incredibile·

1559 418 1807 467 mnssx

1714 567 1780 617 A.
1799 567 1837 625 i.
1860 571 1911 618 2.
1928 564 1997 618 28
2028 566 2233 625 herum
2248 565 2367 617 inde
2387 566 2553 617 abiens
2572 572 2773 623 conveni

1715 632 1929 681 Chremis
1958 632 2023 681 A.
2044 632 2099 694 ii,
2119 636 2168 683 2.
2190 636 2253 681 81
2302 632 2508 681 'Parasiti
2528 648 2773 697 personam

1714 696 1829 745 iude
1866 696 2070 745 ablatam
2108 703 2159 744 et
2195 696 2369 745 Militis
2421 697 2515 746 Eu.
2545 698 2674 751 Ptol.
2708 706 2777 753 26

1715 760 1881 826 Ecqua
1900 760 2017 809 inde
2052 776 2197 825 parva
2234 762 2429 825 perisset
2464 764 2628 811 soror?
2682 764 2778 815 Eu.

1716 842 1789 885 ιιι,
1809 830 1859 877 8.
1885 829 1947 875 16
1979 823 2183 874 Inde-ad
2198 826 2406 891 jurgium
2437 825 2529 875 Eu.
2549 827 2617 885 iv,
2641 834 2688 881 1.
2710 835 2775 882 12

1719 891 1843 941 Cum
1863 890 1979 939 iude
1998 891 2135 947 abeo,
2151 889 2253 954 jam
2270 899 2369 939 tum
2384 891 2625 957 inceperat
2640 895 2778 943 turba

1718 954 1811 1005 Eu.
1831 954 1900 1013 iv,
1918 957 1970 1003 4.
1993 958 2058 1005 58
2107 954 2229 1003 Inde
2250 955 2465 1005 omnibus
2484 956 2670 1019 signum
2690 959 2779 1006 da·

1720 1020 1783 1067 bo
1814 1019 1910 1069 Eu.
1930 1018 1999 1081 iv,
2020 1024 2068 1069 7.
2092 1022 2154 1070 11
2188 1019 2311 1068 Inde
2332 1020 2444 1069 item
2460 1020 2511 1068 in
2532 1022 2781 1087 (angipor-

1721 1080 1847 1197 ἱῖἲ.)
1862 1082 2225 1197 ἷὲἱὲῗ’.ῗέῖί“
2246 1083 2513 1198 ’ὶῑῖῒεὲ
2522 1090 2722 1199 :5333
2742 1090 2779 1139 '

1722 1218 1797 1263 est
1811 1230 1826 1260 ι
1845 1212 1959 1261 inde
1980 1214 2119 1270 adeo,
2138 1163 2269 1277 qugd
2317 1213 2442 1264 Hea.
2462 1214 2501 1278 i,
2522 1220 2571 1264 1.
2589 1220 2622 1265 2
2668 1166 2781 1265 5:¹1:

1723 1279 1837 1328 inde
1858 1292 2006 1341 usque
2027 1292 2057 1325 a
2076 1278 2277 1341 pueritia
2319 1278 2443 1327 Heu.
2465 1278 2501 1339 i,
2522 1282 2573 1327 2.
2593 1284 2628 1329 0
2670 1280 2779 1329 Jam

1723 1342 1838 1391 iude
1856 1343 1917 1391 ab
1937 1341 2258 1390 adolescentia
2287 1340 2387 1391 Ad.
2407 1342 2445 1401 i,
2470 1349 2519 1393 1.
2540 1347 2606 1394 16
2658 1342 2783 1395 Inde

1724 1422 1815 1471 ego
1833 1407 1959 1455 bunc
1978 1404 2199 1469 majorem
2220 1406 2445 1469 adoptavi
2466 1408 2582 1455 mihi
2625 1407 2723 1457 Ad.
2743 1408 2786 1467 i,

1727 1475 1774 1522 1.
1794 1474 1860 1523 22
1913 1468 2072 1519 Homo
2092 1470 2269 1520 amicus
2294 1472 2431 1519 nobis
2460 1470 2565 1535 jam
2600 1472 2715 1521 inde
2753 1489 2786 1523 a
2846 1488 2853 1494 ·

1726 1533 2118 1649 l'ffissssffiz
2135 1539 2269 1651 {12⁶
2268 1535 2539 1651 ῑῑῑοῖἷήιῗιώ
2552 1536 2687 1649 {¹:¹1³ss
2708 1553 2787 1651 2

1727 1664 1935 1729 cognitio
1956 1664 2082 1714 facta
2118 1663 2211 1711 He.
2233 1681 2281 1721 ν,
2303 1635 2351 1713 8,.
2372 1669 2435 1715 88
2479 1664 2653 1713 Filium
2672 1665 2786 1716 inde

1726 1731 1855 1778 huuc
1876 1736 2039 1777 uatum
2054 1728 2149 1777 He·
2170 1743 2219 1787 v,
2240 1732 2290 1779 8.
2306 1732 2370 1779 84
2412 1728 2543 1778 Dum
2564 1730 2680 1778 inde
2699 1728 2788 1779 iret

1727 1795 1921 1842 domum
1970 1793 2062 1842 Ph.
2078 1794 2118 1854 i,
2138 1796 2190 1843 2.
2212 1798 2278 1844 40
2332 1792 2507 1859 Neque
2528 1808 2624 1859 quo
2645 1795 2787 1843 modo

1714 1874 1804 1907 me
1823 1858 1937 1905 inde
1955 1858 2195 1906 extraham
2235 1856 2328 1905 Ph.
2347 1856 2383 1921 ἰ,
2404 1863 2457 1909 4.
2479 1860 2510 1907 8
2563 1858 2685 1907 Inde
2705 1858 2786 1907 ibo

1729 1924 1791 1970 ad
1812 1921 1963 1970 forum
2007 1920 2097 1969 Pb.
2116 1922 2175 1983 ii,
2196 1925 2243 1970 1.
2264 1924 2329 1971 82
2373 1922 2575 1971 Patruus
2606 1922 2789 1972 interea

1728 1986 1845 2035 inde
1880 1988 1975 2035 hnc
2010 1985 2251 2049 egreditur
2285 1986 2409 2035 foras
2466 1987 2557 2037 Ph.
2577 2002 2627 2049 V,
2646 1992 2698 2038 6.
2720 1992 2788 2039 88

1731 2051 1854 2100 Inde
1890 2052 2019 2099 hisce
2056 2051 2299 2098 ostendam
2337 2067 2414 2100 me
2470 2050 2561 2100 Ph.
2582 2067 2631 2109 v,
2650 2056 2701 2101 6.
2722 2056 2789 2102 62

1734 2114 1855 2164 Inde
1874 2115 2019 2163 filiam
2038 2114 2248 2179 suscepit
2262 2114 2362 2179 jam
2385 2131 2528 2165 unam
2565 2115 2656 2166 Ph.
2673 2132 2723 2176 v,
2740 2121 2791 2167 8.

1736 2184 2053 2292 ¹8Iudicium.
2105 2241 2157 2290 N
2157 2258 2235 2291 am
2250 2242 2382 2302 mihi,
2393 2244 2533 2308 quale
2548 2243 2793 2320 ingenium

1734 2310 1945 2365 haberes,
1965 2307 2057 2355 suit
2076 2307 2253 2357 indicio
2268 2308 2421 2356 oratio
2462 2307 2588 2358 Hea.
2608 2310 2664 2367 ni,
2682 2314 2734 2361 4.
2756 2314 2792 2361 4

1735 2372 1922 2421 Iudicio
1944 2373 2006 2420 de
2024 2372 2199 2446 seipse
2219 2371 2308 2420 erit
2368 2370 2465 2421 Ad.
2486 2372 2617 2424 Prol.
2641 2378 2673 2424 4
2729 2372 2793 2422 Id

1736 2452 1853 2483 anus
1890 2436 2005 2485 fecit
2038 2435 2264 2485 indlcium
2306 2436 2424 2485 mihi
2481 2436 2581 2488 Ad.
2600 2437 2739 2497 iv,'4.
2758 2442 2792 2489 7

1735 2501 1796 2549 Id
1816 2515 1945 2551 nuuc
1966 2515 2039 2549 res
2058 2501 2287 2550 indicium
2307 2503 2411 2551 haec
2431 2501 2546 2552 facit
2607 2503 2702 2552 He.
2724 2503 2794 2562 iv,

1739 2571 1789 2616 1.
1810 2570 1874 2615 81
1927 2563 2129 2630 Egomet
2148 2581 2254 2614 meo
2275 2566 2473 2624 indicio,
2496 2567 2633 2617 miser
2652 2567 2796 2617 hodie

1739 2630 1858 2694 perii
1898 2629 1990 2678 Eu.
2012 2647 2060 2688 v,
2076 2634 2125 2682 7.
2146 2635 2210 2680 28
2258 2631 2382 2680 Cum
2402 2631 2473 2681 illi
2494 2633 2657 2696 pericli
2672 2631 2793 2682 nihil

1734 2711 1792 2743 ex
1812 2695 1991 2744 indicio
2011 2695 2133 2743 siet?
2166 2694 2263 2745 Hc.
2284 2692 2354 2758 iii,
2378 2702 2425 2748 1.
2444 2701 2479 2746 6

1802 2758 1995 2810 Indico.
2078 2759 2179 2816 Qui
2228 2760 2423 2809 stultum
2466 2761 2795 2811 adolescentu-

1735 2823 1835 2872 lum
1853 2823 2075 2872 nobilitas
2094 2823 2305 2888 flagitiis,
2324 2833 2377 2874 et
2396 2827 2598 2894 eundem
2608 2825 2797 2874 iudicas

1738 2885 1833 2938 Eu.
1855 2904 1903 2945 v,
1924 2892 1972 2938 7.
1992 2892 2057 2940 21
2124 2889 2261 2938 Beue
2290 2889 2630 2940 dissimulatum
2666 2906 2797 2938 amo·

1736 2967 1835 3001 rem
1850 2959 1901 3000 et
1914 2953 2118 3002 celatum
2134 2952 2317 3002 indicat
2346 2955 2519 3019 A.i‚1.
2535 2960 2631 3008 106
2664 2953 2797 3003 Num

1737 3017 1843 3082 ejus
1862 3017 1993 3066 color
2013 3018 2205 3081 pudoris
2241 3019 2427 3094 signum
2462 3019 2675 3068 indicat?
2734 3018 2801 3071 A.

1738 3097 1790 3138 v,
1810 3086 1861 3132 8.
1881 3085 1913 3131 7
1955 3079 2057 3130 Res
2074 3082 2181 3144 ipsa
2199 3082 2383 3131 iudicat
2441 3083 2535 3133 Eu.
2555 3083 2623 3142 iv,
2646 3087 2694 3132 8.
2720 3087 2801 3133 16.

1738 3143 1809 3209 iv,
1828 3151 1879 3197 4.
1902 3149 1986 3196 88.
2027 3144 2126 3194 Ad.
2145 3145 2214 3200 iii,
2234 3149 2285 3195 2.
2309 3151 2376 3196 40
2425 3146 2574 3204 Quod
2592 3155 2640 3196 te
2661 3147 2801 3208 scire,

1738 3209 1757 3258 i
1864 3209 2046 3258 indicat
2065 3225 2139 3258 res
2192 3209 2290 3258 He.
2311 3209 2383 3268 iii,
2400 3215 2452 3261 8.
2475 3213 2538 3260 86
2602 3209 2704 3258 Res
2724 3212 2800 3260 in·

1790 3274 1921 3323 cubit
1961 3272 2054 3324 Eu.
2074 3272 2145 3335 iii,
2164 3279 2215 3325 2.
2238 3279 2301 3324 16
2336 3274 2407 3324 Ni
2426 3274 2648 3323 miserum
2666 3275 2801 3324 insu-

1742 3353 1827 3402 per
1844 3337 1989 3386 etiam
2021 3339 2147 3402 petri
2179 3338 2414 3388 indicares
2470 3339 2573 3390 Eu.
2591 3357 2641 3401 v,
2659 3344 2712 3390 7.
2736 3343 2802 3392 18

1741 3401 1839 3452 Hic
1858 3403 1989 3468 prius
2008 3417 2059 3452 se
2078 3401 2318 3468 indicarit,
2336 3419 2479 3469 quam
2508 3420 2599 3470 ego
2632 3415 2803 3470 argen-

1742 3475 1844 3517 tum
1867 3467 2069 3518 effecero
2110 3465 2207 3518 He.
2227 3467 2303 3532 iii,
2316 3473 2368 3519 8.
2390 3473 2456 3520 28
2500 3469 2623 3526 Quae
2635 3469 2804 3532 cupie-

1744 3533 1828 3581 bat
1844 3533 1909 3582 de
1928 3547 2085 3582 sorore
2102 3531 2209 3598 ejus
2236 3533 2445 3582 indicare
2499 3533 2592 3584 Eu.
2610 3532 2679 3592 iv,
2698 3536 2750 3582 1.
2767 3535 2803 3584 ’1

1744 3596 1806 3646 Id
1826 3605 2011 3646 nosmet
2027 3598 2049 3646 i
2084 3613 2161 3646 sos
2180 3597 2408 3661 indicare,
2426 3596 2707 3663 placabilius
2730 3604 2806 3646 est

1745 3661 1838 3714 Ph.
1860 3666 1983 3720 ν,7.
2005 3613 2083 3713 δὲ)
2129 3661 2246 3740 Non
2268 3678 2344 3740 me
2372 3665 2497 3713 hanc
2530 3679 2629 3712 rem
2664 3659 2806 3738 patri,

1749 3866 1801 3904 se
1884 3869 1934 3902 u·
1954 3870 1990 3918 ¹,
2045 3890 2061 3906 Ο
2216 3865 2231 3874 ²

1815 3917 2058 3968 Iudicem.
2121 3915 2359 3971 Indictus.
2422 3917 2538 3970 Non
2571 3935 2648 3968 me
2681 3915 2806 3969 iudi·

1750 3992 1890 4034 cente
1930 3983 2035 4033 haec
2070 3981 2193 4033 fiunt
2250 3985 2350 4038 Ad.
2370 3983 2441 4044 iii,
2461 3989 2511 4036 4.
2529 3989 2597 4034 62
2660 3981 2807 4041 Quod

1751 4048 1953 4107 dictum,
1972 4048 2206 4098 iudictmn
2226 4058 2299 4099 est
2340 4050 2434 4100 Ph.
2455 4067 2504 4107 v,
2526 4052 2575 4099 7.
2596 4053 2662 4098 68

1816 4113 2027 4164 Indicus.
2050 4113 2329 4179 Elephantis
2344 4129 2484 4178 quem
2496 4112 2677 4162 Indici·
2688 4125 2809 4176 pm·

1749 4177 1927 4228 fecerat
1955 4178 2048 4229 Eu.
2065 4177 2137 4236 iii,
2160 4185 2207 4229 1.
2224 4181 2291 4229 28
2680 4235 2683 4238 ,

1816 4242 2037 4309 Indigeo.
2100 4241 2252 4301 Quasi
2272 4249 2323 4293 tu
2334 4241 2477 4308 hujus
2491 4240 2709 4309 indigens
2722 4256 2807 4308 pu·

1753 4306 1836 4356 “is
1866 4307 1931 4360 Aa
1952 4325 2001 4368 7,
2022 4313 2073 4361 3.
2092 4313 2157 4361 1⁹
