3192 4975
1217 414 1297 465 ΙΝ
1345 412 1739 469 ΤΒΒΒΝΊῚΗ
1756 415 1829 462 Μ.

421 566 538 613 dum
561 564 648 613 tibi
667 564 730 615 A.
753 579 799 623 v,
819 568 867 613 3.
893 567 952 611 13
989 562 1166 611 Verum
1179 564 1342 627 aliquo
1364 580 1476 627 pec·

423 640 475 677 to
499 630 634 677 verba
655 644 727 677 me
750 628 820 677 hin
857 628 1070 675 daturam
1106 643 1210 677 etse
1250 628 1370 679 Heu.
1409 630 1474 686 iv,

487 754 681 818 Aliquo.
748 755 930 813 Profer,
953 756 1068 803 dum
1097 755 1370 819 proficiscor
1389 756 1476 804 ali·

421 836 540 883 quo3
578 836 638 868 ne
661 818 844 867 videam
881 820 942 867 A.
966 818 1022 881 ii,
1043 823 1088 869 l.
1111 824 1176 869 29
1231 820 1372 867 Illum
1393 820 1478 867 ali-

421 900 514 947 quo
530 883 864 931 conclusiuem
897 880 990 931 Eu.
1011 883 1076 939 iv,
1099 888 1147 933 3.
1167 888 1228 933 25
1262 884 1332 931 At
1351 892 1478 933 certe

419 948 650 995 concedas
671 948 784 995 hine
807 946 967 1010 aliquo
989 948 1050 995 ab
1071 962 1151 997 ore
1173 963 1330 996 eorum
1353 948 1475 997 Het-

418 1010 490 1067 iii,
504 1016 549 1059 3.
575 1014 633 1060 11
689 1012 720 1059 .Ῐ
727 1012 816 1059 ube
847 1012 974 1059 hunc
1011 1012 1138 1059 abire
1174 1012 1287 1060 hinc
1315 1012 1474 1075 aliquo

419 1074 539 1122 Hea-
560 1075 633 1131 iii.
656 1078 706 1125 3.
728 1078 790 1124 25
839 1074 918 1123 Νε
955 1076 1114 1123 denuo
1146 1076 1280 1123 miser
1315 1077 1474 1139 aliquo

418 1140 637 1187 extrudar
655 1138 768 1187 hinc
800 1137 924 1187 Heu.
942 1140 1011 1193 iv,
1029 1144 1077 1187 6.
1112 1145 1140 1189 5
1200 1140 1355 1188 Credo
1389 1141 1474 1187 ab·

417 1204 617 1251 ductum
640 1203 692 1249 in
722 1218 923 1265 ganeum
959 1202 1118 1265 aliquo
1160 1202 1253 1251 Ad.
1274 1204 1347 1259 iii,
1368 1208 1420 1252 3.
1441 1209 1474 1255 6

415 1266 551 1314 Hinc
585 1283 728 1329 egens
761 1266 998 1331 profugiet
1027 1266 1185 1329 aliquo
1221 1268 1474 1317 militatum

415 1330 517 1377 Ad.
541 1330 615 1386 iii,
647 1332 697 1379 3.
731 1334 790 1380 31
849 1330 989 1387 Quae,
1025 1340 1254 1393 quantum
1296 1340 1476 1395 potent.

416 1392 578 1457 aliquo
601 1390 869 1457 abjicienda
890 1402 961 1443 est
991 1394 1092 1445 Ad.
1115 1395 1180 1457 iv,
1203 1401 1255 1446 7.
1271 1401 1336 1445 26
1391 1396 1498 1443 In·-

419 1466 545 1505 terea
585 1458 636 1505 in
671 1457 890 1521 angulum
925 1458 1082 1521 aliquo
1103 1460 1269 1508 abeam
1302 1459 1404 1508 Ad.
1429 1476 1476 1515 v,

416 1526 466 1571 2.
493 1524 545 1571 11
604 1521 778 1584 Aliquo
817 1522 931 1571 mihi
963 1534 1036 1571 est
1054 1523 1164 1571 hinc
1186 1524 1476 1587 ablegandum

419 1584 511 1634 He.
533 1584 602 1641 iii,
621 1588 666 1635 2.
689 1590 752 1635 53

483 1650 698 1712 Aliquot.
775 1648 845 1698 Ut
879 1649 1061 1713 aliquot
1095 1648 1262 1697 saltem
1298 1650 1478 1713 nuptiis

418 1715 587 1776 prodat
607 1714 711 1761 dies
740 1712 806 1763 A.
826 1713 881 1770 ii,
905 1719 950 1763 1.
978 1718 1036 1763 13
1085 1713 1261 1761 Saltem
1295 1714 1480 1777 aliquot

418 1776 520 1825 dies
544 1778 697 1839 profer
727 1776 788 1825 A.
811 1776 867 1839 ii,
892 1782 936 1827 1.
958 1782 1024 1827 28
1055 1775 1260 1840 Aliquot
1277 1792 1354 1825 me
1374 1779 1474 1827 adi-

417 1858 514 1896 ere.
531 1858 585 1889 ex
607 1850 654 1889 te
676 1840 888 1889 auditum
913 1841 998 1904 qui
1031 1842 1221 1889 aiebant
1251 1840 1314 1889 A.
1337 1842 1404 1897 iii,
1423 1848 1472 1893 3.

417 1910 452 1953 2
487 1906 607 1954 Cum
628 1906 678 1953 in
705 1904 932 1967 pariundo
955 1905 1140 1968 aliquot
1159 1906 1395 1955 affuerunt
1415 1906 1472 1953 li-

417 1969 539 2015 berae
571 1968 634 2017 A.
677 1969 744 2025 iv,
781 1972 831 2017 4.
864 1974 928 2019 32
983 1970 1096 2017 Sine
1131 1970 1262 2017 illum
1297 1971 1474 2033 priores

418 2042 572 2095 partes
593 2032 778 2095 aliquot
807 2032 910 2081 dies
933 2035 1059 2096 apud
1084 2050 1160 2081 me
1179 2035 1348 2082 habere
1382 2034 1475 2083 Eu.

417 2097 454 2152 i,
475 2100 525 2145 2.
547 2100 608 2145 71
665 2094 782 2145 Heri
809 2098 990 2159 aliquot
1009 2098 1350 2145 adolescentuli
1391 2114 1474 2147 co-

417 2160 540 2207 imus
559 2160 611 2207 in
637 2160 821 2209 Piraeeo
855 2158 948 2210 Eu.
971 2159 1046 2216 iii,
1062 2165 1110 2209 4.
1134 2165 1159 2209 1
1212 2161 1372 2209 Hosne
1393 2162 1476 2209 nli·

419 2233 536 2287 quot
559 2226 662 2273 dies
683 2241 780 2273 non
801 2225 974 2273 sentiet
1006 2224 1127 2274 Hea.
1149 2224 1216 2281 iv,
1237 2232 1285 2274 5.
1308 2229 1338 2273 4
1383 2224 1422 2273 F
1425 2240 1477 2273 n-

417 2287 531 2337 isset
567 2295 663 2337 turn
696 2288 804 2337 illos
843 2288 962 2337 mihi
999 2304 1120 2363 aegre
1155 2289 1338 2352 aliquot
1371 2290 1476 2339 dien

418 2352 510 2401 Ph.
534 2352 570 2409 i,
593 2358 641 2401 3.
665 2358 693 2401 7
729 2353 930 2416 Aliquot
952 2354 1066 2401 mihi
1077 2353 1258 2401 amicos
1271 2356 1474 2403 advoca·

417 2417 482 2463 bo
517 2417 609 2466 Ph.
649 2418 700 2473 ii,
746 2423 788 2466 1.
826 2423 890 2467 82
938 2416 1140 2483 Aliquot
1175 2418 1261 2467 hoa
1295 2434 1474 2467 sumam

418 2477 522 2530 dies
553 2478 645 2532 Ph.
669 2501 714 2539 v,
729 2489 775 2532 5.
795 2484 828 2531 4

481 2544 653 2596 Aliter.
720 2545 898 2594 Verum
937 2545 1073 2594 aliter
1107 2546 1294 2595 evenire
1324 2546 1474 2596 multo

416 2609 644 2673 intelligit
673 2609 740 2660 A.
763 2609 888 2659 Ptol.
909 2615 940 2659 4
983 2609 1057 2656 Tu
1078 2609 1120 2658 si
1139 2611 1217 2658 hic
1239 2609 1319 2667 nis,
1341 2611 1477 2658 aliter

417 2674 589 2722 sentias
622 2673 686 2722 A.
707 2675 758 2730 ii,
784 2680 827 2722 1.
852 2679 914 2724 1⁰
962 2673 1134 2730 Clinia,
1172 2674 1307 2722 aliter
1344 2682 1476 2722 tuum

417 2737 1478 2850 3303323352523125533525.¹;¹.⁶⁸A.³³·.‘l·

1369 2833 1382 2848 ·
1463 2835 1476 2857 r

417 2869 468 2914 4.
489 2869 555 2916 46
601 2865 690 2912 Sin
710 2865 844 2912 aliter
879 2866 940 2912 de
961 2865 1051 2911 hac
1081 2881 1129 2912 re
1149 2873 1223 2912 est
1245 2865 1350 2926 ejus
1370 2881 1476 2912 nen·

417 2929 568 2977 tentia
601 2928 704 2978 Ad.
721 2926 796 2982 iii,
819 2933 866 2976 5.
887 2933 916 2975 5
973 2925 1230 2990 Nunquam
1253 2936 1301 2974 te
1324 2928 1475 2984 aliter.

413 3001 565 3056 atque
590 3008 658 3048 es,
691 2991 744 3038 in
777 2991 986 3054 animum
1008 2991 1169 3038 induxi
1193 3007 1345 3038 meum
1378 2991 1476 3041 Ad.

413 3057 485 3111 iv,
510 3059 560 3105 3.
585 3059 617 3104 6
650 3054 743 3102 Sed
767 3053 806 3102 si
825 3055 960 3102 aliter
979 3063 1117 3116 putas
1147 3054 1246 3106 Ad.
1267 3054 1393 3111 iv,3.
1418 3060 1478 3104 12

419 3120 569 3168 Haud
593 3118 728 3166 aliter
741 3133 914 3166 censeo
946 3118 1045 3168 Ad.
1081 3133 1128 3174 v,
1165 3126 1214 3168 8.
1255 3126 1286 3168 5
1339 3119 1478 3168 Nihil

420 3186 556 3247 agist
593 3181 692 3230 fieri
727 3182 863 3230 aliter
894 3198 990 3229 non
1023 3190 1181 3244 potest
1222 3181 1320 3231 Ad.
1359 3200 1405 3240 v,
1429 3189 1478 3234 8.

423 3253 485 3297 13
539 3247 665 3302 Scio,
705 3243 886 3294 nemini
920 3247 1053 3294 aliter
1073 3255 1340 3309 suspectum
1378 3248 1478 3296 fore

422 3311 518 3358 He.
533 3312 603 3369 iii,
627 3316 672 3360 3.
695 3317 760 3360 38
807 3309 980 3375 Neque
999 3311 1122 3358 adeo
1154 3311 1364 3360 arbitrari
1392 3328 1477 3375 pa-

422 3373 505 3422 tris
527 3382 598 3422 ert
617 3376 750 3422 aliter
794 3374 888 3423 He.
910 3376 974 3432 iv,
997 3379 1044 3423 1.
1067 3378 1129 3424 14
1173 3376 1261 3424 Sin
1295 3383 1386 3431 est,
1425 3384 1478 3424 ut

423 3439 562 3486 aliter
595 3448 676 3488 tua
709 3439 800 3487 siet
833 3440 1070 3486 sententia
1103 3437 1197 3488 He.
1236 3441 1302 3497 iv,
1339 3445 1389 3490 4.
1415 3445 1474 3490 15

423 3502 576 3550 Aliter
597 3504 636 3550 si
657 3503 804 3550 faciae
839 3503 932 3552 He.
961 3519 1012 3559 ν.
1041 3507 1086 3551 1.
1107 3508 1172 3552 38
1218 3503 1302 3552 Sin
1325 3503 1479 3560 aliter,

425 3575 569 3630 negat
599 3567 691 3615 Ph.
713 3569 748 3624 1,
771 3573 820 3618 2.
845 3574 910 3618 66
945 3567 1048 3630 Ego
1072 3567 1198 3614 hunc
1219 3583 1322 3614 esse
1343 3567 1478 3616 aliter

427 3630 603 3680 credidi
626 3631 716 3680 Ph.
737 3632 870 3690 11ῑ,2.
891 3636 956 3682 4-1
989 3631 1092 3694 Ego
1105 3631 1184 3680 isti
1202 3630 1354 3678 nihilo
1376 3647 1478 3680 sum

425 3695 576 3751 aliter,
595 3712 650 3742 ac
673 3695 744 3742 fui
775 3695 866 3742 Ph.
888 3695 1022 3752 iiia.
1040 3701 1102 3744 45

491 3759 720 3809 Aliunde.
786 3759 908 3808 Aliis
927 3759 1120 3808 aliunde
1133 3766 1208 3808 est
1221 3757 1480 3822 periculum

426 3823 518 3871 Ph.
539 3823 589 3879 ii,
612 3827 660 3872 2.
687 3827 751 3874 19

490 3886 646 3944 Alius,
661 3903 706 3943 a,
721 3888 803 3936 ud.
835 3883 1025 3944 Hercle.
1043 3887 1164 3934 alius
1177 3903 1316 3936 nemo
1331 3885 1480 3949 respi-

427 3950 496 4000 cit
517 3967 603 3999 noa
635 3950 732 4001 Ad.
755 3949 832 4013 iii,
855 3957 904 4001 2.
927 3957 990 4000 55
1029 3951 1116 4001 Est
1137 3951 1256 3999 aliu·
1271 3951 1484 4014 quidam,

427 4017 723 4078 parasitaster
743 4016 960 4077 parvolus
983 4014 1082 4064 Ad.
1107 4031 1152 4072 v,
1167 4020 1264 4065 2.4
1296 4014 1481 4072 Quibus

427 4081 479 4127 in
501 4083 636 4128 rebus
660 4077 780 4128 alius
796 4096 856 4128 ne
877 4079 1021 4128 iratus
1051 4081 1242 4144 quidem
1280 4086 1354 4126 est
1385 4077 1480 4128 He.

425 4144 501 4202 iii,
526 4150 573 4194 1.
598 4148 662 4194 28
695 4143 918 4193 Vultisne
939 4159 1100 4192 eamus
1121 4143 1299 4192 visere?
1333 4143 1480 4192 aiiuu

429 4223 600 4258 censeo
635 4210 728 4258 Ph.
772 4207 808 4266 i.
845 4213 906 4272 2.
929 4211 994 4258 52
1061 4205 1200 4256 Alius
1237 4208 1299 4255 ab
1335 4208 1482 4258 oculis

432 4273 550 4322 meir
584 4273 716 4323 illam
739 4272 848 4324 hinc
869 4273 1110 4324 abducet?
1143 4272 1233 4324 Ph.
1255 4272 1330 4332 iii,
1348 4276 1398 4326 3.
1418 4275 1480 4325 15

2480 403 2615 471 xxi

1551 560 1621 611 Ut
1640 563 1745 617 alii.
1767 563 1807 611 ri
1828 563 1941 613 huic
1976 578 2075 613 no·
2109 564 2187 621 tit,
2224 564 2315 613 niet
2344 564 2441 615 He.
2462 566 2533 629 111,
2556 574 2609 621 5.

1551 632 1617 677 59
1669 626 1835 675 Alium
1856 644 1961 677 esse
1986 642 2149 676 centes
2184 644 2311 678 nunc
2342 645 2436 688 me,
2465 640 2613 696 atque

1550 691 1699 737 olim?
1734 690 1799 742 A.
1821 688 1896 748 iii,
1931 696 1982 742 3.
2006 696 2069 741 13
2133 692 2289 749 Quen
2318 708 2496 759 rogem,
2525 697 2611 761 qui

1551 754 1629 803 hic
1658 755 1896 803 neminem
1926 756 2073 805 alium
2109 756 2333 805 videem?
2380 757 2448 807 A.
2468 760 2536 819 iv,
2554 765 2610 813 4.

1552 822 1611 867 11
1648 818 1805 869 Nemo
1828 828 2007 883 postet,
2031 820 2115 883 qui
2139 821 2347 879 liaberet,
2366 824 2451 885 qui
2474 838 2610 886 part·

1550 890 1621 931 ret
1656 882 1819 940 alium,
1856 884 1985 932 hunc
2017 884 2205 947 perpeti
2236 883 2329 935 Eu.
2364 886 2440 941 iii,
2473 893 2523 937 2.
2544 893 2611 939 35

1549 946 1677 995 Nem
1711 947 1887 1009 quem?
1920 946 2065 995 alium
2084 949 2227 996 habui
2248 950 2483 997 neminem
2517 951 2611 1001 Eu.

1547 1010 1615 1066 iv,
1636 1015 1685 1060 4.
1709 1014 1769 1060 13
1820 1008 1985 1061 Alium
2005 1013 2287 1073 querebam,
2307 1013 2399 1061 iter
2416 1014 2505 1063 hnc
2527 1017 2611 1063 ln-

1550 1075 1633 1121 bui
1664 1074 1755 1123 Eu.
1778 1089 1825 1131 v,
1846 1079 1895 1125 9.
1918 1080 1981 1125 35
2014 1074 2097 1124 Ad
2120 1076 2265 1123 alium
2280 1077 2486 1125 defertur
2506 1094 2613 1153 gre-

1549 1154 1657 1202 gem
1689 1137 1813 1187 Heu.
1833 1138 1963 1188 Prol.
1983 1141 2048 1189 45
2103 1140 2203 1197 Qui
2227 1140 2343 1187 mihi
2364 1156 2447 1205 per
2464 1142 2613 1191 elium

1549 1204 1759 1251 ostendit
1791 1218 1923 1251 suam
1957 1203 2239 1251 sententiam
2270 1204 2395 1253 Heu.
2430 1206 2485 1263 ii.
2512 1212 2559 1257 1.
2578 1212 2611 1257 7

1548 1266 1642 1315 Per
1662 1266 1806 1315 ulium
1828 1266 2041 1329 quemvis
2060 1274 2113 1315 ut
2128 1270 2213 1317 deu
2240 1267 2365 1319 Heu.
2390 1270 2461 1329 iii,
2484 1274 2609 1321 1.61

1549 1328 1698 1391 Apud
1742 1330 1887 1379 alium
1923 1331 2143 1393 prohibet
2189 1332 2429 1393 dignita:
2482 1336 2611 1398 apud

1549 1393 1695 1441 alium
1732 1394 1881 1457 ipsius
1904 1394 2019 1445 facti
2041 1396 2191 1459 pudet
2226 1395 2353 1445 Heu.
2382 1396 2453 1454 iii.
2475 1402 2523 1448 3.
2549 1403 2611 1448 15

1549 1458 1721 1515 Quaere
1744 1458 1887 1507 elium
1910 1458 1999 1505 tibi
2020 1458 2221 1509 amicum
2243 1460 2491 1509 firmiorem
2512 1462 2611 1513 He.

1549 1538 1597 1576 v.
1622 1526 1669 1572 1.
1696 1526 1757 1571 19
1788 1521 1967 1571 Dotem
1988 1523 2162 1571 daretis
2180 1542 2192 1571 t
2212 1532 2443 1587 quareret
2462 1526 2609 1574 elium

1546 1586 1696 1633 virum
1730 1586 1821 1635 Ph.
1836 1585 1891 1642 ii,
1916 1590 1963 1635 1.
1988 1591 2052 1636 67
2103 1587 2227 1637 Item
2263 1588 2355 1636 elio
2378 1589 2459 1637 die
2482 1605 2613 1661 qno·

1547 1650 1705 1697 rebam
1738 1648 1803 1697 A.
1824 1649 1857 1703 i.
1885 1654 1931 1699 1.
1951 1655 2019 1700 62
2049 1650 2423 1701 Adulescentulo
2441 1653 2494 1701 in
2514 1653 2612 1703 elio

1548 1722 1783 1775 occupato
1808 1729 1963 1762 umore
1994 1714 2061 1763 A.
2080 1731 2129 1772 v,
2154 1721 2201 1765 1.
2219 1721 2281 1766 1⁰
2314 1716 2498 1766 Euneon
2516 1718 2613 1765 alio

1549 1778 1649 1825 viro
1673 1792 1871 1839 puerum
1893 1786 2057 1826 natum
2093 1778 2189 1827 Ad.
2214 1780 2283 1837 iv,
2304 1786 2355 1829 5.
2376 1786 2441 1831 23
2493 1781 2615 1831 Alio

1549 1843 1711 1889 morbo
1752 1842 1971 1891 affectam
2010 1842 2105 1893 He.
2142 1844 2216 1905 iii,
2236 1848 2335 1893 3.5
2392 1845 2475 1892 Sin
2514 1846 2613 1895 alio

1547 1914 1620 1952 ent
1659 1906 1815 1953 animo
1848 1906 1944 1954 He.
1976 1907 2050 1963 iii,
2084 1913 2133 1955 5.
2171 1912 2235 1956 52
2290 1908 2472 1957 Eadem
2508 1911 2613 1959 hoe

1545 1970 1683 2017 multi
1704 1970 1785 2017 alii
1804 1970 1857 2019 in
1891 1968 2057 2019 Andro
2082 1978 2183 2019 turn
2202 1972 2427 2021 audivero
2458 1971 2519 2019 A.
2562 1989 2612 2031 v,

1545 2037 1594 2081 4.
1620 2038 1685 2083 28
1728 2034 1826 2082 Ubi
1858 2035 1975 2083 alii?
2008 2037 2088 2084 Sa.
2124 2035 2240 2092 Qui,
2278 2036 2471 2093 malum,
2495 2037 2613 2084 alii?

1548 2094 1639 2145 Eu.
1662 2097 1725 2151 iv,
1744 2102 1794 2147 7.
1819 2103 1882 2145 10
1916 2098 2016 2145 Alii
2039 2099 2305 2146 clanculum
2326 2108 2483 2162 patres
2504 2116 2611 2163 qnoe

1548 2159 1736 2207 faciunt
1767 2159 1916 2215 Ad.i,
1943 2165 2072 2211 1.27
2129 2161 2302 2209 Fecere
2342 2162 2429 2209 alii
2468 2178 2613 2225 σερε,

1545 2222 1663 2271 item
1700 2223 1814 2271 boni
1848 2222 1946 2271 Ad.
1969 2224 2035 2281 iv,
2056 2230 2106 2275 5.
2144 2229 2208 2273 54
2257 2224 2362 2273 Alii
2400 2226 2615 2275 meliore·

1546 2295 1685 2335 erunt
1716 2288 1813 2337 Ad.
1848 2303 1897 2343 v,
1921 2294 1971 2338 9.
2014 2293 2075 2338 11
2132 2287 2351 2337 Aliorum
2392 2292 2615 2354 exempla

1546 2360 1848 2399 commonent
1881 2351 1947 2403 A.
1966 2352 2033 2410 iv,
2052 2359 2102 2403 5.
2131 2358 2191 2403 17
2222 2352 2369 2409 Quod
2391 2354 2435 2402 ei
2452 2370 2614 2417 peno-

1546 2415 1621 2463 nis
1642 2416 1813 2465 iisdem
1850 2417 1921 2463 uti
1960 2417 2067 2465 aliis
2102 2416 2329 2481 (Poetis)
2364 2433 2461 2465 non
2499 2418 2615 2467 licet

1547 2479 1641 2528 Eu.
1662 2480 1791 2530 Prol.
1814 2485 1878 2530 35
1914 2481 2044 2530 Mihi
2060 2482 2287 2547 (gratias)
2300 2484 2488 2546 agebat,
2505 2483 2612 2533 alii·

1546 2560 1643 2592 non
1678 2546 1791 2594 item
1828 2544 1919 2594 Eu.
1953 2547 2031 2607 iii,
2072 2553 2119 2596 1.
2154 2552 2187 2595 8
2236 2547 2407 2604 Immo,
2430 2548 2536 2596 aliis
2570 2549 2613 2597 ni

1547 2608 1679 2664 licet.
1697 2608 1781 2656 tibi
1804 2625 1901 2656 non
1924 2609 2038 2659 lieet
2069 2611 2193 2658 Hes.
2214 2611 2277 2665 iv,
2302 2618 2351 2660 5.
2372 2615 2441 2660 49
2472 2611 2613 2660 Non-

1546 2687 1607 2719 ne
1646 2673 1696 2720 id
1718 2672 1953 2735 flagitium
1993 2681 2083 2731 eet,
2130 2682 2177 2722 te
2220 2674 2328 2722 eliis
2358 2675 2613 2724 consilinm

1546 2736 1690 2784 dure?
1726 2735 1847 2784 Heu..
1870 2753 1915 2793 v,
1940 2741 1989 2786 1.
2010 2743 2080 2787 49
2123 2737 2251 2786 Date
2274 2740 2529 2797 silentium,
2556 2747 2613 2788 ut

1547 2798 1692 2846 libeat
1727 2800 1927 2860 scribere
1962 2799 2067 2846 aliis
2100 2800 2199 2849 He.
2236 2800 2339 2851 Alt.
2378 2803 2508 2851 Prol.
2542 2807 2613 2853 48

1547 2861 1697 2910 Aliud
1715 2862 1911 2910 fortasse
1930 2862 2035 2909 aliis
2059 2862 2164 2910 vitii
2185 2872 2257 2910 est
2290 2864 2383 2911 He.
2403 2865 2457 2919 ii.
2480 2869 2531 2916 2.
2547 2870 2615 2916 28

1548 2925 1647 2974 Hic
1668 2926 1773 2974 dies
1794 2926 1912 2974 alios
1928 2941 2081 2974 mores
2096 2927 2309 2990 postulat
2339 2927 2406 2978 A.
2423 2929 2462 2985 i,
2478 2934 2527 2978 2.
2548 2934 2613 2980 18

1550 2987 1686 3036 Cedo
1708 2988 1826 3036 alios
1858 2989 1949 3036 Eu.
1969 2990 2036 3047 iv,
2058 2994 2106 3038 7.
2120 2995 2157 3038 6
2210 2990 2366 3044 Video
2386 2992 2501 3040 ulios
2520 2993 2615 3041 fes-

1551 3051 1701 3100 tinare
1732 3053 1855 3100 Hea.
1878 3055 1912 3109 i,
1934 3058 1982 3102 l.
2004 3058 2069 3102 73
2103 3053 2259 3101 Unam
2280 3056 2404 3102 hanc
2418 3072 2515 3104 rem
2536 3073 2614 3106 me

1549 3117 1721 3164 habene
1760 3123 1928 3179 praeter
1946 3116 2067 3164 alios
2088 3117 2283 3164 arbitror
2313 3117 2410 3166 Ad.
2430 3120 2487 3176 ii.
2510 3125 2557 3168 3.
2579 3128 2611 3170 5

1546 3179 1617 3228 Te
1632 3187 1775 3243 atque
1798 3180 1915 3230 alios
1936 3189 2121 3244 partum
2144 3189 2199 3228 nt
2219 3181 2395 3230 celaret
2424 3183 2521 3233 He.
2538 3184 2614 3243 111.

1549 3248 1599 3293 3.
1623 3249 1687 3296 24
1743 3242 1885 3292 Alios
1907 3252 2035 3293 tunm
2056 3260 2154 3292 rem
2174 3246 2421 3296 credidisti
2444 3249 2612 3311 magis,

1547 3323 1691 3372 quam
1724 3316 1839 3364 tete,
1861 3309 2293 3357 animadversuros?
2329 3311 2421 3360 Ph.
2455 3312 2525 3368 iii,
2562 3316 2612 3363 1.

1549 3377 1578 3421 3
1635 3372 1744 3420 Ηοο
1764 3373 1933 3421 scitum
1956 3381 2057 3433 est3
2114 3373 2375 3438 periculum
2416 3392 2473 3424 ex
2509 3375 2614 3425 aliis

1547 3437 1702 3484 facere
1735 3437 1861 3488 Hea.
1884 3437 1921 3493 i,
1942 3442 1992 3486 2.
2014 3441 2080 3486 36
2130 3438 2406 3488 Periculum
2428 3457 2487 3488 ει
2504 3440 2614 3490 aliis

1549 3499 1697 3548 facito
1728 3501 1855 3549 Heu.
1878 3502 1935 3558 ii,
1959 3505 2007 3550 1.
2031 3506 2065 3552 9
2106 3501 2178 3549 Ex
2200 3501 2307 3549 aliis
2328 3518 2509 3552 sumere
2528 3521 2613 3552 ex-

1549 3565 1757 3627 emplum
1790 3564 1879 3613 sibi
1911 3563 2007 3612 Ad.
2026 3565 2101 3620 iii.
2123 3571 2171 3614 3.
2210 3569 2275 3614 62
2325 3566 2472 3623 Quod
2505 3568 2525 3614 i

1549 3645 1607 3676 ex
1630 3629 1734 3676 aliis
1756 3630 1976 3677 auditura
1994 3629 2058 3676 sit
2089 3628 2181 3676 Ph.
2200 3644 2247 3686 v,
2270 3633 2320 3678 7.
2342 3635 2407 3679 67
2458 3629 2525 3677 Fa
2542 3631 2612 3679 1⁸-

1549 3694 1625 3740 cia
1644 3693 1738 3742 aliu
1759 3693 1899 3742 aliam
1931 3694 2079 3740 trudit
2108 3691 2175 3740 A.
2214 3694 2281 3752 iv,
2302 3698 2350 3744 4.
2374 3697 2440 3742 40
2502 3693 2617 3742 Alit

1550 3772 1623 3804 ree
1642 3766 1717 3806 est
1757 3756 1850 3806 Eu.
1867 3757 1943 3812 ji,
1973 3761 2021 3804 3.
2058 3760 2125 3805 69
2178 3755 2311 3803 Dum
2346 3756 2482 3804 nulla
2516 3758 2616 3806 ulit

1549 3821 1806 3870 delectatio
1828 3820 1950 3870 Heu.
1970 3835 2019 3875 v.
2042 3824 2091 3869 2.
2114 3823 2179 3868 34
2222 3819 2344 3867 Nati
2363 3820 2483 3868 filii:
2518 3821 2615 3870 ali·

1551 3901 1661 3934 curn
1693 3884 1791 3934 Ad.
1824 3899 1870 3942 v,
1904 3887 1955 3932 4.
1983 3888 2043 3933 14
2098 3882 2159 3930 Ei
2196 3899 2340 3932 causa
2374 3885 2469 3932 alia
2540 3901 2615 3934 nu

1550 3949 1645 3998 fuit
1675 3949 1767 3996 He.
1786 3949 1853 4004 iv,
1874 3951 1926 3997 4.
1948 3951 2011 3998 73
2068 3948 2122 3996 Si
2158 3956 2281 3995 eeset
2313 3948 2409 3996 alia
2440 3963 2501 3996 ex
2586 3967 2615 4000 ο

1553 4021 1753 4074 quaestu,
1776 4013 1903 4061 haud
1924 4012 2117 4068 feceret,
2150 4013 2249 4059 scio
2283 4011 2379 4060 He.
2408 4027 2458 4074 v,
2480 4017 2526 4060 1.
2548 4017 2615 4064 29

1552 4078 1649 4126 Hic
1668 4078 1773 4128 dies
1790 4077 1935 4124 elium
1968 4076 2116 4124 vitum
2138 4075 2275 4123 affert
2313 4075 2381 4123 A.
2416 4077 2455 4133 i,
2478 4079 2527 4126 2.
2546 4082 2611 4128 18

1551 4141 1713 4192 Aliam
1734 4142 1916 4190 otiosus
1948 4149 2129 4204 queret
2158 4138 2223 4188 A.
2254 4139 2309 4197 ii,
2332 4146 2381 4190 3.
2404 4145 2471 4190 24
2502 4139 2613 4191 ral-

1553 4207 1675 4256 laeia
1707 4207 1799 4256 eliu
1844 4204 1983 4256 aliam
2028 4203 2177 4252 trudit
2225 4202 2289 4252 A.
2330 4204 2395 4263 iv,
2449 4209 2499 4255 4.
2546 4212 2615 4258 49

1554 4271 1713 4322 Aliam
1751 4287 1848 4323 rem
1878 4287 1941 4321 ex
1956 4269 2050 4320 alia
2070 4268 2279 4334 cogitare
2310 4267 2401 4323 Eu.
2423 4270 2491 4330 iv,
2508 4277 2561 4322 ¹.
2577 4275 2609 4319 3
