3192 4975
315 621 490 684 ,σο

1234 393 1314 444 ΙΝ
1361 391 1838 446 ΤΕΒΒΝἸΊΠΠ.

643 549 816 613 imbec
837 561 885 594 re
907 545 1074 596 adosse
1121 545 1214 598 He.
1235 544 1481 606 iii‚·⁸'.··l‘1.

573 619 644 662 on'»
657 612 810 662 hercle
827 610 1092 670 verbisdici
1107 617 1264 674 potest
1277 617 1475 668 tautum,

459 695 564 728 uem
587 695 633 728 re
654 675 758 742 ipsc
777 677 996 740 navigare
1027 669 1376 724 incommodum
1410 684 1482 724 est

475 760 519 792 e.
541 743 614 804 iii,
633 746 682 791 4.
703 747 754 791 3“
791 739 886 788 Sed
908 755 1034 788 niune
1057 741 1170 788 mihi
1190 739 1244 787 in
1279 746 1480 788 mentem

421 809 568 864 venit,
606 823 664 856 ex
681 837 688 842 -
704 808 794 855 hcc
830 821 898 861 re,
921 806 1050 869 quod
1091 805 1266 853 locuta*
1285 820 1335 852 es
1371 804 1483 852 olim

421 868 516 921 He.
537 872 605 928 iv,
631 874 677 921 1.
699 875 764 922 22
785 929 788 934 ¹
818 869 922 917 Etsi
943 869 1030 916 tibi
1051 884 1193 918 causa
1214 876 1290 917 est
1311 869 1374 916 de
1394 869 1481 918 huc

422 939 490 992 re,
509 944 656 984 muter
677 950 782 1001 quae
805 943 852 982 tc
869 934 1078 996 impulit.
1134 933 1317 982 Neutra
1349 933 1397 981 iu
1434 947 1485 982 re

420 1001 556 1048 vobis
569 999 826 1048 difficultas
845 1015 874 1046 a
896 1013 972 1046 me
992 998 1097 1050 erit.
1141 998 1199 1046 In
1222 1013 1280 1046 ee
1301 1013 1350 1045 re
1373 1010 1482 1046 cum

421 1061 616 1113 sit-mihi
635 1063 840 1128 odjutrix
861 1077 1035 1112 socrus.
1085 1061 1154 1111 Te
1175 1077 1256 1110 oro
1281 1077 1416 1126 porro
1434 1063 1484 1110 iu

419 557 498 600 αἱ
517 565 548 600 ο

333 1178 338 1189 ,
420 1131 513 1180 hnc
529 1145 578 1178 re
600 1128 790 1192 adjutor
809 1128 874 1176 sis
893 1127 1008 1174 mihi
1060 1127 1154 1176 He.
1175 1128 1241 1190 iv,
1259 1131 1310 1176 4.
1331 1131 1382 1178 8.
1404 1131 1486 1177 45.

421 1199 505 1246 83.
543 1198 610 1243 99
666 1191 754 1240 Est
793 1207 980 1258 magne,
1019 1199 1216 1262 ecastor,
1240 1191 1387 1256 gratie
1424 1192 1486 1240 de

422 1259 544 1308 istnc
562 1274 631 1320 re,
651 1255 790 1321 quim
812 1257 900 1304 tibi
920 1258 1114 1304 habeam
1167 1257 1260 1304 He.
1283 1272 1331 1312 ν,
1355 1259 1484 1310 1.,14

423 1322 654 1372 Mulieres
667 1329 916 1385 suspectas
935 1321 1080 1369 fuisse
1107 1321 1225 1368 falso
1261 1319 1416 1377 nobis,
1437 1318 1488 1365 in

425 1401 475 1434 re
489 1384 601 1450 ipsa
637 1387 912 1434 invenimus.
945 1385 1184 1436 ‚Profecto
1221 1386 1275 1432 in
1314 1386 1402 1432 hac
1437 1399 1488 1432 re

424 1449 543 1499 nihil
563 1451 674 1499 mali
693 1458 781 1506 est,
805 1451 933 1515 quod
957 1451 1018 1498 sit
1038 1450 1242 1498 discidio
1277 1450 1486 1512 dignum.

421 1514 521 1572 An,
541 1514 655 1579 quia
673 1531 771 1563 non
793 1513 992 1571 audisti.
1007 1514 1068 1562 de
1099 1516 1188 1562 hcc
1223 1529 1273 1562 re
1305 1513 1488 1563 unimus

428 1595 560 1628 meus
597 1587 652 1626 ut
681 1581 744 1628 sit
795 1579 888 1630 He.
907 1597 959 1642 v,
981 1583 1030 1628 2.
1056 1584 1133 1628 12.
1159 1584 1238 1628 16.
1262 1583 1326 1629 19
1379 1579 1488 1636 Qua

423 1659 474 1692 re
495 1652 740 1708 suspectus
760 1659 846 1707 suo
869 1643 990 1706 patri
1029 1643 1138 1700 suit,
1161 1642 1339 1690 exsolvi
1391 1641 1486 1692 He.

424 1724 473 1770 v,
493 1714 542 1758 3.
563 1713 628 1758 22
670 1709 740 1756 -In
762 1724 811 1756 re
845 1707 1126 1770 incipiuude
1143 1709 1203 1756 ad
1227 1707 1487 1756 defenden-

424 1773 538 1822 dam
569 1773 789 1820 noxium?
846 1772 938 1820 Ph.
961 1773 996 1836 i,
1015 1778 1062 1822 4.
1082 1776 1148 1823 48
1203 1772 1273 1820 Ex
1309 1787 1404 1836 qua
1441 1787 1488 1820 re

425 1838 580 1885 minus
619 1837 686 1885 rei
707 1837 868 1900 'foret‘
887 1845 970 1884 aut
1028 1836 1164 1884 famae
1205 1845 1486 1900 temperans.

426 1903 558 1959 Quid
580 1902 724 1950 mein
745 1904 833 1949 hac
855 1917 904 1950 re
941 1901 1094 1949 facere
1134 1901 1326 1950 voluisti
1364 1901 1486 1948 tibi?

425 1967 518 2018 Ph.
535 1967 588 2030 ii,
611 1971 658 2015 1.
680 1971 762 2017 41.
782 1970 846 2015 61
899 1965 968 2013 Ut
990 1965 1154 2014 saltem
1191 1966 1352 2022 sciam,
1372 1965 1490 2028 quid

426 2031 490 2080 de
509 2033 598 2080 hec
618 2047 668 2080 re
689 2031 838 2087 dicat,
853 2031 1028 2093 quidve
1045 2030 1104 2078 sit
1119 2030 1364 2078 seutentiae
1395 2029 1486 2080 Ph.

429 2094 484 2152 ii,
505 2099 555 2144 4.
578 2099 608 2144 4
661 2093 808 2142 Nunc
829 2111 972 2158 opera
991 2111 1070 2158 me
1107 2095 1324 2158 adjuves,
1347 2109 1402 2142 uc
1441 2110 1490 2142 re

426 2159 608 2208 dudum
646 2159 878 2222 opitulata
917 2175 970 2207 es
993 2187 998 2190 -
1026 2159 1116 2207 Ph.
1154 2176 1201 2216 v,
1225 2163 1272 2208 3.
1295 2163 1325 2208 3
1375 2157 1488 2206 Non

427 2224 584 2272 hercle
605 2241 662 2272 ex
687 2239 736 2272 re
757 2224 892 2272 istius
929 2239 1006 2271 me
1043 2223 1276 2286 instigasti
1301 2243 1306 2248 ·
1328 2223 1420 2271 Ph.
1443 2239 1490 2280 v,

422 2293 476 2338 7.
498 2293 564 2338 76
595 2288 696 2345 Qui
714 2288 805 2336 fuit
821 2289 870 2336 in
891 2304 940 2336 re
963 2289 1052 2336 hac
1071 2287 1331 2350 scrupulus.
1387 2287 1486 2335 Cu-

424 2353 509 2416 pio
529 2353 694 2402 misera
715 2353 766 2400 in
785 2368 835 2400 re
857 2353 946 2400 hac
963 2353 1062 2416 jem
1094 2351 1338 2416 defungier
1391 2352 1485 2400 Ph.

423 2434 472 2476 v,
495 2423 542 2466 8.
563 2421 644 2466 30.
666 2421 731 2466 32
785 2417 891 2465 Nec
913 2417 1033 2465 clam
1064 2425 1110 2465 te
1133 2426 1220 2473 est,
1241 2432 1383 2480 quam
1420 2415 1488 2463 illi

425 2490 633 2547 utroeque
654 2498 726 2529 res
748 2498 872 2547 nunc
887 2481 1028 2529 utiles
1044 2488 1094 2529 et
1106 2482 1166 2529 ad
1186 2479 1486 2545 pudicitiam,

425 2555 476 2595 et
495 2546 554 2595 ad
577 2563 674 2595 rem
696 2548 940 2594 tutandam
963 2547 1088 2593 sient
1120 2546 1183 2593 A.
1207 2547 1243 2602 i,
1261 2552 1309 2594 6.
1327 2550 1406 2594 52.
1421 2547 1498 2594 53'

423 2611 476 2659 Si
489 2610 612 2657 mihi
631 2606 850 2658 secun'dae
871 2626 942 2657 res
977 2610 1038 2656 de
1077 2624 1233 2657 amore
1271 2625 1376 2656 meo
1415 2624 1491 2657 es·
1509 2658 1520 2665 ,

427 2682 533 2722 sent
553 2676 562 2713 Σ
581 2674 707 2721 Heu.
729 2673 784 2730 ii,
804 2678 854 2721 2.
878 2678 906 2721 1
951 2673 1086 2729 Quot
1105 2688 1176 2720 res
1197 2672 1387 2727 dedere,
1407 2672 1490 2719 ubi

427 2753 612 2801 possem
637 2737 966 2801 persentiscere
1000 2736 1123 2783 Heu.
1143 2753 1192 2797 v,
1215 2740 1261 2784 l.
1280 2740 1343 2786 43
1397 2736 1490 2782 Tot

428 2816 500 2851 res
520 2809 714 2865 repente
736 2801 1104 2865 circumvallant,
1123 2801 1250 2847 uude
1302 2800 1398 2849 Ad.
1419 2800 1489 2857 iii,

430 2872 482 2918 2.
505 2872 536 2917 4
593 2865 790 2927 Omnes,
812 2866 987 2929 quibus
1005 2880 1076 2913 res
1097 2870 1206 2912 suut
1225 2864 1377 2911 minus
1416 2880 1492 2911 se-

431 2933 621 2987 eundae,
640 2930 788 2993 magis
807 2937 916 2977 sunt
937 2930 1184 2993 suspiciosi
1225 2927 1332 2987 Ad.
1353 2928 1422 2991 iv,
1442 2933 1491 2977 ³.

433 3000 496 3046 14
549 2994 784 3043 Omnibus
801 2995 936 3057 nobis
957 3002 1012 3042 ut
1031 3009 1104 3041 res
1125 2994 1242 3041 dant
1281 3008 1399 3050 sese,
1424 2996 1492 3041 ita

431 3058 999 3186 3¹0²⁶¹¹13123T¹501¹ffl¹53
1021 3056 1492 3185 {iffmiffie'vffissl

433 3190 542 3239 tatis
568 3190 726 3237 ferunt
777 3188 872 3236 He.
893 3189 957 3244 iv,
979 3192 1026 3237 2.
1050 3192 1114 3237 17
1167 3185 1362 3244 Omnes,
1385 3202 1492 3235 cum

430 3254 650 3303 seoundae
673 3249 876 3301 res'sunt
913 3268 1145 3315 maxume,
1167 3258 1264 3299 tum
1321 3252 1414 3299 Ph.
1435 3252 1490 3309 ii,

433 3325 482 3369 1.
504 3324 566 3369 11
587 3343 598 3353 -
623 3317 844 3374 Quonam
865 3318 915 3365 in
937 3316 1044 3365 loco
1061 3322 1170 3363 sunt
1198 3332 1290 3373 res,
1311 3324 1359 3365 et
1397 3317 1494 3363 for-

434 3390 562 3431 tuuae
583 3397 702 3431 meae
758 3382 849 3432 Ph.
871 3382 946 3443 iii,
967 3387 1016 3431 1.
1039 3385 1073 3431 9
1126 3380 1283 3428 Laetus
1300 3396 1420 3443 sum,
1439 3388 1494 3428 ut

433 3446 550 3495 meae
589 3462 660 3495 res
681 3445 822 3495 mese*
837 3447 1029 3494 habent.
1085 3445 1236 3502 Quas,
1275 3460 1383 3492 curn
1416 3446 1494 3493 'res

434 3513 642 3561 advorsa
661 3511 800 3567 sient,
823 3511 968 3575 paulo
991 3509 1166 3559 mederi
1189 3508 1336 3573 possis
1356 3509 1376 3564 ἱἴ
1400 3508 1494 3559 Ph.

434 3576 486 3633 vj
523 3580 572 3625 4.
607 3580 656 3627 1.
698 3581 729 3626 3
781 3576 916 3623 Tune
955 3574 1034 3623 hic
1076 3574 1288 3623 homines
1315 3574 1496 3622 widele-

436 3640 690 3702 soentulos,
709 3640 948 3704 imperitos
967 3654 1118 3689 rerum
1137 3640 1189 3687 in
1210 3639 1420 3687 fraudem
1438 3638 1494 3685 il-

437 3702 540 3753 licis
557 3704 594 3751 ?-
627 3701 694 3751 A.
714 3720 762 3760 v,
781 3700 831 3755 4.
854 3709 887 3753 8
939 3704 1226 3767 Imprudens
1239 3704 1398 3751 harum
1421 3719 1494 3751 rc-

436 3784 556 3824 rum,
599 3764 876 3831 ignarusque
919 3770 1127 3816 omnium
1179 3767 1272 3815 Eu.
1299 3769 1336 3823 i,
1358 3772 1416 3817 2.·
1431 3772 1498 3817 66

438 3831 538 3891 Qui
557 3846 660 3879 esse
692 3832 864 3896 primos
899 3846 949 3881 se
987 3832 1192 3881 omnium
1229 3848 1378 3893 rerum
1413 3848 1496 3879 vo·-

438 3897 560 3949 luut.
615 3894 838 3945 Omnium
873 3910 1042 3959 rerum,
1061 3899 1196 3953 heus,
1223 3897 1496 3945 vicissitudo

439 3969 534 4013 est*
566 3960 665 4009 Eu.
683 3960 736 4017 ii,
757 3964 806 4010 2.
831 3964 910 4010 17.
934 3966 996 4010 ⁴5
1051 3960 1246 4018 Reviso,
1269 3962 1496 4023 q'uidnam

440 4023 636 4077 C‘hquea
655 4024 734 4073 hic
755 4038 904 4073 rerum
927 4032 1055 4088 gerat
1086 4024 1176 4074 Eu.
1195 4040 1242 4087 v,
1257 4030 1308 4075 4.
1333 4030 1360 4075 1
1395 4024 1496 4073 Ne-

442 4088 535 4154 que
573 4088 755 4139 illarum
777 4088 938 4139 affines
959 4104 1062 4137 esse
1081 4104 1248 4147 rerum,
1270 4105 1388 4153 quas
1408 4090 1498 4138 fert

443 4152 773 4205 adolescentia.
827 4152 931 4202 Etsi
953 4154 992 4201 is
1011 4168 1200 4219 quoque
1223 4170 1404 4203 suarum
1425 4170 1496 4203 re·
1522 4188 1526 4195 -

444 4234 544 4267 mm
565 4218 736 4285 sategit
767 4218 892 4268 Hea.
913 4218 967 4277 ii,
991 4223 1039 4267 1.
1063 4222 1190 4268 3.·18
1225 4219 1338 4279 Non
1359 4234 1497 4282 opor-

444 4283 747 4332 tet-relictas:
783 4282 1103 4347 portantquid
1133 4284 1281 4332 rerum
1297 4285 1330 4330 ¹.-
1371 4283 1498 4333 Mihi

511 4362 686 4426 Delph.
708 4369 757 4413 et
786 4365 901 4425 Ver.
931 4366 1060 4415 Clas.

1439 4365 1550 4416 Iud.
1585 4364 1773 4415 Tenent.

2426 396 2609 448 ’(30οΥ

1554 559 1691 595 nunc
1704 545 1819 594 nihil
1840 559 1991 594 rerum
2012 543 2219 593 omnium
2236 553 2309 595 est
2344 545 2489 610 quod
2512 565 2617 600 ma-

1534 609 1653 678 iim,
1696 627 1853 675 quam.
1908 609 1979 659 Ut
2017 627 2079 658 ne
2118 611 2234 674 quid
2277 611 2417 674 hujus
2460 629 2611 664 rerum

1553 676 1757 740 ignores.
1812 675 1871 722 Iu
1895 683 2104 739 tempore
2126 676 2185 723 ed
2208 691 2311 724 eam
2333 677 2457 733 veni,
2480 682 2611 740 quod

1555 755 1705 788 rerum
1739 739 1947 788 omnium
1982 747 2055 788 est
2088 740 2288 804 primum
2342 740 2465 789 Hes.
2486 741 2543 803 ii,
2564 747 2615 794 8.

1556 809 1606 856 6.
1627 811 1709 855 26.
1732 809 1813 856 28.
1837 809 1929 854 123
1980 803 2040 852 In
2060 820 2136 852 me
2155 804 2341 868 quidvis
2361 805 2523 853 harum
2545 824 2616 856 re·

1559 883 1661 916 rum
1682 869 1903 917 convenit
1934 868 2058 918 Heu.
2081 885 2131 932 v,
2152 873 2199 918 1.
2223 873 2253 918 3
2302 867 2467 917 Nolim
2488 877 2618 920 cete-

1557 947 1708 981 rarum
1730 947 1879 982 rerum
1902 940 1949 982 te
1990 934 2233 982 socordem
2268 933 2433 982 eodem
2473 933 2615 984 modo

1557 997 1657 1045 Ad.
1677 999 1747 1060 iv,
1769 1005 1821 1049 6.
1838 1002 1900 1047 61
1958 997 2216 1062 Postquam
2236 997 2363 1046 intus
2382 1013 2483 1046 sum
2516 989 2613 1048 dm-

1557 1062 1689 1110 nium
1710 1077 1858 1111 rerum
1894 1070 2019 1110 satur
2069 1063 2165 1110 Ad.
2188 1077 2236 1120 v,
2258 1066 2305 1111 1.
2326 1067 2357 1112 8
2412 1062 2616 1127 Nequeo

1559 1138 1765 1175 mearum
1803 1142 1951 1175 rerum
1991 1127 2175 1176 initium
2218 1125 2364 1175 ullum
2406 1127 2619 1178 invenire

1557 1191 1781 1240 idoneum
1836 1192 1929 1239 He.
1966 1191 2033 1248 iii,
2072 1197 2120 1242 3.
2164 1196 2187 1241 1
2246 1190 2425 1239 Harum
2468 1207 2621 1244 rerum

1557 1257 1791 1319 numquid
1815 1256 1931 1304 dixti
1946 1255 2047 1320 jam
2086 1256 2241 1320 patri?
2296 1256 2391 1304 He.
2409 1272 2464 1314 v,
2479 1261 2529 1307 4.
2546 1263 2617 1313 26

1559 1319 1643 1368 Ad
1682 1330 1731 1370 te
1768 1335 1947 1368 summa
1983 1320 2154 1378 solum,
2192 1321 2431 1376 Phormio,
2470 1336 2618 1370 rerum

1559 1385 1683 1434 redit
1734 1385 1823 1434 Ph.
1843 1386 1898 1442 ii,
1921 1390 1970 1434 2.
1996 1389 2026 1434 3
2078 1385 2200 1436 Tute
2238 1385 2340 1448 ipse
2376 1385 2449 1434 his
2484 1387 2620 1434 rebus

1561 1450 1701 1497 finem
1741 1449 2045 1514 praescripsti,
2088 1458 2219 1513 pater
2272 1449 2333 1498 A.
2366 1448 2401 1506 i,
2439 1454 2488 1500 1.
2524 1455 2621 1502 124

1561 1513 1660 1564 Cur
1680 1521 1731 1562 tu
1754 1515 1824 1562 his
1843 1515 1980 1562 rebus
2002 1522 2202 1562 sumtum
2224 1514 2433 1578 suggeris
2452 1515 2469 1562 ?
2522 1514 2624 1567 Ad.

1561 1577 1595 1636 i,
1618 1582 1666 1627 1.
1688 1583 1750 1628 3⁷
1785 1577 1969 1627 Auctor
1990 1579 2062 1626 his
2084 1581 2219 1627 rebus
2242 1579 2346 1642 quis
2360 1579 2463 1626 est?
2517 1579 2619 1630 Ad.

1562 1642 1630 1701 iv,
1647 1649 1691 1692 6.
1716 1647 1777 1694 87
1802 1643 1897 1692 Hic
1918 1644 2038 1691 adeo
2060 1645 2131 1690 his
2151 1645 2287 1692 rebus
2309 1643 2509 1691 annulus
2529 1645 2622 1692 fuit

1561 1707 1747 1756 initium
1788 1707 2086 1756 inveniundis
2137 1708 2232 1756 He.
2269 1724 2315 1766 V,
2340 1713 2388 1758 3.
2412 1712 2476 1758 2³
2531 1706 2623 1758 His

1561 1773 1699 1820 rebus
1737 1787 1849 1820 sene
1888 1789 2032 1837 pone,
2060 1773 2231 1837 inquit,
2268 1773 2431 1822 decem
2474 1772 2623 1822 minas

1563 1836 1656 1885 Ph.
1680 1837 1747 1898 iv,
1770 1842 1817 1885 8.
1838 1842 1902 1887 62
1958 1837 2087 1886 Alias
2121 1853 2193 1884 res
2228 1837 2328 1900 agis
2381 1838 2473 1886 Eu.
2497 1839 2549 1895 ii,
2572 1843 2623 1887 3.

1563 1904 1629 1949 66
1683 1902 1805 1958 Quae
1826 1908 1899 1950 tot
1917 1917 2007 1958 res,
2028 1909 2199 1958 tuntas,
2221 1908 2316 1949 tam
2354 1910 2623 1966 opportune

1561 1964 1613 2012 in
1636 1981 1781 2013 unum
1820 1965 2051 2014 conclusit.
2088 1967 2249 2014 diem?
2304 1965 2395 2014 Eu.
2415 1984 2466 2026 v,
2484 1971 2533 2016 9.
2560 1971 2623 2016 17

1564 2029 1754 2078 Patrem
1776 2029 1965 2088 novisti,
1988 2031 2049 2078 sd
2071 2031 2155 2078 hus
2178 2046 2249 2078 res
2273 2046 2414 2094 quam
2435 2031 2497 2077 sit
2517 2045 2622 2094 per·

1565 2094 1727 2157 spicax
1781 2093 1903 2142 Heu.
1926 2095 1979 2150 ii,
2000 2100 2047 2144 3.
2073 2099 2170 2144 129
2222 2094 2511 2157 Hujusmodi
2552 2109 2625 2142 res

1565 2173 1747 2222 semper
1767 2159 2131 2216 comminiscere,
2151 2159 2235 2206 ubi
2270 2175 2345 2207 me
2381 2157 2625 2208 excarnifi-

1565 2237 1645 2270 ces
1678 2223 1802 2271 Hea.
1826 2223 1891 2279 iv,
1912 2227 1961 2272 6.
1986 2228 2017 2273 8
2046 2223 2116 2272 Te
2138 2230 2439 2286 postputasse
2462 2239 2625 2272 omnes

1565 2303 1637 2334 res
1658 2303 1755 2351 prae
1778 2296 1972 2350 parente
2007 2287 2221 2351 intelligo
2280 2287 2375 2337 He.
2393 2288 2465 2344 iii,
2488 2295 2536 2338 6.
2558 2291 2623 2338 88

1564 2353 1675 2408 Quo
1694 2352 1844 2417 magis·
1860 2353 2021 2400 omues
2040 2367 2111 2400 res
2133 2353 2338 2408 cautius,
2358 2367 2419 2400 ne
2450 2359 2625 2400 temere

1563 2416 1751 2473 faciam,
1773 2431 1940 2464 accuro
1974 2416 2069 2464 He.
2092 2431 2141 2476 v,
2166 2421 2213 2466 1.
2238 2421 2297 2465 11
2344 2416 2477 2473 Quot
2496 2432 2624 2466 com·

1563 2483 1727 2529 modas
1750 2498 1821 2529 res
1842 2481 1977 2529 attuli
1996 2481 2008 2528 !
2066 2480 2155 2529 Ille
2178 2479 2291 2528 alias
2312 2498 2383 2529 res
2404 2498 2539 2545 agere
2574 2498 2625 2531 se

1566 2546 1783 2593 simulare
1817 2545 1911 2593 He.
1933 2563 1981 2601 v,
2006 2550 2055 2593 8.
2077 2550 2156 2594 19.
2178 2550 2243 2594 28
2276 2546 2477 2609 Rogas?
2510 2554 2627 2609 quot

1565 2610 1671 2655 res?
1704 2610 1889 2673 (dicere
1910 2610 2111 2671 poterit)
2142 2608 2233 2655 Ph.
2254 2610 2320 2665 iv.
2342 2616 2391 2659 4.
2415 2614 2477 2659 26
2512 2610 2627 2659 Om-

1569 2686 1655 2719 nes
1677 2672 1925 2737 ppsthabui
1946 2672 2061 2719 mihi
2084 2687 2175 2734 res,
2196 2672 2262 2720 ita
2303 2674 2376 2721 uti
2412 2689 2499 2736 par
2535 2675 2627 2722 fuit

1567 2735 1658 2783 Ph.
1677 2752 1725 2800 v,
1743 2740 1791 2787 ⁷.
1818 2740 1877 2785 16
1935 2736 2029 2785 Seu
2064 2736 2147 2783 tibi
2183 2738 2411 2801 morigera
2450 2738 2540 2785 fuit
2572 2739 2627 2787 in

1566 2800 1704 2848 rebus
1743 2801 1957 2848 omnibus
2011 2800 2072 2848 A.
2096 2802 2129 2863 i,
2150 2808 2201 2851 6.
2222 2806 2290 2850 69
2340 2802 2495 2849 Herus
2532 2818 2628 2859 me,

1567 2864 1743 2915 relictis
1782 2866 1935 2921 rebus,
1965 2865 2109 2929 jussit
2146 2865 2446 2929 Pamphilum
2484 2866 2626 2915 hodie

1569 2930 1811 2977 observare
1842 2923 1908 2977 Α.
1930 2930 1982 2986 ii,
2005 2936 2053 2979 6.
2079 2935 2103 2978 l
2140 2928 2315 2977 Nonne
2338 2930 2630 2993 ancillulam,

1569 2993 1743 3041 relictis
1764 2994 1900 3042 rebus
1936 2994 2169 3056 omnibus,
2187 2994 2419 3057 quaesivi?
2476 2993 2567 3045 Eu.
2590 2995 2628 3057 i,

1567 3061 1617 3107 2.
1643 3062 1707 3107 86
1761 3059 1890 3115 Quid
1910 3059 1927 3107 ἓ
1963 3068 2013 3105 tu
2036 3058 2105 3106 his
2129 3060 2267 3107 rebus
2304 3058 2455 3107 credis
2488 3059 2586 3107 fieri
2607 3062 2625 3108 ?
2648 3068 2657 3085 *

1568 3128 1671 3169 tota
1690 3138 1811 3171 erras
1830 3122 1909 3171 via
1960 3122 2049 3172 Eu.
2070 3122 2123 3179 ii,
2146 3128 2193 3173 2.
2218 3127 2280 3171 14
2334 3123 2460 3173 Mihi
2480 3138 2627 3181 nuuc,

1569 3186 1743 3236 relictis
1796 3188 1949 3245 rebus,
1990 3186 2301 3236 inveniendus
2344 3194 2417 3236 est
2458 3188 2627 3263 uliquis

1567 3251 1690 3300 Heu.
1711 3251 1777 3309 iv,
1799 3255 1847 3300 ⁷.
1889 3255 1956 3302 12
2004 3251 2189 3309 Quibus
2232 3267 2359 3301 nunc
2402 3252 2627 3300 sollicitor

1568 3317 1731 3364 rebus!
1782 3316 1878 3364 Ad.
1900 3318 1935 3373 i,
1960 3320 2008 3364 1.
2031 3322 2086 3365 11
2137 3316 2251 3364 Non
2274 3324 2322 3364 te
2345 3332 2429 3381 pro
2450 3318 2521 3365 his
2542 3332 2627 3365 cn·

1567 3396 1692 3429 mse
1730 3381 1883 3437 rebus,
1906 3396 1967 3427 ne
2005 3382 2121 3445 quid
2158 3395 2279 3445 segre
2315 3389 2439 3429 esset
2472 3382 2625 3431 mihi?

1569 3444 1664 3493 He.
1688 3446 1739 3508 ii,
1762 3450 1807 3505 1.
1827 3450 1911 3495 30’
1946 3444 2073 3493 Nam
2094 3460 2221 3509 saepe
2259 3453 2348 3503 est,
2371 3446 2539 3509 quibus
2575 3446 2627 3494 in

1568 3510 1707 3558 rebus
1728 3510 1847 3558 alius
1868 3526 1928 3558 ne
1948 3510 2092 3557 iratus
2113 3510 2305 3575 quidem
2326 3514 2399 3558 ‘est
2442 3510 2537 3557 He.
2558 3510 2627 3567 iii,

1572 3578 1621 3623 1.
1643 3579 1709 3634 28
1762 3576 1919 3633 Quam
1938 3574 2201 3623 fortunatus
2222 3574 2387 3623 ceteris
2415 3588 2517 3621 sum
2554 3590 2629 3623 rc·

1571 3638 1677 3701 bus,
1694 3640 1869 3703 absque
1898 3654 1993 3687 unu
2012 3640 2101 3688 hac
2131 3640 2250 3687 foret
2296 3638 2391 3687 He.
2408 3638 2472 3694 iv,
2490 3642 2539 3688 2.
2562 3642 2625 3687 25

1571 3702 1764 3751 Nullam
1784 3706 1846 3752 de
1868 3699 1939 3751 his
1959 3704 2095 3751 rebus
2128 3704 2315 3767 culpam
2353 3702 2632 3750 commeruit

1571 3776 1668 3815 tua.
1698 3768 1793 3815 Tot
1812 3784 1885 3815 me
1907 3783 2033 3815 nnnc
2048 3762 2185 3815 rebus
2204 3766 2420 3815 miserum
2435 3766 2628 3815 conclu-

1571 3832 1645 3879 dit
1666 3840 1798 3895 pnter
1829 3832 1923 3879 He.
1946 3831 2009 3889 iv,
2030 3835 2081 3882 4.
2100 3836 2149 3881 9.
2172 3836 2235 3881 80
2269 3830 2433 3879 Rebus
2456 3830 2629 3879 viliori-

1572 3898 1659 3945 bus
1671 3898 1839 3957 multo,
1859 3909 2013 3943 tamen
2032 3896 2207 3945 talenta
2218 3896 2336 3943 hius
2356 3896 2448 3944 Ph.
2468 3911 2519 3957 v,
2534 3900 2582 3945 8.
2597 3899 2629 3943 8

1586 3980 1594 3995 =
1638 3961 1881 4010 Resarcio.
1947 3960 2160 4009 Discidit
2179 3968 2352 4017 vestem
2371 3961 2389 4007 ?
2412 3960 2628 4009 resarcie-

1571 4034 1659 4073 tur·
1676 4026 1771 4074 Ad.
1792 4026 1829 4086 i,
1846 4030 1897 4076 2.
1920 4030 1982 4075 41
2298 4029 2302 4035 ’

1563 4134 1578 4147 Ι
1637 4088 1895 4139 Rescindo.
1960 4089 2087 4137 Mihi
2122 4104 2219 4137 non
2250 4088 2461 4145 videtur,
2499 4088 2628 4153 quod

1572 4154 1635 4202 sit
1653 4156 1829 4203 factum
1851 4153 2055 4219 legibus3
2076 4153 2275 4203 rescindi
2300 4166 2439 4231 posse
2472 4152 2560 4201 Ph.
2576 4152 2636 4221 ii„

1572 4223 1623 4311 4.·
1638 4225 1882 4333 ἔζξεοὶκο.
1936 4282 2119 4332 Primus
2135 4283 2335 4353 rescisco
2350 4281 2506 4331 omnin
2526 4280 2624 4328 Ad.

2380 4362 2499 4417 20
