3192 4975
616 397 885 468 ccclxvi

619 583 711 632 ego
731 563 874 614 bodie
897 579 955 612 ex
987 570 1036 612 te
1067 561 1315 626 exculpere
1346 563 1541 612 verum?
1575 561 1669 612 Eu.

619 627 688 686 iv.
708 635 758 680 4.
781 633 846 679 46
895 629 1031 692 Syre,
1053 642 1210 679 verum
1233 627 1310 678 hic
1339 627 1472 678 dicit.
1533 625 1670 692 Syre,

621 695 702 744 dic
739 693 879 742 modo
923 707 1079 740 verum
1133 691 1256 742 Hes.
1301 691 1354 749 ii.
1385 696 1435 742 8..
1461 696 1542 744 78.
1576 697 1670 742 108

623 758 800 807 Videre
823 771 998 812 verum,
1021 763 1162 819 atque
1183 756 1252 803 ita
1273 756 1344 804 nti
1375 772 1446 804 res
1475 766 1566 818 est,
1597 757 1671 805 di-

621 837 728 871 cere
759 821 882 870 Heu.
903 821 976 877 iii,
996 826 1042 872 1.
1063 825 1124 872 81
1161 819 1336 868 Verum
1354 821 1472 868 illud
1489 821 1674 878 dicunt,

627 885 699 934 ‘us
741 901 969 934 summum
1008 900 1133 948 saepe
1168 899 1348 934 summa
1391 884 1568 934 malitia
1604 893 1677 934 est

615 903 747 1000 hes.
767 951 834 1012 iv,
857 956 904 1000 5.
925 954 988 999 47
1023 949 1202 997 Verum
1223 949 1342 998 dicis
1363 967 1375 996 ε
1445 949 1526 998 uid
1547 965 1675 998 nnnc

623 1015 813 1072 faciam,
832 1015 986 1080 Syre?
1021 1013 1144 1062 Heu.
1183 1029 1229 1069 v,
1252 1017 1302 1064 2.
1322 1019 1388 1064 40
1480 1022 1500 1060 t
1533 1024 1677 1072 recte,

625 1088 677 1128 et
697 1095 853 1128 verum
877 1078 994 1126 dicis
1047 1077 1148 1125 Ad.
1188 1078 1256 1135 iv,
1279 1081 1326 1128 8.
1349 1082 1411 1127 18
1461 1077 1641 1128 Nescio
1660 1095 1675 1126 ε

625 1142 852 1256 ἲὲἴξςῖἰέ
873 1143 1682 1256 ἒῖωεωὲἓ’ῗέἰῖ.ῗίἰ.3ζρῗ.ᾇῖ

842 1237 856 1256 s
927 1241 942 1264 9
1002 1240 1015 1255 ι
1496 1242 1509 1263 ,

627 1273 768 1321 facile
789 1280 863 1320 est
883 1287 1076 1320 noscere
1104 1270 1204 1319 Ad.
1227 1287 1274 1328 v,
1295 1275 1343 1320 4.
1365 1275 1396 1320 8
1429 1269 1543 1321 Non
1563 1271 1680 1320 veri-

627 1336 780 1388 simile
802 1337 949 1385 dicis:
987 1350 1076 1384 nec
1114 1351 1271 1384 verum
1293 1335 1484 1384 arbitror
1513 1335 1611 1386 He.
1648 1336 1682 1392 i,

628 1405 678 1451 2.
698 1406 761 1451 65
797 1400 972 1452 Verum
995 1399 1210 1462 reperies.
1277 1399 1372 1448 Die
1393 1416 1552 1449 verum
1587 1399 1684 1448 He.

629 1481 676 1523 v,
697 1468 747 1515 4.
770 1469 821 1514 8.
841 1469 904 1515 24
937 1463 1111 1511 Verum
1132 1463 1208 1512 hic
1245 1463 1362 1512 dicit
1415 1463 1506 1514 Ph.
1540 1463 1613 1521 iii,
1637 1469 1684 1515 8.

633 1534 698 1580 12
747 1529 858 1578 Hoc
891 1528 1122 1578 beneficio
1161 1529 1345 1604 utrique
1382 1529 1442 1577 ab
1477 1530 1687 1592 utrisque

632 1608 741 1641 vero
763 1592 1070 1642 devincimini
1112 1591 1237 1641 Hes.
1274 1593 1327 1650 ιί,
1349 1597 1398 1644 4.
1423 1597 1484 1643 14
1539 1593 1685 1642 Haud

631 1657 748 1714 scio,
771 1673 850 1720 an,
872 1673 978 1721 quae
999 1657 1138 1714 dixit,
1159 1657 1254 1706 sint
1275 1673 1382 1706 vere
1414 1658 1574 1708 omnia
1621 1658 1687 1705 A.

632 1722 710 1784 iii,
731 1726 780 1772 2.
801 1727 864 1772 45
915 1721 1078 1770 Salvos
1099 1737 1220 1782 sum,
1257 1723 1297 1768 si
1328 1723 1430 1770 haeo
1450 1737 1560 1770 vers
1577 1729 1691 1770 sunt

635 1785 698 1835 A.
729 1802 776 1842 v,
797 1791 848 1836 6.
871 1791 904 1835 9
936 1786 986 1834 Si
1006 1786 1107 1834 hrec
1129 1793 1256 1841 sunt,
1275 1786 1450 1842 Clinia,
1471 1803 1599 1843 vera,
1620 1787 1689 1835 ita

635 1851 707 1900 uti
727 1851 884 1907 credo,
907 1849 1012 1914 quis
1037 1856 1084 1898 te
1109 1858 1183 1898 est
1215 1851 1526 1900 fortunatior?
1561 1850 1687 1900 Heu.

633 1914 692 1977 ii,
713 1919 760 1964 8.
781 1920 844 1963 55
895 1915 1069 1962 Actum
1091 1922 1178 1972 est,
1201 1915 1428 1977 siquidem
1451 1917 1552 1964 haec
1582 1931 1693 1964 vera

636 1979 866 2043 praedicst
895 1979 958 2026 A.
979 1978 1045 2035 iii,
1073 1983 1118 2028 1.
1135 1982 1164 2026 7
1201 1979 1304 2042 Ego
1318 1995 1424 2042 quae
1443 1981 1568 2036 dico.
1585 1994 1691 2030 vera

638 2059 701 2092 un
723 2043 842 2091 falsa
860 2042 1080 2099 audieris,
1106 2041 1208 2106 jem
1229 2043 1335 2092 sciri
1359 2051 1512 2106 potest
1543 2043 1609 2093 A.
1645 2061 1693 2107 v,

635 2113 687 2158 4.
710 2112 774 2157 19
827 2107 950 2165 Qua
971 2121 1078 2154 vera
1097 2107 1272 2184 nudivi,
1296 2115 1454 2164 taceo,
1468 2117 1518 2156 et
1538 2108 1692 2158 conti-

637 2171 1695 2300 33231'33522ffi0ss'2‘3’13125325¹33⁸2z23212

640 2305 692 2348 tu
734 2302 863 2348 istaec
909 2315 1014 2348 vera
1057 2299 1284 2364 praedicas
1338 2300 1431 2350 Eu.
1470 2317 1518 2357 v,
1551 2307 1596 2351 l.
1632 2305 1693 2351 12

640 2362 768 2412 Vera
797 2365 1002 2412 dicendo
1025 2373 1078 2412 ut
1099 2380 1178 2412 eos
1196 2365 1357 2415 ambos
1378 2364 1538 2414 fallam
1571 2365 1695 2413 Hea-

639 2427 709 2482 ἰν,
732 2431 780 2474 8.
804 2431 866 2474 88
913 2428 1039 2474 Vera
1059 2428 1162 2472 haec
1191 2428 1418 2489 praedicat
1467 2429 1561 2476 He.
1591 2429 1626 2484 i,
1646 2433 1695 2478 2.

640 2494 707 2541 86
723 2488 787 2538 'Si
810 2504 916 2537 vern
934 2490 1218 2544 &unanimi
1240 2491 1326 2537 tibi
1345 2497 1419 2537 est
1439 2506 1468 2537 a
1498 2508 1572 2539 me
1609 2508 1694 2555 pe·

639 2554 758 2611 ticli,
805 2552 966 2601 mulier
1019 2552 1114 2600 He.
1158 2569 1204 2609 ν.
1230 2557 1275 2602 1.
1299 2557 1332 2601 9
1385 2552 1456 2601 Νἰ
1509 2570 1694 2604 nossem

643 2633 846 2675 causam,
869 2618 1103 2675 crederem
1124 2631 1228 2664 vera
1261 2618 1388 2666 hunc
1419 2617 1548 2682 loqui
1602 2618 1693 2667 Ph.

635 2682 691 2741 ii,
717 2688 762 2733 1.
785 2687 850 2733 48
887 2682 1008 2731 Hei!
1053 2681 1168 2729 veris
1204 2680 1364 2731 vincor
1412 2682 1502 2731 Ph.
1539 2683 1612 2741 iii,
1648 2688 1697 2733 2.

706 2810 906 2874 Vesper.
973 2810 1124 2873 Quid,
1163 2810 1204 2857 si
1238 2826 1334 2859 non
1374 2810 1565 2859 veniet?
1602 2827 1697 2859 ma-

641 2892 841 2925 neamne
861 2890 1006 2939 usque
1029 2876 1088 2922 nd
1114 2890 1354 2938 vesperum
1374 2876 1393 2921 ?
1427 2874 1520 2923 He.
1559 2875 1627 2931 iii,
1648 2880 1699 2925 4.

644 2945 710 2991 28
745 2942 962 2999 Quemne
983 2955 1072 3001 ego
1095 2938 1194 2987 heri
1215 2938 1312 2986 vidi
1333 2940 1394 2987 ad
1429 2956 1512 2987 vos
1548 2939 1701 2987 afferri

647 3004 864 3069 vesperi?
919 3003 981 3051 A.
1025 3002 1092 3066 iv,
1112 3008 1160 3053 4.
1183 3007 1248 3051 29
1304 3002 1560 3067 Nunquam
1606 3011 1701 3051 tam

645 3083 784 3117 mane
813 3068 1044 3129 egredior,
1084 3083 1238 3132 neque
1279 3074 1373 3115 tam
1401 3068 1578 3129 vesperi
1614 3069 1701 3115 do·

646 3150 774 3181 mum
795 3140 1014 3190 revertor,
1035 3131 1150 3197 quin
1185 3132 1310 3180 Hea.
1327 3132 1365 3188 i,
1390 3136 1435 3180 1.
1461 3138 1522 3183 15

714 3196 1048 3260 Vesperascit.
1113 3196 1312 3245 Portant
1343 3196 1456 3258 quid
1515 3211 1664 3244 rerum
1686 3195 1699 3243 !

643 3277 822 3319 aurum,
853 3270 1026 3308 vestem
1044 3278 1059 3308 r
1105 3268 1156 3307 et
1187 3260 1484 3322 vesperascit,
1520 3269 1570 3307 et
1605 3276 1703 3309 non

647 3332 880 3373 noverunt
900 3324 1020 3370 viam
1054 3324 1178 3373 Hea-
1202 3324 1254 3383 ii,
1277 3329 1325 3373 8.
1349 3329 1379 3372 7

707 3389 893 3449 Vester,
906 3404 952 3447 s,
969 3403 1063 3435 um.
1081 3387 1266 3437 Utcum
1285 3396 1436 3436 narret
1447 3404 1587 3436 senex
1600 3404 1703 3436 vos·

649 3461 719 3501 ter
734 3460 912 3508 nostro,
939 3466 1036 3499 non
1059 3452 1219 3501 credat
1241 3459 1398 3499 tamen
1421 3452 1542 3501 Hea.
1565 3454 1631 3513 iv,
1654 3458 1704 3504 8.

648 3521 714 3569 84
732 3517 816 3565 Sin
837 3517 970 3564 aliter
991 3516 1174 3565 animus
1192 3524 1346 3563 voster
1363 3526 1436 3564 est
1455 3516 1549 3565 Ad.
1565 3517 1636 3573 iii,
1656 3521 1707 3569 4.

646 3587 714 3632 46
749 3582 900 3637 Cedo,
921 3580 1080 3644 cujum
1099 3597 1292 3645 puerum
1313 3580 1390 3629 hic
1407 3582 1705 3645 apposuisti?

648 3647 763 3712 My.
807 3645 984 3694 Vestri.
1025 3645 1121 3693 Da.
1167 3644 1318 3708 Cujus
1359 3647 1496 3693 vestri
1519 3647 1537 3693 ἓ
1591 3646 1707 3711 My.

650 3710 888 3773 Pamphili
938 3709 1003 3759 A.
1040 3711 1106 3771 iv,
1127 3714 1175 3759 4.
1197 3716 1264 3761 26
1311 3710 1432 3761 Cum
1455 3726 1544 3775 ego
1566 3710 1709 3758 vostri

647 3775 842 3823 honoris
860 3790 1002 3823 causa
1021 3775 1270 3837 repudium
1285 3774 1441 3823 alterae
1458 3774 1708 3823 remiserim

653 3840 744 3890 Ph.
788 3854 837 3896 v,
859 3843 907 3888 7.
945 3844 1006 3887 85
1059 3838 1174 3887 Non
1219 3855 1454 3903 cognosco
1509 3847 1709 3887 vestrum

655 3903 886 3969 (morem)
923 3910 1017 3951 tam
1055 3904 1321 3967 superbum.
1374 3904 1534 3952 Unum
1568 3904 1709 3951 etiam

657 3970 749 4017 hoc
769 3984 854 4017 vos
885 3983 984 4023 oro,
1015 3974 1067 4015 ut
1098 3984 1173 4015 me
1205 3968 1256 4015 in
1290 3977 1492 4017 vestrum
1523 3983 1711 4031 gregem

659 4032 898 4097 recipiatis
932 4030 1022 4079 Eu.
1057 4047 1103 4090 v,
1125 4036 1175 4081 9.
1201 4037 1281 4083 86.
1301 4037 1366 4083 54
1396 4031 1506 4080 Jam
1528 4046 1601 4079 me
1624 4033 1713 4081 hoc

662 4099 793 4146 voles
835 4105 1011 4161 patrem
1055 4112 1262 4154 exorare,
1302 4105 1356 4144 ut
1397 4096 1519 4144 celet
1553 4112 1713 4145 senem

663 4169 872 4209 vostrum
919 4161 1044 4210 Hes.
1085 4161 1152 4224 iv,
1176 4165 1222 4211 8.
1241 4164 1306 4210 28
1358 4159 1562 4209 Uxorem
1593 4162 1715 4209 hanc

661 4226 934 4289 priusquam
959 4224 1112 4281 duxit,
1145 4234 1347 4273 vostrum
1379 4240 1579 4273 amorem
1612 4240 1717 4289 per-

1603 410 1847 464 INDEX

1746 576 1851 612 cum
1865 561 1953 612 iun
1964 568 2116 610 vestro
2136 567 2431 610 consumunt
2452 558 2827 616 Hemiiidffiae'

1747 627 1845 676 Ubi
1880 628 2054 676 duxere
2091 625 2293 687 impulsu
2318 633 2504 682 rostro,
2530 635 2687 675 vostro
2711 629 2807 674 irn-

1748 693 1889 756 pulsu
1931 692 2117 740 eudem
2158 691 2355 752 exigunt
2414 688 2505 738 He.
2547 690 2597 743 ii,
2644 697 2816 747 Lym·

1748 757 1937 804 Sumtus
1969 763 2143 804 vestros
2184 753 2428 817 otiumque
2471 761 2523 800 ut
2540 763 2697 802 nostra
2728 772 2809 804 res

1750 827 1909 884 posset
1942 819 2039 883 pati
2082 819 2179 868 He.
2220 817 2273 878 ii,
2308 822 2356 867 1.
2390 821 2487 866 28.
2518 817 2651 865 Eam.
2672 821 2813 868 calar·-

1750 885 1961 934 mitatem
1975 891 2131 932 vostra
2150 881 2462 945 intelligentia
2478 883 2673 932 sedabit.
2705 883 2811 930 Fa-

1751 949 1862 1003 cite.
1909 957 1962 996 ut
2004 956 2155 997 vostr·
2196 946 2445 995 auctoritas
2486 962 2601 994 mern
2636 955 2810 995 aucto-

1752 1013 1879 1062 nitati
1910 1012 2079 1060 fautrix
2114 1012 2175 1072 sit
2228 1011 2325 1058 He.
2342 1008 2461 1057 ·Alt.
2482 1010 2609 1058 Ptol.
2635 1015 2713 1060 28.
2738 1017 2813 1062 89

1754 1077 1933 1126 Vestra
1975 1075 2167 1124 familia
2208 1074 2364 1124 hercle
2404 1075 2583 1122 amicus
2628 1076 2717 1123 Ph.
2759 1093 2791 1121 v
2798 1111 2817 1134 ‚

1756 1145 1807 1190 8.
1826 1146 1892 1191 60
1946 1139 2016 1190 Di
2036 1149 2235 1189 vostram
2256 1140 2423 1187 fidem!
2462 1138 2528 1189 A.
2574 1139 2640 1197 ir,
2674 1145 2721 1189 8.
2761 1146 2813 1189 1.·

1755 1207 1822 1263 iv,
1845 1210 1893 1255 4.
1914 1212 1962 1254 5.
1994 1204 2085 1255 Eu.
2118 1205 2190 1262 iii,
2211 1208 2261 1254 1.
2282 1208 2365 1253 28.
2413 1203 2479 1259 ir,
2502 1209 2551 1252 7.
2571 1207 2654 1255 20.
2684 1221 2734 1265 v,
2758 1209 2813 1253 4.

1757 1275 1807 1321 2.
1842 1287 1889 1324 ν,
1912 1275 1961 1320 9.
1986 1274 2064 1319 19.
2098 1269 2223 1317 Hes.
2262 1268 2335 1323 iii,
2359 1272 2402 1317 1.
2426 1273 2507 1318 96.
2539 1266 2637 1316 Ad.
2668 1269 2739 1326 iii,
2762 1273 2816 1320 8.

1759 1339 1840 1384 27.
1872 1334 1962 1384 Ph.
1985 1350 2031 1389 v.
2056 1339 2102 1384 1.
2119 1338 2201 1384 80.
2235 1349 2285 1389 v,
2308 1337 2356 1382 8.
2376 1337 2438 1382 25
2474 1329 2687 1380 Vostrum
2722 1336 2817 1380 rie-‘-

1758 1415 1883 1462 queo
1902 1397 2058 1446 mirari
2075 1399 2189 1445 satis
2208 1397 2436 1446 rationem-
2468 1394 2567 1445 Ad.
2584 1397 2655 1454 iii,
2678 1401 2725 1445 8.
2742 1402 2817 1446 20

1761 1463 1861 1521 Qui
1902 1462 2109 1512 studium
2152 1477 2308 1522 snum,
2348 1469 2397 1510 et
2437 1477 2489 1509 se
2520 1459 2571 1507 in
2612 1469 2847 1508 vostram·

1760 1527 1990 1578 commisit
2026 1527 2167 1575 fidem
2216 1525 2312 1576 He.
2336 1525 2435 1576 Ait.
2457 1525 2585 1574 Prol.
2605 1529 2688 1575 45ν
2714 1525 2814 1573 La-

1762 1593 1893 1653 ches,
1912 1599 1961 1641 et
1979 1590 2270 1654 diligentiam
2294 1597 2509 1645 vostram,
2530 1598 2581 1638 et
2601 1589 2821 1653 benigni-

1765 1665 1907 1706 tuem
1928 1656 2041 1704 novi
2074 1655 2169 1704 He.
2201 1655 2255 1711 ii,
2276 1659 2326 1704 2.
2350 1659 2411 1704 21
2455 1655 2635 1702 Primus
2668 1669 2821 1715 esses,

1764 1720 2026 1770 memoriter
2046 1719 2317 1785 progeniem
2353 1726 2553 1766 vostram
2582 1735 2725 1786 usque
2754 1721 2822 1767 ab

1764 1801 1853 1834 avo
1875 1786 2112 1850 proferens
2146 1785 2235 1832 Ph.
2268 1785 2321 1840 ii,
2340 1787 2391 1832 8.
2412 1787 2477 1834 48
2510 1783 2665 1840 Quam
2690 1784 2817 1830 subi-

1766 1858 1833 1912 to,
1863 1851 1973 1900 hero
1996 1863 2101 1896 meo
2122 1855 2403 1912 operestrs
2434 1849 2562 1896 hunc
2595 1847 2825 1896 onerastis

1764 1915 1921 1967 diem2
1956 1913 2045 1962 Ph.
2084 1929 2130 1969 v,
2144 1917 2193 1961 6.
2214 1917 2247 1962 2
2280 1911 2411 1968 Quid
2432 1928 2543 1976 ergo
2563 1928 2637 1960 me
2658 1913 2723 1961 sic
2744 1911 2822 1960 lu·-

1766 1979 2022 2028 difieamini
2046 1985 2196 2024 vostra
2228 1977 2396 2039 puerili
2431 1977 2689 2025 sententia?
2722 1977 2822 2025 Ph.

1768 2057 1815 2102 v,
1836 2047 1885 2092 7.
1904 2047 1969 2092 56
2022 2041 2242 2090 Vestrum
2279 2040 2517 2104 judicium
2559 2041 2700 2088 fecit:
2739 2057 2823 2089 me

1768 2116 1973 2156 actorem
1994 2107 2142 2154 dedit.
2192 2104 2452 2153 Arbitrium
2472 2113 2693 2166 vestrum,
2714 2107 2823 2152 ve's-

1770 2179 1841 2220 tro.
1860 2170 2143 2220 existimatio
2166 2169 2340 2218 valebit
2368 2170 2497 2218 Hea-
2508 2170 2635 2221 Prol.
2660 2174 2825 2219 1225

1770 2235 1878 2284 Hoc
1899 2243 2101 2284 vostrum
2124 2234 2369 2284 consilium
2391 2234 2480 2282 fuit
2512 2234 2613 2282 Ph.
2624 2251 2669 2294 v,
2691 2237 2821 2284 ⁸1.st

1768 2300 2011 2350 Manebu:
2036 2314 2097 2347 ne
2118 2299 2249 2362 quod
2272 2308 2473 2348 vostrum
2483 2311 2681 2346 remorer
2693 2313 2827 2346 com-

1770 2365 1961 2414 modum
2016 2362 2081 2414 A.
2128 2363 2193 2419 iv,
2223 2368 2274 2412 8.
2309 2367 2373 2412 24
2428 2363 2581 2419 Quam
2623 2362 2830 2410 maxime

1771 2429 1940 2478 servire
1976 2427 2139 2476 vestris
2169 2427 2425 2476 commodis
2458 2427 2581 2476 Heu.
2606 2426 2733 2475 Prol.
2754 2431 2828 2474 50

1769 2492 1901 2541 Novi
1935 2510 2025 2555 ego
2062 2501 2216 2541 vestra
2248 2494 2386 2551 haee3
2427 2492 2599 2538 nollem
2640 2492 2828 2539 factum

1769 2555 1868 2603 Ad.
1886 2555 1945 2611 ii,
1970 2562 2014 2606 l.
2038 2560 2098 2604 ll

1839 2619 2199 2669 vestimentum.
2263 2617 2395 2667 Nihil
2414 2618 2625 2683 relinquo
2639 2618 2691 2667 in
2708 2618 2830 2665 aedi-

1774 2685 1878 2740 bus,
1900 2700 1989 2733 nec
2009 2699 2106 2739 vas,
2129 2700 2217 2731 nec
2233 2684 2557 2731 vestimentum
2574 2683 2704 2733 Heu.
2722 2683 2759 2739 i,
2779 2688 2833 2731 1.

1774 2753 1840 2797 89
1872 2748 1985 2797 Huc
2002 2758 2074 2797 est
2094 2749 2215 2795 intro
2238 2749 2360 2796 latus
2378 2746 2556 2807 lectus;
2578 2747 2833 2795 vestimen-

1776 2811 1837 2861 tis
1858 2820 2025 2861 stratus
2046 2821 2121 2860 est
2156 2812 2279 2861 Hes.
2299 2827 2348 2868 v,
2372 2816 2419 2861 1.
2440 2816 2504 2861 80

1840 2875 2021 2927 Vestio.
2086 2876 2290 2927 Ancinae
2343 2883 2415 2924 tot
2468 2892 2543 2924 me
2591 2875 2831 2926 vestient?

1777 2940 1903 2991 Hes.
1940 2942 1976 2997 i,
2002 2946 2047 2989 1.
2068 2945 2136 2990 ‘28
2188 2940 2495 2989 offendimus
2538 2940 2833 2989 mediocriter

1776 3005 1990 3053 vestitam
2015 3013 2141 3053 veste
2162 3005 2346 3068 lugubri
2378 3004 2501 3053 Hea.
2522 3004 2575 3065 ii,
2597 3009 2645 3052 8.
2664 3009 2727 3054 45

1786 3105 1791 3123 ,
1843 3068 2021 3118 Vestis.
2088 3070 2219 3127 Quid
2240 3072 2332 3117 huc
2362 3069 2529 3121 reditio
2564 3069 2674 3115 est?
2710 3068 2831 3131 quid

1776 3134 1918 3182 vestis
1951 3135 2183 3183 mutatio?
2217 3134 2308 3181 Eu.
2344 3133 2411 3194 iv,
2431 3139 2480 3183 4.
2500 3138 2533 3183 4
2568 3132 2741 3195 Capias
2774 3143 2829 3179 tu

1777 3198 1901 3247 illius
1936 3208 2129 3247 vestem.
2184 3197 2274 3247 Ch.
2315 3198 2539 3261 Vestem?
2576 3198 2691 3261 quid
2728 3205 2831 3245 tum

1779 3264 1979 3327 postea?
2015 3262 2107 3311 Eu.
2130 3260 2182 3319 ii,
2206 3262 2438 3311 3.⁷8·Ut
2460 3272 2633 3309 vestem
2647 3278 2751 3309 cum
2769 3277 2829 3309 eo

1778 3335 1973 3376 mutem.
2040 3328 2183 3374 Muta
2226 3333 2401 3373 vestem
2446 3326 2539 3375 Eu.
2580 3326 2651 3386 iii,
2673 3331 2723 3377 5.
2746 3330 2830 3374 24.

1779 3396 1840 3444 61,
1892 3391 2087 3440 Vestem
2110 3405 2293 3439 omnem
2317 3390 2495 3439 miserae
2515 3390 2705 3438 discidit
2737 3388 2829 3439 Eu.

1777 3456 1843 3517 iv,
1864 3460 1963 3506 8.-4
2010 3455 2155 3505 Istam
2176 3470 2317 3517 quam
2336 3456 2497 3510 habes,
2522 3455 2649 3501 unde
2667 3454 2829 3513 habes,

1782 3521 1993 3569 vestem?
2045 3520 2241 3570 Chaerea
2274 3527 2402 3566 tuam
2429 3526 2605 3567 vestem
2634 3517 2837 3565 detraxit

1782 3584 1903 3631 tibi?
1938 3583 2031 3633 Eu.
2069 3585 2132 3641 iv,
2156 3590 2203 3634 4.
2228 3589 2309 3633 28.
2330 3588 2395 3633 40
2436 3584 2569 3641 Quid
2591 3583 2660 3629 illi
2680 3582 2835 3629 credis

1782 3648 1927 3695 animi
1950 3657 2047 3696 tum
2068 3649 2230 3710 fuisse,
2252 3648 2530 3696 ubi-vestem
2555 3646 2673 3695 vidit
2703 3646 2835 3696 illam

1781 3729 1883 3761 esse
1904 3728 2015 3761 eum
2030 3713 2265 3769 indutum,
2287 3712 2453 3775 pater?
2498 3710 2591 3761 Eu.
2627 3727 2675 3772 v,
2696 3715 2748 3759 7.
2773 3715 2837 3759 14

1785 3778 1984 3826 Portant
2023 3776 2139 3841 quid
2180 3776 2362 3824 rerum!
2406 3791 2587 3830 aurum,
2643 3780 2837 3826 vestem.

1784 3840 1959 3890 Viden’
1982 3848 2035 3888 tu
2052 3840 2261 3897 ancillas,
2279 3856 2458 3897 aurum,
2476 3846 2653 3888 vestem
2672 3840 2689 3887 ?
2712 3838 2837 3888 nea.

1786 3906 1840 3967 ii,
1874 3910 1924 3955 8.
1956 3910 2005 3953 7.
2039 3910 2099 3954 11
2153 3905 2412 3969 Argentum
2454 3903 2643 3951 dabitur
2683 3904 2728 3952 ei
2770 3904 2831 3949 ad

1786 3970 1991 4033 nuptias,
2030 3986 2189 4017 aurum
2226 3978 2368 4033 atque
2404 3975 2601 4029 vestem,
2630 3968 2725 4031 qui,
2760 3975 2833 4013 te·

1786 4035 1967 4083 nesae?
2000 4033 2121 4085 Hm.
2161 4034 2224 4096 iv,
2242 4040 2293 4083 5.
2316 4038 2381 4083 80
2433 4033 2537 4081 Des
2556 4034 2638 4095 qui
2655 4045 2837 4087 nurum,

1789 4114 1845 4146 ac
1881 4105 2075 4158 vestem,
2102 4104 2245 4162 atque
2278 4098 2389 4158 alia,
2414 4114 2521 4161 quae
2556 4112 2671 4161 opus
2702 4102 2839 4153 suut,

1789 4171 2029 4226 comparet
2061 4162 2183 4211 Hea.
2219 4162 2287 4220 iv,
2306 4169 2357 4214 8.
2384 4167 2443 4211 15
2497 4162 2689 4225 Sponsae
2734 4175 2842 4207 ves·-

1791 4235 1903 4285 tem,
1939 4242 2119 4282 aurum,
2161 4235 2305 4289 atque
2347 4226 2539 4275 ancillas
2574 4240 2693 4289 opus
2733 4240 2843 4271 esse

670 4288 758 4341 tuli
790 4288 885 4336 He.
911 4306 962 4347 v,
984 4294 1029 4338 1.
1054 4294 1115 4338 17
1151 4290 1284 4349 Quid
1305 4292 1322 4337 ἒ
1379 4305 1538 4338 senem
1559 4290 1721 4353 quoad
1790 4292 1915 4341 Heu.
1936 4309 1981 4349 v,
2007 4296 2054 4345 1.
2073 4296 2138 4342 20
2192 4290 2400 4349 Discidit
2439 4290 2649 4343 vestem?
2694 4304 2841 4339 reur-

673 4352 930 4417 expectatis
950 4356 1188 4405 vostrum?
1223 4354 1313 4405 Ph.
1347 4354 1382 4419 i,
1402 4359 1452 4407 2.
1472 4358 1538 4406 98
1575 4353 1722 4421 Syrus
1789 4356 1939 4411 cietur
1972 4356 2066 4406 Ad.
2086 4357 2125 4416 i,
2144 4361 2193 4409 2.
2213 4360 2277 4408 41
2310 4355 2387 4405 Ita
2407 4354 2532 4403 visus
2550 4362 2625 4403 est
2639 4354 2843 4411 dudum,
