3192 4975
566 386 712 456 lxvi

563 555 671 620 quis
690 565 787 602 non
806 553 983 610 credat,
1004 551 1085 618 qui
1116 551 1241 600 norit
1258 559 1325 610 te,
1346 550 1429 599 ebs
1449 556 1495 598 te
1510 565 1614 600 esse

566 629 717 668 ortum
740 620 759 666 ?
791 618 858 667 A.
882 619 951 675 iii,
973 622 1025 667 2.
1048 624 1082 667 9
1132 617 1201 666 Ut
1266 633 1317 665 er
1334 631 1409 663 me
1430 615 1615 664 stetisse

564 684 725 732 eredat
756 682 817 730 A.
836 682 903 739 iv,
923 685 973 731 2.
996 686 1074 731 16.
1095 686 1159 731 18
1252 688 1287 736 t,
1321 695 1427 728 cum
1460 686 1619 727 narret

566 763 709 796 senex
726 753 881 794 voster
898 752 1056 796 nostro
1081 761 1097 805 3
1127 744 1261 792 istam
1294 759 1397 792 esse
1416 742 1614 791 amicam

634 811 720 872 ati,
742 825 839 858 non
860 811 1022 858 credat
1040 816 1198 856 tamen
1229 808 1352 856 Hea.
1384 806 1447 864 iv,
1480 812 1527 855 8.
1548 807 1616 856 84

567 827 667 932 Siti
704 873 948 938 imperium
984 873 1145 922 credet
1180 872 1363 934 gravius
1394 886 1514 933 esse,
1532 877 1618 918 eut

566 937 779 987 stabilius
810 937 912 986 Ad.
930 937 964 992 i,
985 941 1032 985 1.
1050 940 1112 986 41
1160 935 1323 998 Ipsum
1349 935 1401 982 id
1436 941 1617 991 metuo,

568 1009 624 1050 ut
642 1002 835 1051 credant
867 999 967 1049 Ad.
988 1001 1051 1057 ir,
1071 1004 1121 1050 4.
1143 1003 1205 1048 17
1240 999 1390 1063 Exple
1408 997 1617 1046 animum

566 1065 643 1123 iis,
664 1073 719 1113 ut
737 1066 930 1113 credant
960 1065 1052 1112 He.
1089 1080 1134 1119 v,
1156 1067 1207 1112 2.
1243 1068 1304 1113 21
1353 1062 1432 1110 Ne
1468 1061 1618 1110 coufi-

568 1144 674 1178 cere
711 1130 905 1177 credant
939 1135 1179 1192 argentum
1217 1143 1351 1175 suum
1382 1127 1473 1176 Ph.
1496 1142 1545 1182 v,
1566 1132 1618 1175 5.

572 1197 631 1243 11
680 1192 794 1240 Non
829 1192 1018 1256 impulit
1040 1208 1133 1247 me,
1155 1193 1257 1239 haec
1276 1205 1405 1239 nunc
1426 1189 1620 1238 omnino

569 1265 626 1305 ut
642 1257 875 1305 crederem
898 1256 961 1306 A.
985 1256 1055 1311 iii,
1075 1261 1123 1305 2.
1144 1260 1209 1305 44
1240 1254 1292 1304 si
1315 1255 1437 1303 istuc
1460 1255 1622 1303 crede·

568 1337 666 1369 rem
686 1321 863 1369 sincere
884 1319 979 1370 dici
1010 1319 1101 1370 Eu.
1123 1319 1161 1376 i.
1183 1325 1232 1368 2.
1253 1324 1319 1368 96
1369 1318 1475 1367 Nec
1511 1333 1621 1366 cum

569 1386 692 1434 male
722 1385 938 1440 facerem,
973 1385 1207 1433 crederem
1240 1380 1354 1430 mihi
1383 1381 1622 1445 impunius

569 1449 711 1498 licere
727 1449 849 1498 Hea.
868 1448 943 1505 iii,
961 1452 1011 1498 2.
1028 1452 1093 1496 49
1124 1447 1201 1494 Ni·
1214 1463 1395 1499 nossem
1418 1461 1624 1505 cauum,

570 1515 806 1562 crederem
827 1528 937 1561 vera
970 1513 1097 1560 hunc
1132 1512 1261 1574 loqui
1301 1512 1390 1559 Ph.
1414 1510 1467 1567 ii,
1488 1515 1535 1560 1.
1555 1515 1624 1560 48

572 1579 784 1626 Sumeret
816 1576 1051 1627 alicunde.
1085 1575 1176 1624 Ge.
1208 1574 1339 1622 Hui!
1372 1575 1493 1622 dixti
1515 1575 1624 1637 pul-

572 1642 701 1700 chre,
738 1640 969 1705 siquidem
1004 1640 1109 1703 quis
1145 1655 1249 1687 uam
1288 1639 1497 1688 crederet
1533 1639 1626 1687 Ph.

574 1705 628 1762 ii,
652 1710 699 1753 1.
719 1709 784 1754 72
817 1705 908 1752 Per
928 1719 1016 1768 ego
1040 1711 1089 1752 te

573 1768 778 1816 animum
820 1767 1019 1816 inducas
1057 1768 1245 1816 credere
1290 1766 1355 1816 A.
1392 1784 1440 1822 v.
1477 1771 1521 1816 1.
1562 1772 1622 1816 15

572 1831 679 1880 Nos
700 1833 901 1895 gaudere
918 1833 1027 1892 hoc,
1059 1839 1107 1880 te
1144 1833 1303 1888 credo,
1338 1830 1525 1880 credere
1555 1830 1623 1881 A.

572 1912 622 1953 v,
646 1899 692 1944 4.
710 1900 776 1944 44
809 1896 1011 1945 Credere
1026 1910 1210 1943 omnem
1225 1895 1495 1952 exercitum,
1510 1909 1626 1942 con-

572 1958 679 2007 silia
706 1958 799 2008 Eu.
820 1960 892 2017 iii,
931 1964 975 2008 1.
1012 1963 1074 2008 12
1124 1959 1291 2016 Quid?
1323 1958 1497 2006 ilicone
1524 1975 1625 2006 cre-

574 2025 687 2071 dere
706 2038 782 2081 ea,
800 2038 907 2086 quae
928 2023 1049 2084 dixi,
1086 2023 1293 2085 oportuit
1326 2022 1413 2070 te?
1448 2021 1537 2070 Eu.
1575 2039 1624 2080 v,

574 2091 625 2138 7.
648 2091 705 2136 11
742 2087 981 2150 Principio
1019 2102 1108 2150 ego
1147 2103 1227 2134 vos
1258 2088 1443 2136 credere
1465 2087 1626 2134 ambos

573 2151 667 2199 hoc
688 2151 807 2198 mihi
826 2153 1128 2200 vehementer
1146 2151 1283 2199 velim
1315 2149 1408 2198 Eu.
1426 2167 1476 2207 v,
1494 2154 1545 2199 9.
1561 2155 1628 2200 89

574 2213 685 2265 Nec
703 2214 795 2263 tibi
819 2216 897 2263 iiie
936 2224 1008 2264 est
1042 2215 1229 2263 credere
1251 2230 1407 2271 ausus,
1429 2225 1535 2290 quae
1554 2223 1629 2262 est

574 2293 759 2342 equom
781 2278 904 2342 patri
935 2279 1059 2328 Hea.
1096 2278 1131 2334 i,
1169 2283 1217 2328 1.
1256 2283 1350 2327 104
1404 2277 1515 2326 Vrn’
1549 2293 1628 2326 me

574 2341 695 2390 istuc
722 2343 831 2402 tibi,
864 2343 954 2390 etsi
988 2341 1258 2390 incredibile
1293 2349 1381 2397 est,
1400 2341 1626 2390 credere?

574 2403 700 2455 Hea.
718 2405 789 2460 iv,
810 2411 857 2454 1.
879 2411 939 2455 11
974 2404 1069 2452 Fac
1086 2411 1139 2452 ut
1154 2406 1326 2452 audeat
1338 2403 1425 2452 tibi
1438 2406 1627 2453 credere

576 2468 735 2517 omnia
765 2468 890 2518 Hea.
934 2484 980 2527 v,
1024 2473 1072 2517 1.
1111 2473 1175 2518 58
1229 2467 1626 2533 Quandoquidem

576 2533 669 2581 hoc
690 2548 929 2597 nunquam
970 2530 1083 2580 mihi
1118 2532 1219 2596 ipse
1256 2532 1410 2580 voluit
1438 2534 1628 2581 credere

574 2594 673 2644 Ad.
696 2597 763 2654 iv,
784 2603 831 2647 5.
852 2602 885 2646 6
927 2596 959 2645 J
964 2597 1125 2644 urabut
1160 2596 1363 2660 quoties.
1396 2604 1452 2644 ut
1471 2597 1626 2660 quivis

576 2660 717 2708 facile
736 2668 896 2724 posset
913 2661 1100 2709 credere
1134 2659 1226 2709 He.
1248 2661 1283 2717 i,
1306 2665 1355 2712 1.
1372 2663 1404 2708 4
1445 2660 1515 2708 Te
1536 2662 1628 2709 hoc

577 2724 695 2771 mihi
714 2726 856 2789 cupio
876 2726 1066 2773 credere
1098 2723 1193 2773 He.
1213 2725 1265 2780 ii,
1286 2728 1337 2773 2.
1356 2728 1418 2773 28
1451 2725 1628 2773 Verere

576 2789 717 2836 verba
738 2790 783 2837 ei
803 2788 1021 2838 credere?
1058 2789 1147 2836 Ph.
1169 2787 1204 2845 i,
1227 2793 1275 2837 2.
1299 2792 1357 2839 11
1410 2788 1528 2836 Vin'
1552 2804 1628 2837 me

578 2852 671 2901 hoc
692 2853 912 2902 credere?
947 2853 1037 2901 Ph.
1060 2868 1108 2908 v,
1131 2856 1180 2900 8.
1204 2857 1268 2901 27
1302 2851 1491 2916 Pergin’
1527 2867 1627 2901 cre-

578 2917 721 2965 dere?
756 2918 847 2966 Ph.
870 2933 916 2973 v,
939 2921 990 2966 8.
1010 2920 1043 2966 7
1078 2916 1131 2963 Si
1152 2917 1427 2980 compererit
1445 2916 1630 2964 crimini

581 2987 663 3027 tua
683 2996 735 3027 se
756 2981 874 3029 falso
895 2997 1010 3028 uxor
1028 2980 1283 3029 credidisse
1315 2980 1409 3028 He.
1428 2998 1475 3037 v,
1497 2985 1547 3030 2.
1566 2984 1628 3030 18

578 3044 715 3092 Bene
756 3044 933 3094 factum
968 3053 1015 3093 te
1058 3045 1320 3101 advenisse,
1364 3044 1628 3108 Pamphile.

578 3106 666 3156 Pa.
700 3109 917 3158 Creditur
948 3108 1041 3158 He.
1060 3106 1133 3171 iii,
1157 3116 1205 3158 5.
1236 3114 1268 3159 7
1314 3108 1391 3156 Ita
1408 3117 1464 3156 ut
1490 3108 1630 3172 justi,

579 3172 667 3220 soli
684 3174 861 3221 credita
876 3179 947 3221 est
962 3172 1053 3219 Eu.
1069 3188 1115 3228 v,
1136 3176 1182 3220 1.
1202 3177 1263 3219 15
1297 3172 1517 3233 Ignotum
1532 3178 1630 3221 esti

576 3235 773 3284 tacitum
794 3244 866 3283 est
885 3252 897 3281 :
932 3234 1156 3281 creditum
1182 3242 1255 3281 est
1283 3233 1383 3281 Ad.
1401 3234 1472 3291 iii,
1493 3240 1542 3283 4.
1564 3240 1630 3284 28

578 3298 667 3345 Est
693 3314 803 3345 vero
824 3298 935 3345 huic
955 3298 1255 3357 credendum,
1295 3298 1529 3347 Chreme?
1560 3297 1630 3347 A.

578 3376 626 3414 v.
659 3363 708 3408 4.
748 3364 811 3409 14
854 3360 967 3417 Sed,
1006 3361 1134 3425 quod
1166 3360 1313 3425 magis
1346 3362 1631 3410 credendum

576 3423 682 3479 siet,
701 3422 751 3470 id
774 3423 895 3471 Hea.
917 3440 964 3481 v,
985 3429 1032 3475 8.
1055 3429 1120 3474 16

646 3488 818 3551 Crepo.
882 3488 977 3537 Sed
1015 3488 1263 3552 quisnam?
1298 3489 1409 3538 foris
1447 3491 1632 3555 crepuit

578 3550 677 3602 Ad.
718 3552 772 3609 ii,
794 3557 842 3603 8.
882 3557 940 3601 11
993 3553 1086 3601 Sed
1116 3554 1237 3601 fores
1257 3568 1476 3618 crepuere
1492 3556 1553 3603 ab
1574 3570 1632 3603 ea

580 3614 672 3665 Eu.
690 3632 738 3677 v,
765 3621 815 3667 8.
837 3622 867 3666 5
917 3616 1010 3665 Sed
1048 3618 1164 3694 quid
1203 3626 1481 3681 crepuerunt
1508 3619 1632 3667 sores

581 3679 690 3728 hinc
714 3682 871 3729 ame?
904 3680 1030 3731 Heu.
1066 3697 1101 3739 r,
1143 3686 1187 3730 1.
1224 3686 1319 3731 121
1375 3681 1507 3739 Quid
1541 3691 1631 3740 est,

579 3746 708 3855 ἓιιοά
742 3751 837 3792 tam
875 3762 903 3794 a
953 3746 1087 3794 nobis
1125 3747 1322 3810 graviter
1352 3756 1634 3811 crepuerunt

600 3808 739 3856 ores?
773 3809 895 3859 Hea.
915 3809 985 3865 iii,
1007 3814 1055 3859 8.
1077 3816 1141 3860 52

1156 1719 1237 1751 eos
1259 1719 1359 1760 oro,
1381 1710 1435 1750 ut
1450 1718 1510 1750 ne
1530 1703 1624 1751 iliis

648 3872 837 3925 Cresco.
925 3874 1087 3937 Plagae
1128 3882 1341 3923 crescunt
1372 3874 1461 3924 Ph.
1494 3890 1543 3929 V,
1581 3879 1632 3923 2.

584 3940 648 3984 16
680 3936 806 3985 Date
842 3938 1082 3986 crescendi
1114 3940 1299 4002 copiam
1332 3938 1453 3987 Hea.
1498 3939 1628 3989 Prol.

648 4062 853 4115 Crimen.
918 4065 967 4113 Si
988 4066 1265 4129 compererit
1284 4066 1465 4115 crimini
1484 4074 1565 4114 tua
1580 4082 1631 4115 se

582 4122 699 4173 salso
721 4144 837 4176 uxor
856 4129 1108 4178 credidisse
1139 4129 1232 4178 He.
1252 4147 1300 4187 v,
1321 4135 1369 4181 2.
1393 4136 1453 4180 18
1502 4130 1631 4179 Hera

584 4186 634 4233 in
657 4190 825 4239 crimen
847 4192 1008 4241 veniet
1026 4194 1121 4243 He.
1161 4193 1230 4251 iit,
1270 4200 1331 4244 1.Δ
1352 4200 1414 4244 55
1466 4194 1630 4259 Teque

586 4251 677 4300 hoc
698 4254 891 4304 crimine
910 4258 1083 4323 expedi
1100 4258 1196 4310 He.
1217 4276 1266 4317 v,
1289 4264 1335 4309 1.
1356 4264 1421 4311 28
1467 4258 1629 4325 Atque

1506 407 1517 416 '
1548 399 1789 450 mnltx

1691 567 1744 600 ex
1768 549 1960 599 crimine
1979 550 2070 599 hoc
2091 547 2414 614 Antiphonem
2433 546 2626 612 eripiam
2647 547 2741 597 Ph.

1691 617 1744 672 ii,
1767 620 1817 665 2.
1841 619 1874 664 8
1937 641 1944 649 -

1756 678 2002 727 criminor.
2067 677 2204 726 Hanc
2221 676 2387 733 metui,
2403 691 2466 726 ne
2488 691 2564 726 me
2585 677 2738 726 crimi-

1689 751 1876 791 naretur
1895 743 1980 791 tibi
2011 742 2104 789 Eu.
2123 757 2172 801 v,
2187 745 2236 789 2.
2263 745 2324 790 16

1756 805 1966 869 Crispus.
2033 806 2255 866 Magnus,
2295 803 2597 863 rubicundus,
2627 804 2742 855 cris-

1690 885 1796 934 pus,
1820 886 2016 924 crassus.
2037 869 2201 918 caesius
2233 868 2327 916 He.
2349 868 2418 925 iii,
2439 873 2488 918 4.
2507 875 2577 919 26

1707 963 1716 969 ·
1757 934 1906 984 Crito.
1971 934 2127 991 Quem
2151 931 2324 981 video?
2359 941 2490 982 estne
2507 933 2584 980 hic
2605 932 2740 982 Crito

1690 999 1902 1048 sobrinus
1915 997 2200 1062 Chrysidis?
2221 995 2286 1045 A.
2305 997 2370 1053 iv,
2383 1003 2430 1044 5.
2445 1001 2484 1046 6.
2508 995 2740 1046 Andrium

1691 1078 1782 1126 ego
1820 1063 2058 1112 Critonem
2097 1061 2268 1109 video?
2298 1068 2422 1108 certe
2441 1060 2482 1108 is
2499 1067 2571 1109 est
2600 1059 2667 1112 A.
2690 1079 2741 1120 v,

1689 1130 1742 1177 4.
1765 1130 1795 1174 8
1833 1127 2000 1190 passim
2020 1124 2135 1173 alibi

1759 1190 2019 1239 Cruciatus.
2082 1187 2221 1237 Hanc
2235 1186 2337 1251 jam
2358 1189 2616 1252 oportetin
2635 1206 2739 1240 cru·

1693 1253 1867 1303 ciarum
1889 1255 1998 1303 hinc
2019 1253 2169 1317 abripi
2205 1252 2262 1302 A.
2284 1252 2348 1309 iv,
2367 1258 2417 1301 4.
2439 1257 2502 1303 47
2537 1253 2647 1310 Quo
2667 1255 2741 1302 lu-

1695 1319 1776 1368 bet
1796 1319 2006 1367 cruciatu
2089 1334 2110 1365 r
2133 1333 2207 1365 me
2228 1318 2416 1380 exquire
2448 1317 2546 1366 He.
2569 1333 2617 1374 ν,
2639 1323 2740 1369 2.·7

1759 1381 1947 1433 Crucio.
2059 1383 2236 1430 hremes
2255 1381 2394 1428 nimis
2416 1381 2617 1445 graviter
2635 1397 2745 1432 cru-

1693 1446 1791 1495 ciat
1809 1447 2227 1501 adolescentulum,
2246 1445 2476 1508 nimisque
2490 1444 2744 1495 inhumane

1694 1509 1817 1558 Hea.
1838 1528 1886 1567 v,
1906 1517 1956 1560 5.
1984 1514 2013 1558 1
2061 1511 2182 1567 Quae
2219 1524 2304 1556 nos
2325 1525 2504 1571 semper
2521 1511 2742 1558 omnibus

1694 1575 1905 1624 cruciant
1918 1574 2070 1622 modis
2087 1575 2178 1622 Eu.
2197 1573 2250 1631 ii,
2263 1576 2310 1622 8.
2323 1577 2386 1622 92
2421 1573 2498 1620 An
2521 1573 2743 1636 cuiquam

1695 1646 1768 1687 est
1791 1655 1900 1687 usus
1919 1637 2114 1694 homini,
2133 1653 2184 1686 se
2220 1644 2275 1684 ut
2309 1636 2525 1685 cruciet?
2559 1636 2685 1688 Hea.
2709 1638 2744 1694 i,

1697 1708 1744 1753 1.
1763 1707 1828 1754 29
1876 1701 1956 1750 Ne
1996 1701 2152 1751 crucia
2171 1709 2236 1758 te,
2257 1701 2410 1750 anime
2426 1700 2489 1747 mi
2523 1699 2616 1750 Eu.
2638 1701 2673 1758 i,
2693 1705 2745 1751 2.

1697 1771 1758 1816 15
1813 1767 2006 1816 Crucior
2046 1767 2182 1814 miser
2223 1764 2290 1814 A.
2333 1781 2381 1822 v,
2417 1768 2470 1815 2.
2508 1768 2572 1813 10
2626 1764 2748 1814 Cru-

1695 1831 1810 1943 ffiqg,
1825 1831 2177 1942 bqlunrgantulrlrr
2190 1829 2307 1877 mihi
2322 1835 2534 1942 {eratum
2548 1835 2648 1878 tam
2666 1845 2746 1877 su·

1818 1911 1846 1942 e
1885 1910 1989 1944 auci
2025 1911 2078 1942 us
2158 1909 2230 1942 ea.
2249 1909 2315 1948 iv,
2372 1923 2387 1942 .

1762 1958 1906 2008 Crux.
1971 1959 2104 2016 Quid
2145 1957 2371 2006 meritus?
2405 1956 2500 2005 De.
2541 1956 2745 2007 Crucem

1697 2020 1764 2072 A.
1783 2023 1858 2083 iii,
1881 2029 1930 2072 5.
1951 2027 2010 2073 15
2060 2022 2120 2070 In
2142 2021 2309 2070 malam
2328 2023 2546 2070 crucem?
2579 2021 2746 2079 Ph.·ii‚

1696 2090 1746 2135 8.
1767 2091 1828 2136 21
1878 2086 1948 2134 Ni
1984 2086 2125 2135 etiam
2159 2100 2286 2160 nuuc
2323 2101 2398 2134 ne
2435 2084 2576 2148 hujus
2607 2101 2748 2134 causa

1697 2165 1852 2269 3:¹30
1855 2167 1916 2264 Ι1θὶ
1942 2149 2619 2276 Ἢὶίἔῃῖιτῖιοέἒιῖῗδῳξὲιῗὲῗ
2635 2149 2748 2262 ιιιεζιῖ

1700 2286 1910 2341 tranique
1932 2278 2296 2326 adolescentiam
2334 2278 2511 2325 habent
2528 2277 2749 2340 despica-

1698 2348 1814 2401 tam,
1833 2357 1959 2390 niune
1981 2342 2176 2392 referam
2198 2342 2388 2405 gratiam
2423 2341 2515 2389 Eu.
2535 2341 2588 2398 ii,
2611 2347 2661 2391 8.
2680 2346 2744 2392 91

1709 2435 1714 2440 ·
1764 2405 2008 2468 Ctesipho.
2072 2406 2116 2453 Ο
2140 2406 2266 2454 Ctesi
2303 2404 2395 2452 ho!
2431 2403 2510 2454 ct.
2531 2405 2577 2453 Ο
2599 2406 2632 2453 S
2731 2407 2746 2453 Ι

1699 2467 1953 2518 AEschinus
1969 2469 2052 2519 ubi
2071 2470 2178 2519 est?
2211 2469 2258 2518 A
2295 2506 2308 2519 .
2343 2467 2399 2527 ii,
2434 2473 2482 2518 8.
2521 2474 2551 2520 7
2647 2485 2750 2517 om-

1699 2532 1984 2583 missatorem
2003 2534 2132 2581 haud
2155 2550 2265 2582 sane
2287 2533 2606 2591 commodum,
2629 2549 2750 2596 prm-

1700 2598 1855 2645 sertim
1878 2598 2156 2660 Ctesiphoni
2176 2597 2275 2647 Ad.
2297 2613 2345 2654 v,
2367 2601 2414 2646 2.
2431 2601 2465 2647 9
2498 2598 2750 2661 Ctesipho·

1698 2676 1808 2709 nem
1829 2662 1984 2711 video.
2007 2662 2141 2710 laetus
2162 2669 2232 2711 est
2252 2662 2316 2710 de
2335 2662 2486 2711 amica
2507 2661 2609 2709 Ad.
2626 2662 2684 2719 ii,
2697 2667 2750 2712 2.

1764 2788 2060 2839 Cubicuium.
2123 2790 2376 2844 credebas.
2398 2788 2523 2837 illam
2545 2789 2644 2838 sine
2665 2797 2750 2838 tua

1701 2868 1844 2964 quere
1857 2854 2186 2968 iugugffulnm
2201 2854 2256 2903 iri
2271 2855 2522 2902 deductum
2538 2854 2756 2904 domum?

1787 2949 1801 2964 ο
1822 2934 1890 2973 lv,
1942 2950 1957 2965 ο

1767 2981 1920 3030 Cubo.
2001 2982 2234 3045 Equidem
2271 2981 2416 3028 filium
2455 2988 2555 3029 tum
2591 2982 2750 3039 etiam,

1702 3045 1742 3093 si
1764 3046 1898 3101 nolit,
1936 3060 2093 3109 cogas,
2133 3054 2186 3094 ut
2221 3061 2330 3094 cum
2362 3043 2445 3092 ilia
2483 3060 2577 3093 unu
2609 3048 2753 3094 cubet

1702 3108 1802 3157 Ad.
1820 3126 1867 3167 v,
1891 3114 1940 3159 8.
1955 3114 2018 3159 65
2064 3110 2183 3160 Cum
2222 3110 2396 3171 virgine
2437 3124 2531 3156 una
2567 3109 2751 3158 adoles-

1703 3188 1814 3221 cens
1835 3174 2046 3222 cubuerit
2065 3174 2168 3238 plus
2189 3181 2326 3237 potus
2358 3172 2452 3219 He.
2475 3173 2512 3229 i,
2531 3176 2582 3221 2.
2604 3178 2670 3222 68

1767 3236 1924 3287 Cudo.
2005 3237 2266 3302 Argentum
2305 3235 2449 3293 cudo,
2489 3236 2619 3298 quod
2661 3236 2752 3284 tibi

1704 3299 1811 3347 dem
1833 3300 1954 3350 Hea.
1974 3300 2040 3359 iv,
2056 3306 2106 3353 4.
2131 3306 2192 3351 18
2224 3300 2363 3349 Istaec
2381 3298 2438 3349 iu
2457 3316 2531 3349 me
2553 3299 2752 3349 cudetur

1703 3362 1814 3411 faba
1843 3364 1936 3414 Eu.
1958 3365 2010 3421 ii,
2029 3370 2078 3415 8.
2095 3370 2162 3415 89

1769 3427 1938 3492 Cujus,
1959 3445 2004 3485 a,
2025 3446 2123 3479 um.
2187 3428 2340 3485 Cedo,
2371 3428 2532 3491 cujum
2553 3444 2750 3491 puerum

1703 3490 1782 3539 hic
1803 3494 2095 3567 opposuisti?
2129 3490 2191 3540 A.
2211 3493 2274 3554 iv,
2294 3497 2344 3541 4.
2363 3496 2427 3541 24
2461 3493 2624 3550 Quid?
2657 3493 2752 3539 vir·

1704 3571 1915 3620 go‚qua
1945 3560 2052 3606 est?
2087 3558 2178 3606 Eu.
2213 3556 2263 3612 ii.
2296 3561 2347 3605 8.
2381 3561 2446 3605 29
2487 3556 2628 3603 Nunc
2666 3556 2751 3619 qui

1703 3620 2338 3733 2⁰¹¹sf’sifssksaizjtssssrfss
2368 3620 2434 3732 ετ
2473 3620 2602 3732 ¹303.

1705 3747 1875 3811 Cujtun
1895 3749 2071 3811 igitur?
2091 3746 2153 3795 A.
2176 3765 2222 3804 v,
2244 3753 2295 3798 4.
2315 3754 2382 3798 29

1769 3813 1940 3875 Culpa.
1990 3812 2050 3860 Iu
2072 3821 2119 3860 te
2140 3812 2293 3860 umrris
2310 3814 2455 3861 haeret
2475 3811 2616 3874 culpa
2633 3812 2752 3867 sola,

1703 3874 1908 3924 Sostrata
1940 3876 2034 3923 He.
2055 3876 2107 3937 ii,
2133 3880 2178 3925 1.
2203 3881 2267 3925 82
2314 3876 2549 3925 Nostrane
2571 3892 2628 3922 ea
2649 3876 2751 3923 cui·

1703 3955 1767 4003 pe
1787 3948 1874 3996 est,
1897 3956 1959 3987 an
1975 3940 2222 4005 judicum?
2259 3941 2346 3990 Ph.
2379 3940 2434 3996 ii,
2473 3945 2518 3989 1.
2555 3943 2619 3988 45
2674 3938 2754 3987 Ibi

1703 4004 1890 4068 culpam
1923 4005 1974 4051 in
2011 4012 2059 4052 te
2096 4005 2335 4052 transferet
2367 4005 2427 4051 A.
2449 4004 2502 4058 ii,
2526 4007 2573 4051 8.
2595 4009 2624 4051 5
2673 4002 2752 4051 Ne

1705 4076 1814 4130 post
1833 4069 2042 4117 conferas
2063 4068 2251 4132 culpam
2289 4069 2339 4115 in
2375 4084 2449 4115 me
2483 4067 2579 4114 Eu.
2612 4066 2669 4124 ii,
2703 4072 2752 4116 8.

1702 4136 1766 4181 97
1801 4132 2132 4199 consciqmihi
2155 4149 2274 4190 sum,
2297 4148 2327 4179 a
2347 4148 2422 4180 me
2442 4131 2632 4193 culpam
2651 4146 2752 4178 esse

1703 4197 1823 4245 hanc
1847 4198 2007 4260 procui
2039 4196 2140 4247 Ad.-
2177 4197 2250 4256 iii,
2278 4200 2328 4245 2.
2348 4200 2413 4244 50
2468 4195 2572 4257 Ego
2609 4194 2751 4242 etiam

1701 4260 1887 4313 illorum
1907 4278 2007 4311 esse
2027 4263 2149 4313 hanc
2185 4260 2374 4327 culpam
2408 4258 2606 4316 credidi,
2642 4272 2752 4323 qua
