<?xml version="1.0" encoding="UTF-8"?>
<!DOCTYPE html PUBLIC "-//W3C//DTD XHTML 1.0 Transitional//EN"
    "http://www.w3.org/TR/xhtml1/DTD/xhtml1-transitional.dtd">
<html xmlns="http://www.w3.org/1999/xhtml" xml:lang="en" lang="en">
 <head>
  <title>
</title>
<meta http-equiv="Content-Type" content="text/html;charset=utf-8" />
  <meta name='ocr-system' content='tesseract 3.04.00' />
  <meta name='ocr-capabilities' content='ocr_page ocr_carea ocr_par ocr_line ocrx_word'/>
</head>
<body>
  <div class='ocr_page' id='page_1' title='image "./comoedisex09westgoog_0413.png"; bbox 0 0 3192 4975; ppageno 0'>
   <div class='ocr_carea' id='block_1_1' title="bbox 1229 443 1827 497">
    <p class='ocr_par' dir='ltr' id='par_1_1' title="bbox 1229 443 1827 497">
     <span class='ocr_line' id='line_1_1' title="bbox 1229 443 1827 497; baseline 0 -1"><span class='ocrx_word' id='word_1_1' title='bbox 1229 443 1307 496; x_wconf 80' lang='lat' dir='ltr'>IN</span> <span class='ocrx_word' id='word_1_2' title='bbox 1355 445 1827 497; x_wconf 54' lang='lat' dir='ltr'>&#39;rflrtawmunn</span> 
     </span>
    </p>
   </div>
   <div class='ocr_carea' id='block_1_2' title="bbox 431 587 1508 4323">
    <p class='ocr_par' dir='ltr' id='par_1_2' title="bbox 431 587 1508 4323">
     <span class='ocr_line' id='line_1_2' title="bbox 431 587 1478 661; baseline 0.001 -15"><span class='ocrx_word' id='word_1_3' title='bbox 431 587 489 660; x_wconf 72' lang='lat' dir='ltr'>h„</span> <span class='ocrx_word' id='word_1_4' title='bbox 509 602 554 647; x_wconf 88' lang='lat'>1.</span> <span class='ocrx_word' id='word_1_5' title='bbox 578 603 636 648; x_wconf 87' lang='lat' dir='ltr'><strong>u</strong></span> <span class='ocrx_word' id='word_1_6' title='bbox 675 597 722 646; x_wconf 71' lang='lat' dir='ltr'>E</span> <span class='ocrx_word' id='word_1_7' title='bbox 737 595 920 652; x_wconf 78' lang='lat' dir='ltr'>flamma</span> <span class='ocrx_word' id='word_1_8' title='bbox 937 603 1093 660; x_wconf 81' lang='lat' dir='ltr'>petere</span> <span class='ocrx_word' id='word_1_9' title='bbox 1109 603 1156 644; x_wconf 86' lang='lat' dir='ltr'>te</span> <span class='ocrx_word' id='word_1_10' title='bbox 1171 597 1326 646; x_wconf 81' lang='lat' dir='ltr'>cibum</span> <span class='ocrx_word' id='word_1_11' title='bbox 1343 613 1478 661; x_wconf 77' lang='lat' dir='ltr'>posse</span> 
     </span>
     <span class='ocr_line' id='line_1_3' title="bbox 435 661 1478 724; baseline 0.001 -14"><span class='ocrx_word' id='word_1_12' title='bbox 435 664 628 710; x_wconf 64' lang='lat' dir='ltr'>arbitror</span> <span class='ocrx_word' id='word_1_13' title='bbox 657 663 746 710; x_wconf 84' lang='lat' dir='ltr'>Eu.</span> <span class='ocrx_word' id='word_1_14' title='bbox 769 663 837 724; x_wconf 59' lang='lat' dir='ltr'>fii,</span> <span class='ocrx_word' id='word_1_15' title='bbox 858 667 910 711; x_wconf 89' lang='grc'>2.</span> <span class='ocrx_word' id='word_1_16' title='bbox 930 667 994 711; x_wconf 74' lang='grc'>38</span> <span class='ocrx_word' id='word_1_17' title='bbox 1050 661 1294 710; x_wconf 72' lang='lat' dir='ltr'><strong>Amatores</strong></span> <span class='ocrx_word' id='word_1_18' title='bbox 1317 663 1478 711; x_wconf 83' lang='lat' dir='ltr'>mulie-</span> 
     </span>
     <span class='ocr_line' id='line_1_4' title="bbox 435 727 1494 780; baseline 0 -6"><span class='ocrx_word' id='word_1_19' title='bbox 435 740 538 776; x_wconf 81' lang='lat' dir='ltr'>rum</span> <span class='ocrx_word' id='word_1_20' title='bbox 555 744 654 776; x_wconf 84' lang='lat' dir='ltr'>esse</span> <span class='ocrx_word' id='word_1_21' title='bbox 677 727 910 780; x_wconf 70' lang='lat' dir='ltr'>audieram</span> <span class='ocrx_word' id='word_1_22' title='bbox 933 742 1014 774; x_wconf 88' lang='lat' dir='ltr'>eos</span> <span class='ocrx_word' id='word_1_23' title='bbox 1035 727 1256 775; x_wconf 81' lang='lat' dir='ltr'>maximos</span> <span class='ocrx_word' id='word_1_24' title='bbox 1275 744 1287 775; x_wconf 70' lang='grc' dir='ltr'><strong>ε</strong></span> <span class='ocrx_word' id='word_1_25' title='bbox 1308 729 1388 775; x_wconf 87' lang='lat' dir='ltr'>sed</span> <span class='ocrx_word' id='word_1_26' title='bbox 1408 728 1494 774; x_wconf 87' lang='lat' dir='ltr'>ni·.</span> 
     </span>
     <span class='ocr_line' id='line_1_5' title="bbox 433 784 1482 856; baseline 0.002 -18"><span class='ocrx_word' id='word_1_27' title='bbox 433 784 499 839; x_wconf 72' lang='lat' dir='ltr'>hii</span> <span class='ocrx_word' id='word_1_28' title='bbox 527 799 704 854; x_wconf 82' lang='lat' dir='ltr'>potesse</span> <span class='ocrx_word' id='word_1_29' title='bbox 742 791 836 854; x_wconf 29' lang='lat' dir='ltr'>Eu..</span> <span class='ocrx_word' id='word_1_30' title='bbox 856 792 920 848; x_wconf 83' lang='lat' dir='ltr'>iv,</span> <span class='ocrx_word' id='word_1_31' title='bbox 943 797 992 840; x_wconf 74' lang='lat'>3.</span> <span class='ocrx_word' id='word_1_32' title='bbox 1014 796 1078 840; x_wconf 86' lang='grc'>24</span> <span class='ocrx_word' id='word_1_33' title='bbox 1121 790 1232 839; x_wconf 87' lang='lat' dir='ltr'>Sine</span> <span class='ocrx_word' id='word_1_34' title='bbox 1255 793 1482 856; x_wconf 78' lang='lat' dir='ltr'>sanguine</span> 
     </span>
     <span class='ocr_line' id='line_1_6' title="bbox 436 847 1490 919; baseline 0.003 -18"><span class='ocrx_word' id='word_1_35' title='bbox 436 857 524 904; x_wconf 89' lang='lat' dir='ltr'>hoc</span> <span class='ocrx_word' id='word_1_36' title='bbox 545 856 642 903; x_wconf 72' lang='lat' dir='ltr'>lieri</span> <span class='ocrx_word' id='word_1_37' title='bbox 665 872 761 904; x_wconf 89' lang='lat' dir='ltr'>non</span> <span class='ocrx_word' id='word_1_38' title='bbox 785 871 922 919; x_wconf 89' lang='lat' dir='ltr'>posse</span> <span class='ocrx_word' id='word_1_39' title='bbox 945 847 1036 918; x_wconf 73' lang='lat' dir='ltr'>Eu.</span> <span class='ocrx_word' id='word_1_40' title='bbox 1059 854 1124 913; x_wconf 84' lang='lat' dir='ltr'>iv,</span> <span class='ocrx_word' id='word_1_41' title='bbox 1147 861 1194 904; x_wconf 96' lang='grc'>7.</span> <span class='ocrx_word' id='word_1_42' title='bbox 1213 861 1246 905; x_wconf 90' lang='grc'><strong>9</strong></span> <span class='ocrx_word' id='word_1_43' title='bbox 1278 855 1490 917; x_wconf 67' lang='lat' dir='ltr'>Operam,</span> 
     </span>
     <span class='ocr_line' id='line_1_7' title="bbox 435 919 1484 982; baseline 0.002 -16"><span class='ocrx_word' id='word_1_44' title='bbox 435 921 650 982; x_wconf 76' lang='lat' dir='ltr'>daturum</span> <span class='ocrx_word' id='word_1_45' title='bbox 685 937 778 980; x_wconf 88' lang='lat' dir='ltr'>me,</span> <span class='ocrx_word' id='word_1_46' title='bbox 811 919 951 968; x_wconf 88' lang='lat' dir='ltr'>hodie</span> <span class='ocrx_word' id='word_1_47' title='bbox 983 935 1078 966; x_wconf 88' lang='lat' dir='ltr'>non</span> <span class='ocrx_word' id='word_1_48' title='bbox 1111 935 1248 982; x_wconf 88' lang='lat' dir='ltr'>posse</span> <span class='ocrx_word' id='word_1_49' title='bbox 1281 921 1352 968; x_wconf 83' lang='lat' dir='ltr'>his</span> <span class='ocrx_word' id='word_1_50' title='bbox 1373 923 1484 968; x_wconf 76' lang='lat' dir='ltr'>dare</span> 
     </span>
     <span class='ocr_line' id='line_1_8' title="bbox 433 976 1484 1048; baseline 0.004 -18"><span class='ocrx_word' id='word_1_51' title='bbox 433 983 554 1032; x_wconf 73' lang='lat' dir='ltr'>Heu.</span> <span class='ocrx_word' id='word_1_52' title='bbox 599 985 669 1038; x_wconf 87' lang='lat' dir='ltr'>iii,</span> <span class='ocrx_word' id='word_1_53' title='bbox 693 989 738 1048; x_wconf 31' lang='lat'>1..</span> <span class='ocrx_word' id='word_1_54' title='bbox 761 989 824 1033; x_wconf 81' lang='grc'>96</span> <span class='ocrx_word' id='word_1_55' title='bbox 861 980 975 1046; x_wconf 72' lang='lat' dir='ltr'>¹Aut</span> <span class='ocrx_word' id='word_1_56' title='bbox 998 999 1134 1047; x_wconf 89' lang='lat' dir='ltr'>posse</span> <span class='ocrx_word' id='word_1_57' title='bbox 1159 976 1387 1048; x_wconf 76' lang='lat' dir='ltr'>postulem</span> <span class='ocrx_word' id='word_1_58' title='bbox 1407 1001 1484 1034; x_wconf 81' lang='lat' dir='ltr'>me</span> 
     </span>
     <span class='ocr_line' id='line_1_9' title="bbox 432 1039 1484 1108; baseline 0.001 -14"><span class='ocrx_word' id='word_1_59' title='bbox 432 1045 612 1108; x_wconf 73' lang='lat' dir='ltr'>fallere,</span> <span class='ocrx_word' id='word_1_60' title='bbox 631 1049 745 1096; x_wconf 78' lang='lat' dir='ltr'>nihii</span> <span class='ocrx_word' id='word_1_61' title='bbox 769 1054 840 1096; x_wconf 84' lang='lat' dir='ltr'>est</span> <span class='ocrx_word' id='word_1_62' title='bbox 871 1039 992 1098; x_wconf 75' lang='lat' dir='ltr'>Hes.</span> <span class='ocrx_word' id='word_1_63' title='bbox 1015 1049 1080 1108; x_wconf 86' lang='lat' dir='ltr'>iv,</span> <span class='ocrx_word' id='word_1_64' title='bbox 1102 1053 1152 1096; x_wconf 87' lang='grc'>2.</span> <span class='ocrx_word' id='word_1_65' title='bbox 1175 1054 1204 1099; x_wconf 99' lang='grc'><strong>4</strong></span> <span class='ocrx_word' id='word_1_66' title='bbox 1260 1049 1388 1096; x_wconf 86' lang='lat' dir='ltr'>Foris</span> <span class='ocrx_word' id='word_1_67' title='bbox 1410 1063 1484 1095; x_wconf 74' lang='lat' dir='ltr'>sa-</span> 
     </span>
     <span class='ocr_line' id='line_1_10' title="bbox 435 1109 1484 1176; baseline -0.001 -16"><span class='ocrx_word' id='word_1_68' title='bbox 435 1128 544 1175; x_wconf 89' lang='lat' dir='ltr'>pere</span> <span class='ocrx_word' id='word_1_69' title='bbox 563 1131 577 1172; x_wconf 88' lang='lat'>;</span> <span class='ocrx_word' id='word_1_70' title='bbox 605 1113 690 1160; x_wconf 89' lang='lat' dir='ltr'>tibi</span> <span class='ocrx_word' id='word_1_71' title='bbox 713 1127 968 1176; x_wconf 81' lang='lat' dir='ltr'>nonposse</span> <span class='ocrx_word' id='word_1_72' title='bbox 983 1109 1268 1160; x_wconf 72' lang='lat' dir='ltr'>auxiliarier?</span> <span class='ocrx_word' id='word_1_73' title='bbox 1292 1113 1415 1161; x_wconf 75' lang='lat' dir='ltr'>Hes.</span> <span class='ocrx_word' id='word_1_74' title='bbox 1437 1130 1484 1170; x_wconf 81' lang='lat' dir='ltr'>v,</span> 
     </span>
     <span class='ocr_line' id='line_1_11' title="bbox 435 1171 1494 1252; baseline 0 -26"><span class='ocrx_word' id='word_1_75' title='bbox 435 1182 482 1227; x_wconf 90' lang='lat'>1.</span> <span class='ocrx_word' id='word_1_76' title='bbox 508 1182 572 1225; x_wconf 85' lang='grc'>50</span> <span class='ocrx_word' id='word_1_77' title='bbox 606 1171 777 1250; x_wconf 70' lang='lat' dir='ltr'>Neque</span> <span class='ocrx_word' id='word_1_78' title='bbox 796 1177 1159 1252; x_wconf 39' lang='lat' dir='ltr'>faciam-...neque</span> <span class='ocrx_word' id='word_1_79' title='bbox 1181 1193 1255 1225; x_wconf 88' lang='lat' dir='ltr'>me</span> <span class='ocrx_word' id='word_1_80' title='bbox 1275 1178 1384 1225; x_wconf 76' lang='lat' dir='ltr'>satis</span> <span class='ocrx_word' id='word_1_81' title='bbox 1406 1177 1494 1242; x_wconf 86' lang='lat' dir='ltr'>pie.</span> 
     </span>
     <span class='ocr_line' id='line_1_12' title="bbox 435 1239 1486 1370; baseline 0 -16"><span class='ocrx_word' id='word_1_82' title='bbox 435 1239 1119 1369; x_wconf 34' lang='lat' dir='ltr'>{xigssssffissogssdfiufflssss</span> <span class='ocrx_word' id='word_1_83' title='bbox 1135 1246 1224 1353; x_wconf 56' lang='lat' dir='ltr'>lugd</span> <span class='ocrx_word' id='word_1_84' title='bbox 1246 1243 1486 1370; x_wconf 47' lang='grc' dir='ltr'><em>ἓξξῖηῶἕὲ</em></span> 
     </span>
     <span class='ocr_line' id='line_1_13' title="bbox 435 1370 1486 1432; baseline 0.004 -16"><span class='ocrx_word' id='word_1_85' title='bbox 435 1370 595 1416; x_wconf 85' lang='lat' dir='ltr'>crerim</span> <span class='ocrx_word' id='word_1_86' title='bbox 641 1385 712 1416; x_wconf 87' lang='lat' dir='ltr'>me</span> <span class='ocrx_word' id='word_1_87' title='bbox 753 1383 846 1416; x_wconf 89' lang='lat' dir='ltr'>non</span> <span class='ocrx_word' id='word_1_88' title='bbox 871 1384 1030 1432; x_wconf 26' lang='lat' dir='ltr'>‘posse</span> <span class='ocrx_word' id='word_1_89' title='bbox 1069 1370 1246 1418; x_wconf 88' lang='lat' dir='ltr'>diutius</span> <span class='ocrx_word' id='word_1_90' title='bbox 1302 1372 1486 1420; x_wconf 74' lang='lat' dir='ltr'>habere.</span> 
     </span>
     <span class='ocr_line' id='line_1_14' title="bbox 435 1429 1488 1496; baseline 0.002 -16"><span class='ocrx_word' id='word_1_91' title='bbox 435 1429 547 1480; x_wconf 89' lang='lat' dir='ltr'>Non</span> <span class='ocrx_word' id='word_1_92' title='bbox 573 1449 708 1496; x_wconf 89' lang='lat' dir='ltr'>posse</span> <span class='ocrx_word' id='word_1_93' title='bbox 728 1449 776 1482; x_wconf 88' lang='lat' dir='ltr'>se</span> <span class='ocrx_word' id='word_1_94' title='bbox 801 1449 979 1481; x_wconf 87' lang='lat' dir='ltr'>mecum</span> <span class='ocrx_word' id='word_1_95' title='bbox 1004 1449 1121 1491; x_wconf 85' lang='lat' dir='ltr'>esse,</span> <span class='ocrx_word' id='word_1_96' title='bbox 1154 1437 1382 1485; x_wconf 73' lang='lat' dir='ltr'>abituram</span> <span class='ocrx_word' id='word_1_97' title='bbox 1403 1436 1488 1482; x_wconf 87' lang='lat' dir='ltr'>de·</span> 
     </span>
     <span class='ocr_line' id='line_1_15' title="bbox 433 1495 1489 1561; baseline 0.002 -17"><span class='ocrx_word' id='word_1_98' title='bbox 433 1495 578 1561; x_wconf 84' lang='lat' dir='ltr'>nique</span> <span class='ocrx_word' id='word_1_99' title='bbox 612 1497 702 1544; x_wconf 85' lang='lat' dir='ltr'>He.</span> <span class='ocrx_word' id='word_1_100' title='bbox 727 1497 758 1555; x_wconf 83' lang='lat' dir='ltr'>i,</span> <span class='ocrx_word' id='word_1_101' title='bbox 781 1501 828 1546; x_wconf 94' lang='grc'>2.</span> <span class='ocrx_word' id='word_1_102' title='bbox 849 1503 934 1546; x_wconf 89' lang='grc'>72.</span> <span class='ocrx_word' id='word_1_103' title='bbox 955 1501 1039 1548; x_wconf 83' lang='grc'>73.</span> <span class='ocrx_word' id='word_1_104' title='bbox 1059 1503 1118 1548; x_wconf 86' lang='grc'>81</span> <span class='ocrx_word' id='word_1_105' title='bbox 1155 1500 1328 1547; x_wconf 75' lang='lat' dir='ltr'>Sancte</span> <span class='ocrx_word' id='word_1_106' title='bbox 1351 1500 1489 1558; x_wconf 81' lang='lat' dir='ltr'>adju·</span> 
     </span>
     <span class='ocr_line' id='line_1_16' title="bbox 431 1563 1490 1627; baseline 0.006 -19"><span class='ocrx_word' id='word_1_107' title='bbox 431 1570 520 1624; x_wconf 74' lang='lat' dir='ltr'>rat.</span> <span class='ocrx_word' id='word_1_108' title='bbox 544 1578 640 1609; x_wconf 89' lang='lat' dir='ltr'>non</span> <span class='ocrx_word' id='word_1_109' title='bbox 665 1577 798 1624; x_wconf 85' lang='lat' dir='ltr'>posse</span> <span class='ocrx_word' id='word_1_110' title='bbox 829 1563 954 1626; x_wconf 87' lang='lat' dir='ltr'>apud</span> <span class='ocrx_word' id='word_1_111' title='bbox 987 1579 1068 1610; x_wconf 81' lang='lat' dir='ltr'>vos</span> <span class='ocrx_word' id='word_1_112' title='bbox 1102 1563 1348 1627; x_wconf 76' lang='lat' dir='ltr'>perdurare</span> <span class='ocrx_word' id='word_1_113' title='bbox 1395 1564 1490 1614; x_wconf 85' lang='lat' dir='ltr'>He.</span> 
     </span>
     <span class='ocr_line' id='line_1_17' title="bbox 435 1623 1488 1683; baseline 0.003 -10"><span class='ocrx_word' id='word_1_114' title='bbox 435 1625 490 1683; x_wconf 79' lang='lat' dir='ltr'>ii,</span> <span class='ocrx_word' id='word_1_115' title='bbox 513 1631 558 1674; x_wconf 92' lang='grc'>2.</span> <span class='ocrx_word' id='word_1_116' title='bbox 583 1623 643 1674; x_wconf 92' lang='grc'>27</span> <span class='ocrx_word' id='word_1_117' title='bbox 701 1626 847 1682; x_wconf 88' lang='lat' dir='ltr'>Quod</span> <span class='ocrx_word' id='word_1_118' title='bbox 869 1627 1094 1674; x_wconf 87' lang='lat' dir='ltr'>constitui</span> <span class='ocrx_word' id='word_1_119' title='bbox 1117 1644 1192 1675; x_wconf 87' lang='lat' dir='ltr'>me</span> <span class='ocrx_word' id='word_1_120' title='bbox 1214 1629 1353 1676; x_wconf 84' lang='lat' dir='ltr'>hodie</span> <span class='ocrx_word' id='word_1_121' title='bbox 1375 1643 1488 1676; x_wconf 89' lang='lat' dir='ltr'>con-</span> 
     </span>
     <span class='ocr_line' id='line_1_18' title="bbox 433 1687 1490 1754; baseline 0.009 -19"><span class='ocrx_word' id='word_1_122' title='bbox 433 1697 678 1737; x_wconf 80' lang='lat' dir='ltr'>venturum</span> <span class='ocrx_word' id='word_1_123' title='bbox 700 1706 826 1751; x_wconf 89' lang='lat' dir='ltr'>eum,</span> <span class='ocrx_word' id='word_1_124' title='bbox 846 1707 942 1738; x_wconf 88' lang='lat' dir='ltr'>non</span> <span class='ocrx_word' id='word_1_125' title='bbox 965 1705 1102 1754; x_wconf 87' lang='lat' dir='ltr'>posse</span> <span class='ocrx_word' id='word_1_126' title='bbox 1144 1687 1235 1740; x_wconf 81' lang='lat' dir='ltr'>He.</span> <span class='ocrx_word' id='word_1_127' title='bbox 1259 1693 1328 1748; x_wconf 87' lang='lat' dir='ltr'>iii,</span> <span class='ocrx_word' id='word_1_128' title='bbox 1351 1696 1399 1741; x_wconf 92' lang='grc'>4.</span> <span class='ocrx_word' id='word_1_129' title='bbox 1424 1697 1490 1744; x_wconf 77' lang='grc'>24</span> 
     </span>
     <span class='ocr_line' id='line_1_19' title="bbox 436 1751 1490 1818; baseline 0.005 -18"><span class='ocrx_word' id='word_1_130' title='bbox 436 1751 658 1816; x_wconf 75' lang='lat' dir='ltr'>Negabas</span> <span class='ocrx_word' id='word_1_131' title='bbox 690 1763 886 1818; x_wconf 81' lang='lat' dir='ltr'><strong>nuptam</strong></span> <span class='ocrx_word' id='word_1_132' title='bbox 931 1771 1066 1818; x_wconf 83' lang='lat' dir='ltr'>posse</span> <span class='ocrx_word' id='word_1_133' title='bbox 1101 1755 1240 1803; x_wconf 78' lang='lat' dir='ltr'>filiam</span> <span class='ocrx_word' id='word_1_134' title='bbox 1276 1765 1401 1806; x_wconf 80' lang='lat' dir='ltr'>tuam</span> <span class='ocrx_word' id='word_1_135' title='bbox 1442 1765 1490 1805; x_wconf 86' lang='lat' dir='ltr'>te</span> 
     </span>
     <span class='ocr_line' id='line_1_20' title="bbox 437 1817 1491 1884; baseline 0.005 -20"><span class='ocrx_word' id='word_1_136' title='bbox 437 1819 534 1884; x_wconf 76' lang='lat' dir='ltr'>pati</span> <span class='ocrx_word' id='word_1_137' title='bbox 556 1835 662 1866; x_wconf 90' lang='lat' dir='ltr'>cum</span> <span class='ocrx_word' id='word_1_138' title='bbox 690 1835 748 1866; x_wconf 90' lang='lat' dir='ltr'>eo</span> <span class='ocrx_word' id='word_1_139' title='bbox 800 1817 891 1868; x_wconf 89' lang='lat' dir='ltr'>He.</span> <span class='ocrx_word' id='word_1_140' title='bbox 923 1819 1056 1874; x_wconf 82' lang='lat' dir='ltr'>iv‚.1.</span> <span class='ocrx_word' id='word_1_141' title='bbox 1078 1824 1141 1869; x_wconf 78' lang='lat'>23</span> <span class='ocrx_word' id='word_1_142' title='bbox 1198 1820 1400 1870; x_wconf 86' lang='lat' dir='ltr'>Censen&#39;</span> <span class='ocrx_word' id='word_1_143' title='bbox 1443 1829 1491 1869; x_wconf 90' lang='lat' dir='ltr'>te</span> 
     </span>
     <span class='ocr_line' id='line_1_21' title="bbox 501 1883 1488 1949; baseline 0.003 -20"><span class='ocrx_word' id='word_1_144' title='bbox 501 1899 573 1930; x_wconf 87' lang='lat' dir='ltr'>sse</span> <span class='ocrx_word' id='word_1_145' title='bbox 616 1883 816 1946; x_wconf 85' lang='lat' dir='ltr'>reperire</span> <span class='ocrx_word' id='word_1_146' title='bbox 847 1884 991 1930; x_wconf 81' lang='lat' dir='ltr'>uuam</span> <span class='ocrx_word' id='word_1_147' title='bbox 1033 1883 1291 1941; x_wconf 78' lang='lat' dir='ltr'>mulierem,</span> <span class='ocrx_word' id='word_1_148' title='bbox 1347 1901 1452 1949; x_wconf 81' lang='lat' dir='ltr'>quae</span> <span class='ocrx_word' id='word_1_149' title='bbox 1471 1886 1488 1932; x_wconf 83' lang='lat'>?</span> 
     </span>
     <span class='ocr_line' id='line_1_22' title="bbox 431 1899 1490 2064; baseline 0.005 -5"><span class='ocrx_word' id='word_1_150' title='bbox 431 1899 1076 2060; x_wconf 44' lang='lat' dir='ltr'>&amp;rastitium</span> <span class='ocrx_word' id='word_1_151' title='bbox 1093 1965 1195 2060; x_wconf 46' lang='grc' dir='ltr'>εξ</span> <span class='ocrx_word' id='word_1_152' title='bbox 1408 1949 1490 2064; x_wconf 66' lang='lat'>22·</span> 
     </span>
     <span class='ocr_line' id='line_1_23' title="bbox 437 2048 1492 2141; baseline 0.001 -17"><span class='ocrx_word' id='word_1_153' title='bbox 437 2081 502 2125; x_wconf 81' lang='grc'>56</span> <span class='ocrx_word' id='word_1_154' title='bbox 536 2069 818 2124; x_wconf 73' lang='lat' dir='ltr'>Communis</span> <span class='ocrx_word' id='word_1_155' title='bbox 829 2092 938 2124; x_wconf 87' lang='lat' dir='ltr'>esse</span> <span class='ocrx_word' id='word_1_156' title='bbox 959 2078 1060 2124; x_wconf 78' lang='lat' dir='ltr'>haec</span> <span class='ocrx_word' id='word_1_157' title='bbox 1083 2094 1095 2124; x_wconf 69' lang='grc' dir='ltr'><em>τ</em></span> <span class='ocrx_word' id='word_1_158' title='bbox 1119 2077 1216 2125; x_wconf 85' lang='lat' dir='ltr'>fieri</span> <span class='ocrx_word' id='word_1_159' title='bbox 1234 2048 1369 2141; x_wconf 62' lang='lat' dir='ltr'>pdsse</span> <span class='ocrx_word' id='word_1_160' title='bbox 1402 2077 1492 2126; x_wconf 90' lang='lat' dir='ltr'>Ph.</span> 
     </span>
     <span class='ocr_line' id='line_1_24' title="bbox 434 2135 1492 2204; baseline 0.002 -16"><span class='ocrx_word' id='word_1_161' title='bbox 434 2135 492 2197; x_wconf 84' lang='lat' dir='ltr'>ii,</span> <span class='ocrx_word' id='word_1_162' title='bbox 517 2145 558 2190; x_wconf 87' lang='lat'>1.</span> <span class='ocrx_word' id='word_1_163' title='bbox 585 2145 642 2189; x_wconf 83' lang='lat'>15</span> <span class='ocrx_word' id='word_1_164' title='bbox 679 2141 803 2188; x_wconf 89' lang='lat' dir='ltr'>Mihi</span> <span class='ocrx_word' id='word_1_165' title='bbox 826 2156 920 2187; x_wconf 88' lang='lat' dir='ltr'>non</span> <span class='ocrx_word' id='word_1_166' title='bbox 943 2141 1142 2197; x_wconf 81' lang='lat' dir='ltr'>videtur,</span> <span class='ocrx_word' id='word_1_167' title='bbox 1166 2144 1294 2204; x_wconf 91' lang='lat' dir='ltr'>quod</span> <span class='ocrx_word' id='word_1_168' title='bbox 1313 2143 1375 2189; x_wconf 84' lang='lat' dir='ltr'>sit</span> <span class='ocrx_word' id='word_1_169' title='bbox 1393 2141 1492 2190; x_wconf 81' lang='lat' dir='ltr'>fac-</span> 
     </span>
     <span class='ocr_line' id='line_1_25' title="bbox 436 2205 1492 2268; baseline 0.004 -16"><span class='ocrx_word' id='word_1_170' title='bbox 436 2211 536 2252; x_wconf 86' lang='lat' dir='ltr'>tum</span> <span class='ocrx_word' id='word_1_171' title='bbox 559 2205 758 2266; x_wconf 84' lang='lat' dir='ltr'>legibus,</span> <span class='ocrx_word' id='word_1_172' title='bbox 779 2205 981 2254; x_wconf 74' lang='lat' dir='ltr'><strong>rescindi</strong></span> <span class='ocrx_word' id='word_1_173' title='bbox 1002 2221 1140 2268; x_wconf 86' lang='lat' dir='ltr'>posse</span> <span class='ocrx_word' id='word_1_174' title='bbox 1173 2207 1264 2254; x_wconf 87' lang='lat' dir='ltr'>Ph.</span> <span class='ocrx_word' id='word_1_175' title='bbox 1283 2206 1338 2261; x_wconf 89' lang='lat' dir='ltr'>ii,</span> <span class='ocrx_word' id='word_1_176' title='bbox 1359 2210 1411 2256; x_wconf 89' lang='grc'>4.</span> <span class='ocrx_word' id='word_1_177' title='bbox 1429 2211 1492 2256; x_wconf 91' lang='grc'>16</span> 
     </span>
     <span class='ocr_line' id='line_1_26' title="bbox 434 2261 1492 2334; baseline 0.002 -18"><span class='ocrx_word' id='word_1_178' title='bbox 434 2261 622 2331; x_wconf 65' lang='lat' dir='ltr'>injecta</span> <span class='ocrx_word' id='word_1_179' title='bbox 642 2276 714 2317; x_wconf 80' lang='lat' dir='ltr'>est</span> <span class='ocrx_word' id='word_1_180' title='bbox 734 2285 842 2333; x_wconf 88' lang='lat' dir='ltr'>spes</span> <span class='ocrx_word' id='word_1_181' title='bbox 864 2271 1008 2332; x_wconf 74' lang='lat' dir='ltr'>patri,</span> <span class='ocrx_word' id='word_1_182' title='bbox 1030 2285 1166 2334; x_wconf 85' lang='lat' dir='ltr'>posse</span> <span class='ocrx_word' id='word_1_183' title='bbox 1189 2271 1314 2318; x_wconf 80' lang='lat' dir='ltr'>illam</span> <span class='ocrx_word' id='word_1_184' title='bbox 1337 2279 1492 2319; x_wconf 83' lang='lat' dir='ltr'>extru-</span> 
     </span>
     <span class='ocr_line' id='line_1_27' title="bbox 435 2333 1492 2398; baseline 0.004 -18"><span class='ocrx_word' id='word_1_185' title='bbox 435 2333 486 2390; x_wconf 83' lang='lat' dir='ltr'>di</span> <span class='ocrx_word' id='word_1_186' title='bbox 519 2333 610 2383; x_wconf 90' lang='lat' dir='ltr'>Ph.</span> <span class='ocrx_word' id='word_1_187' title='bbox 649 2333 712 2390; x_wconf 79' lang='lat' dir='ltr'>iv,</span> <span class='ocrx_word' id='word_1_188' title='bbox 733 2341 782 2382; x_wconf 79' lang='grc'>4.</span> <span class='ocrx_word' id='word_1_189' title='bbox 809 2338 870 2382; x_wconf 89' lang='grc'>12</span> <span class='ocrx_word' id='word_1_190' title='bbox 918 2334 1089 2398; x_wconf 76' lang='lat' dir='ltr'>Neque</span> <span class='ocrx_word' id='word_1_191' title='bbox 1113 2333 1214 2396; x_wconf 78' lang='lat' dir='ltr'>jam</span> <span class='ocrx_word' id='word_1_192' title='bbox 1252 2335 1299 2382; x_wconf 87' lang='lat' dir='ltr'>id</span> <span class='ocrx_word' id='word_1_193' title='bbox 1341 2335 1492 2384; x_wconf 78' lang='lat' dir='ltr'>celare</span> 
     </span>
     <span class='ocr_line' id='line_1_28' title="bbox 437 2397 1490 2462; baseline 0.002 -18"><span class='ocrx_word' id='word_1_194' title='bbox 437 2413 573 2462; x_wconf 88' lang='lat' dir='ltr'>posse</span> <span class='ocrx_word' id='word_1_195' title='bbox 595 2405 640 2444; x_wconf 84' lang='lat' dir='ltr'>te</span> <span class='ocrx_word' id='word_1_196' title='bbox 659 2406 785 2447; x_wconf 78' lang='lat' dir='ltr'>tuam</span> <span class='ocrx_word' id='word_1_197' title='bbox 804 2414 994 2446; x_wconf 85' lang='lat' dir='ltr'>uxorem</span> <span class='ocrx_word' id='word_1_198' title='bbox 1025 2397 1117 2446; x_wconf 87' lang='lat' dir='ltr'>Ph.</span> <span class='ocrx_word' id='word_1_199' title='bbox 1143 2415 1188 2454; x_wconf 83' lang='lat' dir='ltr'>v,</span> <span class='ocrx_word' id='word_1_200' title='bbox 1206 2403 1254 2448; x_wconf 92' lang='grc'>7.</span> <span class='ocrx_word' id='word_1_201' title='bbox 1269 2404 1334 2448; x_wconf 92' lang='grc'>66</span> <span class='ocrx_word' id='word_1_202' title='bbox 1365 2399 1490 2447; x_wconf 87' lang='lat' dir='ltr'>Cen-</span> 
     </span>
     <span class='ocr_line' id='line_1_29' title="bbox 433 2457 1488 2575; baseline 0.002 -66"><span class='ocrx_word' id='word_1_203' title='bbox 433 2457 701 2575; x_wconf 52' lang='lat' dir='ltr'><strong>ffn,·uuum</strong></span> <span class='ocrx_word' id='word_1_204' title='bbox 721 2463 998 2574; x_wconf 82' lang='lat' dir='ltr'>meNverbum</span> <span class='ocrx_word' id='word_1_205' title='bbox 1011 2462 1218 2539; x_wconf 68' lang='lat' dir='ltr'>potuisse</span> <span class='ocrx_word' id='word_1_206' title='bbox 1238 2461 1488 2528; x_wconf 80' lang='lat' dir='ltr'>proloqui?</span> 
     </span>
     <span class='ocr_line' id='line_1_30' title="bbox 436 2529 1491 2654; baseline -0.002 -13"><span class='ocrx_word' id='word_1_207' title='bbox 436 2532 644 2641; x_wconf 51' lang='lat' dir='ltr'>1138ss</span> <span class='ocrx_word' id='word_1_208' title='bbox 661 2531 954 2654; x_wconf 55' lang='lat' dir='ltr'>²0¹2p2u‘2‘32ffi</span> <span class='ocrx_word' id='word_1_209' title='bbox 971 2535 1184 2647; x_wconf 42' lang='lat' dir='ltr'>5⁰53.ss</span> <span class='ocrx_word' id='word_1_210' title='bbox 1203 2529 1491 2641; x_wconf 48' lang='lat' dir='ltr'>wem&amp;</span> 
     </span>
     <span class='ocr_line' id='line_1_31' title="bbox 437 2654 1492 2717; baseline 0 -14"><span class='ocrx_word' id='word_1_211' title='bbox 437 2654 626 2703; x_wconf 86' lang='lat' dir='ltr'>censen’</span> <span class='ocrx_word' id='word_1_212' title='bbox 649 2654 857 2717; x_wconf 83' lang='lat' dir='ltr'>potuisse</span> <span class='ocrx_word' id='word_1_213' title='bbox 878 2656 1036 2702; x_wconf 75' lang='lat' dir='ltr'>omnis</span> <span class='ocrx_word' id='word_1_214' title='bbox 1055 2655 1352 2717; x_wconf 77' lang='lat' dir='ltr'>intelligere?</span> <span class='ocrx_word' id='word_1_215' title='bbox 1401 2656 1492 2717; x_wconf 67' lang='lat' dir='ltr'>Ph,</span> 
     </span>
     <span class='ocr_line' id='line_1_32' title="bbox 435 2723 1496 2859; baseline -0.002 -29"><span class='ocrx_word' id='word_1_216' title='bbox 435 2723 634 2831; x_wconf 57' lang='lat' dir='ltr'>Y’Ia’osu</span> <span class='ocrx_word' id='word_1_217' title='bbox 687 2780 948 2859; x_wconf 81' lang='lat' dir='ltr'>(Praepos.)</span> <span class='ocrx_word' id='word_1_218' title='bbox 1012 2780 1108 2830; x_wconf 89' lang='lat' dir='ltr'>Hic</span> <span class='ocrx_word' id='word_1_219' title='bbox 1149 2778 1238 2845; x_wconf 87' lang='lat' dir='ltr'>ego</span> <span class='ocrx_word' id='word_1_220' title='bbox 1271 2796 1349 2845; x_wconf 81' lang='lat' dir='ltr'>ero</span> <span class='ocrx_word' id='word_1_221' title='bbox 1383 2788 1496 2845; x_wconf 86' lang='lat' dir='ltr'>post</span> 
     </span>
     <span class='ocr_line' id='line_1_33' title="bbox 436 2845 1498 2915; baseline -0.001 -20"><span class='ocrx_word' id='word_1_222' title='bbox 436 2846 669 2915; x_wconf 79' lang='lat' dir='ltr'>principia</span> <span class='ocrx_word' id='word_1_223' title='bbox 703 2847 794 2896; x_wconf 90' lang='lat' dir='ltr'>Eu.</span> <span class='ocrx_word' id='word_1_224' title='bbox 816 2862 880 2901; x_wconf 78' lang='lat' dir='ltr'>iv,</span> <span class='ocrx_word' id='word_1_225' title='bbox 902 2850 952 2895; x_wconf 89' lang='grc'>7.</span> <span class='ocrx_word' id='word_1_226' title='bbox 975 2850 1034 2895; x_wconf 88' lang='grc'>11</span> <span class='ocrx_word' id='word_1_227' title='bbox 1072 2847 1188 2894; x_wconf 83' lang='lat' dir='ltr'><strong>Post</strong></span> <span class='ocrx_word' id='word_1_228' title='bbox 1207 2846 1308 2893; x_wconf 83' lang='lat' dir='ltr'>haec</span> <span class='ocrx_word' id='word_1_229' title='bbox 1333 2845 1498 2907; x_wconf 72' lang='lat' dir='ltr'>prasci-</span> 
     </span>
     <span class='ocr_line' id='line_1_34' title="bbox 473 2909 1498 2972; baseline -0.003 -13"><span class='ocrx_word' id='word_1_230' title='bbox 473 2911 584 2959; x_wconf 83' lang='lat' dir='ltr'>item</span> <span class='ocrx_word' id='word_1_231' title='bbox 627 2912 785 2959; x_wconf 74' lang='lat' dir='ltr'>darem</span> <span class='ocrx_word' id='word_1_232' title='bbox 849 2910 944 2960; x_wconf 84' lang='lat' dir='ltr'>Ad.</span> <span class='ocrx_word' id='word_1_233' title='bbox 982 2909 1053 2967; x_wconf 79' lang='lat' dir='ltr'>iii,</span> <span class='ocrx_word' id='word_1_234' title='bbox 1076 2915 1124 2959; x_wconf 90' lang='grc'>2.</span> <span class='ocrx_word' id='word_1_235' title='bbox 1147 2914 1210 2959; x_wconf 90' lang='grc'>20</span> <span class='ocrx_word' id='word_1_236' title='bbox 1259 2910 1356 2965; x_wconf 88' lang='lat' dir='ltr'>Qui</span> <span class='ocrx_word' id='word_1_237' title='bbox 1388 2917 1498 2972; x_wconf 87' lang='lat' dir='ltr'>post</span> 
     </span>
     <span class='ocr_line' id='line_1_35' title="bbox 435 2928 1496 3039; baseline -0.001 -16"><span class='ocrx_word' id='word_1_238' title='bbox 435 2928 607 3023; x_wconf 50' lang='lat' dir='ltr'>getam</span> <span class='ocrx_word' id='word_1_239' title='bbox 630 2974 846 3038; x_wconf 78' lang='lat' dir='ltr'>injuriam</span> <span class='ocrx_word' id='word_1_240' title='bbox 868 2981 1179 3039; x_wconf 85' lang='lat' dir='ltr'>seexpurget,</span> <span class='ocrx_word' id='word_1_241' title='bbox 1202 2988 1364 3037; x_wconf 69' lang='lat' dir='ltr'>parum</span> <span class='ocrx_word' id='word_1_242' title='bbox 1383 2974 1496 3023; x_wconf 89' lang='lat' dir='ltr'>mihi</span> 
     </span>
     <span class='ocr_line' id='line_1_36' title="bbox 438 3038 1498 3107; baseline -0.003 -18"><span class='ocrx_word' id='word_1_243' title='bbox 438 3040 586 3107; x_wconf 71' lang='lat' dir='ltr'>Prosit</span> <span class='ocrx_word' id='word_1_244' title='bbox 621 3038 715 3089; x_wconf 87' lang='lat' dir='ltr'>He.</span> <span class='ocrx_word' id='word_1_245' title='bbox 740 3056 786 3096; x_wconf 81' lang='lat' dir='ltr'>v,</span> <span class='ocrx_word' id='word_1_246' title='bbox 816 3045 861 3089; x_wconf 87' lang='lat'>1.</span> <span class='ocrx_word' id='word_1_247' title='bbox 889 3044 947 3088; x_wconf 84' lang='grc'>15</span> <span class='ocrx_word' id='word_1_248' title='bbox 1491 3079 1498 3086; x_wconf 87' lang='grc'><strong>,</strong></span> 
     </span>
     <span class='ocr_line' id='line_1_37' title="bbox 506 3100 1497 3165; baseline -0.001 -13"><span class='ocrx_word' id='word_1_249' title='bbox 506 3104 640 3153; x_wconf 89' lang='lat' dir='ltr'>Post.</span> <span class='ocrx_word' id='word_1_250' title='bbox 704 3102 940 3163; x_wconf 81' lang='lat' dir='ltr'>Adverb.)</span> <span class='ocrx_word' id='word_1_251' title='bbox 1003 3100 1148 3152; x_wconf 87' lang='lat' dir='ltr'>Nunc</span> <span class='ocrx_word' id='word_1_252' title='bbox 1184 3102 1382 3165; x_wconf 85' lang='lat' dir='ltr'>primum</span> <span class='ocrx_word' id='word_1_253' title='bbox 1403 3102 1497 3159; x_wconf 77' lang='lat' dir='ltr'>fac,</span> 
     </span>
     <span class='ocr_line' id='line_1_38' title="bbox 436 3164 1499 3231; baseline 0 -16"><span class='ocrx_word' id='word_1_254' title='bbox 436 3164 600 3227; x_wconf 65' lang='lat' dir='ltr'>isthaec</span> <span class='ocrx_word' id='word_1_255' title='bbox 622 3175 675 3216; x_wconf 86' lang='lat' dir='ltr'>ut</span> <span class='ocrx_word' id='word_1_256' title='bbox 713 3176 850 3217; x_wconf 73' lang='lat' dir='ltr'>avet:</span> <span class='ocrx_word' id='word_1_257' title='bbox 883 3174 992 3231; x_wconf 85' lang='lat' dir='ltr'>post</span> <span class='ocrx_word' id='word_1_258' title='bbox 1012 3166 1204 3227; x_wconf 84' lang='lat' dir='ltr'>deinde,</span> <span class='ocrx_word' id='word_1_259' title='bbox 1233 3168 1360 3231; x_wconf 86' lang='lat' dir='ltr'>quod</span> <span class='ocrx_word' id='word_1_260' title='bbox 1377 3166 1499 3230; x_wconf 87' lang='lat' dir='ltr'>jussi</span> 
     </span>
     <span class='ocr_line' id='line_1_39' title="bbox 438 3230 1499 3295; baseline 0.001 -15"><span class='ocrx_word' id='word_1_261' title='bbox 438 3231 500 3281; x_wconf 83' lang='lat' dir='ltr'>A.</span> <span class='ocrx_word' id='word_1_262' title='bbox 532 3230 603 3288; x_wconf 88' lang='lat' dir='ltr'>iii,</span> <span class='ocrx_word' id='word_1_263' title='bbox 623 3238 739 3284; x_wconf 66' lang='grc' dir='ltr'>2.ἔὶν</span> <span class='ocrx_word' id='word_1_264' title='bbox 777 3234 894 3281; x_wconf 87' lang='lat' dir='ltr'>Post</span> <span class='ocrx_word' id='word_1_265' title='bbox 934 3232 1014 3279; x_wconf 87' lang='lat' dir='ltr'>ubi</span> <span class='ocrx_word' id='word_1_266' title='bbox 1049 3239 1232 3295; x_wconf 82' lang='lat' dir='ltr'>tempus</span> <span class='ocrx_word' id='word_1_267' title='bbox 1275 3232 1499 3295; x_wconf 77' lang='lat' dir='ltr'>promissa</span> 
     </span>
     <span class='ocr_line' id='line_1_40' title="bbox 437 3291 1500 3361; baseline -0.001 -15"><span class='ocrx_word' id='word_1_268' title='bbox 437 3306 510 3347; x_wconf 84' lang='lat' dir='ltr'>est</span> <span class='ocrx_word' id='word_1_269' title='bbox 535 3291 635 3359; x_wconf 83' lang='lat' dir='ltr'>jam</span> <span class='ocrx_word' id='word_1_270' title='bbox 669 3296 849 3361; x_wconf 82' lang='lat' dir='ltr'>perfici,</span> <span class='ocrx_word' id='word_1_271' title='bbox 888 3305 984 3345; x_wconf 83' lang='lat' dir='ltr'>tum</span> <span class='ocrx_word' id='word_1_272' title='bbox 1032 3295 1096 3343; x_wconf 81' lang='lat' dir='ltr'>A.</span> <span class='ocrx_word' id='word_1_273' title='bbox 1133 3296 1201 3353; x_wconf 88' lang='lat' dir='ltr'>iv,</span> <span class='ocrx_word' id='word_1_274' title='bbox 1227 3300 1271 3345; x_wconf 86' lang='lat'>1.</span> <span class='ocrx_word' id='word_1_275' title='bbox 1294 3302 1325 3345; x_wconf 87' lang='grc'><strong>7</strong></span> <span class='ocrx_word' id='word_1_276' title='bbox 1376 3298 1500 3354; x_wconf 76' lang='lat' dir='ltr'>Quae</span> 
     </span>
     <span class='ocr_line' id='line_1_41' title="bbox 439 3360 1500 3424; baseline 0.001 -16"><span class='ocrx_word' id='word_1_277' title='bbox 439 3363 732 3423; x_wconf 78' lang='lat' dir='ltr'>proferentur</span> <span class='ocrx_word' id='word_1_278' title='bbox 753 3369 880 3424; x_wconf 85' lang='lat' dir='ltr'>post,</span> <span class='ocrx_word' id='word_1_279' title='bbox 899 3360 941 3407; x_wconf 87' lang='lat' dir='ltr'>si</span> <span class='ocrx_word' id='word_1_280' title='bbox 961 3367 1124 3424; x_wconf 81' lang='lat' dir='ltr'>perget</span> <span class='ocrx_word' id='word_1_281' title='bbox 1145 3361 1316 3408; x_wconf 80' lang='lat' dir='ltr'>laedere</span> <span class='ocrx_word' id='word_1_282' title='bbox 1335 3362 1422 3421; x_wconf 74' lang='lat' dir='ltr'>ita,</span> <span class='ocrx_word' id='word_1_283' title='bbox 1449 3369 1500 3409; x_wconf 88' lang='lat' dir='ltr'>ut</span> 
     </span>
     <span class='ocr_line' id='line_1_42' title="bbox 440 3424 1501 3487; baseline 0 -14"><span class='ocrx_word' id='word_1_284' title='bbox 440 3425 532 3473; x_wconf 90' lang='lat' dir='ltr'>Eu.</span> <span class='ocrx_word' id='word_1_285' title='bbox 557 3426 684 3476; x_wconf 77' lang='lat' dir='ltr'><strong>Ptol.</strong></span> <span class='ocrx_word' id='word_1_286' title='bbox 709 3430 771 3475; x_wconf 83' lang='lat'>18</span> <span class='ocrx_word' id='word_1_287' title='bbox 818 3424 1016 3480; x_wconf 84' lang='lat' dir='ltr'>Verum,</span> <span class='ocrx_word' id='word_1_288' title='bbox 1047 3439 1107 3471; x_wconf 88' lang='lat' dir='ltr'>ne</span> <span class='ocrx_word' id='word_1_289' title='bbox 1145 3433 1253 3487; x_wconf 83' lang='lat' dir='ltr'>post.</span> <span class='ocrx_word' id='word_1_290' title='bbox 1288 3426 1501 3473; x_wconf 73' lang='lat' dir='ltr'>conferas</span> 
     </span>
     <span class='ocr_line' id='line_1_43' title="bbox 439 3484 1499 3565; baseline 0 -28"><span class='ocrx_word' id='word_1_291' title='bbox 439 3490 630 3565; x_wconf 65' lang='lat' dir='ltr'>culpem</span> <span class='ocrx_word' id='word_1_292' title='bbox 654 3490 701 3537; x_wconf 89' lang='lat' dir='ltr'>in</span> <span class='ocrx_word' id='word_1_293' title='bbox 721 3506 796 3547; x_wconf 83' lang='lat' dir='ltr'>me</span> <span class='ocrx_word' id='word_1_294' title='bbox 845 3485 936 3537; x_wconf 86' lang='lat' dir='ltr'>Eu.</span> <span class='ocrx_word' id='word_1_295' title='bbox 969 3488 1024 3545; x_wconf 87' lang='lat' dir='ltr'>ii,</span> <span class='ocrx_word' id='word_1_296' title='bbox 1043 3491 1094 3537; x_wconf 71' lang='lat'>³.</span> <span class='ocrx_word' id='word_1_297' title='bbox 1117 3492 1182 3536; x_wconf 89' lang='grc'>96</span> <span class='ocrx_word' id='word_1_298' title='bbox 1231 3484 1332 3537; x_wconf 89' lang='lat' dir='ltr'>Hos</span> <span class='ocrx_word' id='word_1_299' title='bbox 1373 3490 1499 3553; x_wconf 82' lang='lat' dir='ltr'>prius</span> 
     </span>
     <span class='ocr_line' id='line_1_44' title="bbox 441 3552 1500 3618; baseline 0.002 -19"><span class='ocrx_word' id='word_1_300' title='bbox 441 3555 730 3603; x_wconf 73' lang='lat' dir='ltr'>introducam</span> <span class='ocrx_word' id='word_1_301' title='bbox 750 3572 764 3601; x_wconf 74' lang='grc' dir='ltr'><strong><em>ε</em></strong></span> <span class='ocrx_word' id='word_1_302' title='bbox 791 3561 897 3618; x_wconf 85' lang='lat' dir='ltr'>post</span> <span class='ocrx_word' id='word_1_303' title='bbox 920 3554 1145 3617; x_wconf 81' lang='lat' dir='ltr'>continuo</span> <span class='ocrx_word' id='word_1_304' title='bbox 1169 3568 1284 3599; x_wconf 84' lang='lat' dir='ltr'>exeo</span> <span class='ocrx_word' id='word_1_305' title='bbox 1317 3552 1408 3600; x_wconf 90' lang='lat' dir='ltr'>Eu.</span> <span class='ocrx_word' id='word_1_306' title='bbox 1432 3554 1500 3610; x_wconf 84' lang='lat' dir='ltr'>iii,</span> 
     </span>
     <span class='ocr_line' id='line_1_45' title="bbox 441 3616 1500 3669; baseline -0.003 0"><span class='ocrx_word' id='word_1_307' title='bbox 441 3620 490 3669; x_wconf 73' lang='lat'>2.</span> <span class='ocrx_word' id='word_1_308' title='bbox 520 3624 586 3667; x_wconf 87' lang='grc'>40</span> <span class='ocrx_word' id='word_1_309' title='bbox 617 3619 734 3667; x_wconf 80' lang='lat' dir='ltr'>Post</span> <span class='ocrx_word' id='word_1_310' title='bbox 753 3633 846 3666; x_wconf 77' lang='lat' dir='ltr'>una</span> <span class='ocrx_word' id='word_1_311' title='bbox 865 3619 1003 3667; x_wconf 80' lang='lat' dir='ltr'>ambo</span> <span class='ocrx_word' id='word_1_312' title='bbox 1025 3618 1238 3664; x_wconf 72' lang='lat' dir='ltr'>abierunt</span> <span class='ocrx_word' id='word_1_313' title='bbox 1261 3617 1383 3664; x_wconf 76' lang='lat' dir='ltr'>foras</span> <span class='ocrx_word' id='word_1_314' title='bbox 1409 3616 1500 3666; x_wconf 88' lang='lat' dir='ltr'>Eu.</span> 
     </span>
     <span class='ocr_line' id='line_1_46' title="bbox 438 3676 1498 3746; baseline -0.004 -14"><span class='ocrx_word' id='word_1_315' title='bbox 438 3676 506 3738; x_wconf 62' lang='grc' dir='ltr'>ἲν,</span> <span class='ocrx_word' id='word_1_316' title='bbox 531 3686 578 3731; x_wconf 97' lang='grc'>4.</span> <span class='ocrx_word' id='word_1_317' title='bbox 599 3687 662 3731; x_wconf 78' lang='grc'>35</span> <span class='ocrx_word' id='word_1_318' title='bbox 695 3682 785 3731; x_wconf 86' lang='lat' dir='ltr'>Ibo</span> <span class='ocrx_word' id='word_1_319' title='bbox 806 3681 966 3731; x_wconf 66' lang='lat' dir='ltr'>iuti-02</span> <span class='ocrx_word' id='word_1_320' title='bbox 1004 3691 1112 3746; x_wconf 89' lang='lat' dir='ltr'>post</span> <span class='ocrx_word' id='word_1_321' title='bbox 1132 3680 1270 3729; x_wconf 78' lang='lat' dir='ltr'>exibo</span> <span class='ocrx_word' id='word_1_322' title='bbox 1319 3679 1410 3729; x_wconf 89' lang='lat' dir='ltr'>Eu.</span> <span class='ocrx_word' id='word_1_323' title='bbox 1454 3699 1498 3737; x_wconf 83' lang='lat' dir='ltr'>v,</span> 
     </span>
     <span class='ocr_line' id='line_1_47' title="bbox 440 3743 1501 3811; baseline 0.003 -20"><span class='ocrx_word' id='word_1_324' title='bbox 440 3748 494 3793; x_wconf 68' lang='lat'>8.</span> <span class='ocrx_word' id='word_1_325' title='bbox 515 3747 579 3794; x_wconf 76' lang='grc'>’13</span> <span class='ocrx_word' id='word_1_326' title='bbox 625 3743 684 3794; x_wconf 75' lang='lat' dir='ltr'>Si</span> <span class='ocrx_word' id='word_1_327' title='bbox 706 3754 753 3794; x_wconf 90' lang='lat' dir='ltr'>te</span> <span class='ocrx_word' id='word_1_328' title='bbox 772 3747 822 3793; x_wconf 86' lang='lat' dir='ltr'>in</span> <span class='ocrx_word' id='word_1_329' title='bbox 843 3746 1003 3811; x_wconf 78' lang='lat' dir='ltr'>piates</span> <span class='ocrx_word' id='word_1_330' title='bbox 1019 3746 1260 3795; x_wconf 85' lang='lat' dir='ltr'>offendero</span> <span class='ocrx_word' id='word_1_331' title='bbox 1283 3748 1372 3794; x_wconf 76' lang='lat' dir='ltr'>hac</span> <span class='ocrx_word' id='word_1_332' title='bbox 1392 3753 1501 3809; x_wconf 84' lang='lat' dir='ltr'>post</span> 
     </span>
     <span class='ocr_line' id='line_1_48' title="bbox 438 3807 1500 3874; baseline 0.002 -19"><span class='ocrx_word' id='word_1_333' title='bbox 438 3814 650 3873; x_wconf 77' lang='lat' dir='ltr'>unquam</span> <span class='ocrx_word' id='word_1_334' title='bbox 683 3807 776 3859; x_wconf 85' lang='lat' dir='ltr'>Eu.</span> <span class='ocrx_word' id='word_1_335' title='bbox 798 3827 847 3866; x_wconf 88' lang='lat' dir='ltr'>v,</span> <span class='ocrx_word' id='word_1_336' title='bbox 871 3816 919 3860; x_wconf 92' lang='grc'>9.</span> <span class='ocrx_word' id='word_1_337' title='bbox 941 3816 1004 3859; x_wconf 75' lang='grc'>34</span> <span class='ocrx_word' id='word_1_338' title='bbox 1059 3810 1183 3867; x_wconf 84' lang='grc' dir='ltr'><strong>Ηοο,</strong></span> <span class='ocrx_word' id='word_1_339' title='bbox 1206 3812 1335 3874; x_wconf 88' lang='lat' dir='ltr'>quod</span> <span class='ocrx_word' id='word_1_340' title='bbox 1357 3810 1500 3874; x_wconf 85' lang='lat' dir='ltr'>coepi,</span> 
     </span>
     <span class='ocr_line' id='line_1_49' title="bbox 437 3874 1500 3939; baseline 0.003 -19"><span class='ocrx_word' id='word_1_341' title='bbox 437 3874 639 3937; x_wconf 86' lang='lat' dir='ltr'>primum</span> <span class='ocrx_word' id='word_1_342' title='bbox 682 3888 906 3929; x_wconf 80' lang='lat' dir='ltr'>enarrem,</span> <span class='ocrx_word' id='word_1_343' title='bbox 945 3875 1158 3939; x_wconf 83' lang='lat' dir='ltr'>Clitipho</span> <span class='ocrx_word' id='word_1_344' title='bbox 1183 3893 1195 3922; x_wconf 73' lang='grc' dir='ltr'><strong>ε</strong></span> <span class='ocrx_word' id='word_1_345' title='bbox 1237 3882 1343 3938; x_wconf 85' lang='lat' dir='ltr'>post</span> <span class='ocrx_word' id='word_1_346' title='bbox 1379 3875 1500 3923; x_wconf 87' lang='lat' dir='ltr'>istuc</span> 
     </span>
     <span class='ocr_line' id='line_1_50' title="bbox 437 3936 1501 3995; baseline 0.004 -10"><span class='ocrx_word' id='word_1_347' title='bbox 437 3938 625 3985; x_wconf 78' lang='lat' dir='ltr'>veniam</span> <span class='ocrx_word' id='word_1_348' title='bbox 659 3936 781 3985; x_wconf 77' lang='lat' dir='ltr'>Hes.</span> <span class='ocrx_word' id='word_1_349' title='bbox 804 3938 856 3995; x_wconf 82' lang='lat' dir='ltr'>ii,</span> <span class='ocrx_word' id='word_1_350' title='bbox 876 3942 1004 3987; x_wconf 53' lang='lat'>&amp;33</span> <span class='ocrx_word' id='word_1_351' title='bbox 1055 3936 1256 3987; x_wconf 78' lang='lat' dir='ltr'>Sibi‘uti</span> <span class='ocrx_word' id='word_1_352' title='bbox 1290 3938 1342 3986; x_wconf 86' lang='lat' dir='ltr'>id</span> <span class='ocrx_word' id='word_1_353' title='bbox 1373 3954 1501 3989; x_wconf 86' lang='lat' dir='ltr'>nunc</span> 
     </span>
     <span class='ocr_line' id='line_1_51' title="bbox 446 4000 1499 4065; baseline 0.002 -16"><span class='ocrx_word' id='word_1_354' title='bbox 446 4000 547 4059; x_wconf 87' lang='lat' dir='ltr'>det,</span> <span class='ocrx_word' id='word_1_355' title='bbox 572 4001 699 4051; x_wconf 79' lang='lat' dir='ltr'>illam</span> <span class='ocrx_word' id='word_1_356' title='bbox 722 4000 790 4049; x_wconf 82' lang='lat' dir='ltr'>ini</span> <span class='ocrx_word' id='word_1_357' title='bbox 812 4008 966 4049; x_wconf 78' lang='lat' dir='ltr'>tamen</span> <span class='ocrx_word' id='word_1_358' title='bbox 989 4011 1096 4065; x_wconf 88' lang='lat' dir='ltr'>post</span> <span class='ocrx_word' id='word_1_359' title='bbox 1116 4004 1330 4050; x_wconf 76' lang='lat' dir='ltr'>daturum</span> <span class='ocrx_word' id='word_1_360' title='bbox 1379 4002 1499 4052; x_wconf 76' lang='lat' dir='ltr'>Hes.</span> 
     </span>
     <span class='ocr_line' id='line_1_52' title="bbox 441 4064 1504 4123; baseline 0.001 -10"><span class='ocrx_word' id='word_1_361' title='bbox 441 4064 513 4123; x_wconf 79' lang='lat' dir='ltr'>iii,</span> <span class='ocrx_word' id='word_1_362' title='bbox 537 4072 585 4117; x_wconf 75' lang='lat'>3.</span> <span class='ocrx_word' id='word_1_363' title='bbox 606 4068 668 4117; x_wconf 89' lang='grc'>45</span> <span class='ocrx_word' id='word_1_364' title='bbox 720 4064 973 4115; x_wconf 86' lang='lat' dir='ltr'>Difficilem</span> <span class='ocrx_word' id='word_1_365' title='bbox 995 4069 1212 4115; x_wconf 81' lang='lat' dir='ltr'>ostendes</span> <span class='ocrx_word' id='word_1_366' title='bbox 1235 4077 1280 4115; x_wconf 88' lang='lat' dir='ltr'>te</span> <span class='ocrx_word' id='word_1_367' title='bbox 1303 4083 1421 4121; x_wconf 87' lang='lat' dir='ltr'>esse,</span> <span class='ocrx_word' id='word_1_368' title='bbox 1455 4075 1504 4114; x_wconf 92' lang='lat' dir='ltr'>et</span> 
     </span>
     <span class='ocr_line' id='line_1_53' title="bbox 437 4126 1504 4195; baseline 0 -16"><span class='ocrx_word' id='word_1_369' title='bbox 437 4130 654 4195; x_wconf 76' lang='lat' dir='ltr'>ignosces</span> <span class='ocrx_word' id='word_1_370' title='bbox 675 4138 832 4179; x_wconf 80' lang='lat' dir='ltr'>tamen</span> <span class='ocrx_word' id='word_1_371' title='bbox 853 4138 961 4195; x_wconf 90' lang='lat' dir='ltr'>post</span> <span class='ocrx_word' id='word_1_372' title='bbox 981 4126 1104 4178; x_wconf 76' lang='lat' dir='ltr'>Hes.</span> <span class='ocrx_word' id='word_1_373' title='bbox 1126 4147 1174 4192; x_wconf 84' lang='lat' dir='ltr'>v,</span> <span class='ocrx_word' id='word_1_374' title='bbox 1198 4136 1242 4180; x_wconf 87' lang='lat'>1.</span> <span class='ocrx_word' id='word_1_375' title='bbox 1266 4136 1328 4181; x_wconf 85' lang='lat'>61</span> <span class='ocrx_word' id='word_1_376' title='bbox 1368 4128 1504 4179; x_wconf 87' lang='lat' dir='ltr'>Alie·</span> 
     </span>
     <span class='ocr_line' id='line_1_54' title="bbox 441 4194 1508 4259; baseline 0.002 -18"><span class='ocrx_word' id='word_1_377' title='bbox 441 4196 572 4245; x_wconf 88' lang='lat' dir='ltr'>niore</span> <span class='ocrx_word' id='word_1_378' title='bbox 593 4203 748 4254; x_wconf 49' lang='grc' dir='ltr'><strong>εἰπε.</strong></span> <span class='ocrx_word' id='word_1_379' title='bbox 786 4203 896 4259; x_wconf 87' lang='lat' dir='ltr'>post</span> <span class='ocrx_word' id='word_1_380' title='bbox 927 4195 1102 4243; x_wconf 77' lang='lat' dir='ltr'>faceret</span> <span class='ocrx_word' id='word_1_381' title='bbox 1135 4202 1291 4243; x_wconf 79' lang='lat' dir='ltr'>tamen</span> <span class='ocrx_word' id='word_1_382' title='bbox 1338 4194 1434 4244; x_wconf 83' lang='lat' dir='ltr'>Ad.</span> <span class='ocrx_word' id='word_1_383' title='bbox 1472 4196 1508 4254; x_wconf 86' lang='lat' dir='ltr'>i,</span> 
     </span>
     <span class='ocr_line' id='line_1_55' title="bbox 441 4260 1506 4323; baseline 0.002 -16"><span class='ocrx_word' id='word_1_384' title='bbox 441 4260 490 4307; x_wconf 96' lang='grc'>2.</span> <span class='ocrx_word' id='word_1_385' title='bbox 513 4264 576 4309; x_wconf 72' lang='grc'>30</span> <span class='ocrx_word' id='word_1_386' title='bbox 609 4260 785 4309; x_wconf 83' lang='lat' dir='ltr'>Verum</span> <span class='ocrx_word' id='word_1_387' title='bbox 805 4260 936 4309; x_wconf 85' lang='lat' dir='ltr'>veuit</span> <span class='ocrx_word' id='word_1_388' title='bbox 955 4268 1064 4323; x_wconf 91' lang='lat' dir='ltr'>post</span> <span class='ocrx_word' id='word_1_389' title='bbox 1077 4260 1314 4308; x_wconf 78' lang='lat' dir='ltr'>insaniens</span> <span class='ocrx_word' id='word_1_390' title='bbox 1335 4278 1346 4307; x_wconf 77' lang='lat' dir='ltr'><em>z</em></span> <span class='ocrx_word' id='word_1_391' title='bbox 1391 4260 1506 4309; x_wconf 81' lang='lat' dir='ltr'>nihil</span> 
     </span>
    </p>
   </div>
   <div class='ocr_carea' id='block_1_3' title="bbox 445 4324 1506 4398">
    <p class='ocr_par' dir='ltr' id='par_1_3' title="bbox 445 4324 1506 4398">
     <span class='ocr_line' id='line_1_56' title="bbox 445 4324 1506 4398; baseline 0.004 -27"><span class='ocrx_word' id='word_1_392' title='bbox 445 4325 656 4398; x_wconf 77' lang='lat' dir='ltr'>pepercit</span> <span class='ocrx_word' id='word_1_393' title='bbox 687 4326 784 4378; x_wconf 80' lang='lat' dir='ltr'>Ad.</span> <span class='ocrx_word' id='word_1_394' title='bbox 805 4324 880 4392; x_wconf 82' lang='lat' dir='ltr'>iv,</span> <span class='ocrx_word' id='word_1_395' title='bbox 901 4330 951 4379; x_wconf 81' lang='lat'>2.</span> <span class='ocrx_word' id='word_1_396' title='bbox 970 4330 1036 4378; x_wconf 82' lang='grc'>22</span> <span class='ocrx_word' id='word_1_397' title='bbox 1090 4324 1196 4391; x_wconf 78' lang='lat' dir='ltr'>Ego</span> <span class='ocrx_word' id='word_1_398' title='bbox 1222 4324 1311 4375; x_wconf 87' lang='lat' dir='ltr'>hos</span> <span class='ocrx_word' id='word_1_399' title='bbox 1333 4341 1506 4375; x_wconf 82' lang='lat' dir='ltr'>conve-</span> 
     </span>
    </p>
   </div>
   <div class='ocr_carea' id='block_1_4' title="bbox 2436 433 2613 499">
    <p class='ocr_par' dir='ltr' id='par_1_4' title="bbox 2436 433 2613 499">
     <span class='ocr_line' id='line_1_57' title="bbox 2436 433 2613 499; baseline 0.011 -2"><span class='ocrx_word' id='word_1_400' title='bbox 2436 433 2613 499; x_wconf 75' lang='lat' dir='ltr'>cclix</span> 
     </span>
    </p>
   </div>
   <div class='ocr_carea' id='block_1_5' title="bbox 1551 595 2649 4403">
    <p class='ocr_par' dir='ltr' id='par_1_5' title="bbox 1551 595 2621 1561">
     <span class='ocr_line' id='line_1_58' title="bbox 1551 595 2617 661; baseline 0 -15"><span class='ocrx_word' id='word_1_401' title='bbox 1551 597 1677 646; x_wconf 74' lang='lat' dir='ltr'>nium</span> <span class='ocrx_word' id='word_1_402' title='bbox 1697 612 1711 645; x_wconf 75' lang='lat' dir='ltr'>t</span> <span class='ocrx_word' id='word_1_403' title='bbox 1739 603 1845 661; x_wconf 87' lang='lat' dir='ltr'>post</span> <span class='ocrx_word' id='word_1_404' title='bbox 1863 599 1954 646; x_wconf 83' lang='lat' dir='ltr'>huc</span> <span class='ocrx_word' id='word_1_405' title='bbox 1970 597 2111 646; x_wconf 80' lang='lat' dir='ltr'>redeo</span> <span class='ocrx_word' id='word_1_406' title='bbox 2134 595 2228 646; x_wconf 81' lang='lat' dir='ltr'>Ad.</span> <span class='ocrx_word' id='word_1_407' title='bbox 2250 598 2315 654; x_wconf 76' lang='lat' dir='ltr'>iv,</span> <span class='ocrx_word' id='word_1_408' title='bbox 2336 601 2383 648; x_wconf 86' lang='grc'>7.</span> <span class='ocrx_word' id='word_1_409' title='bbox 2402 601 2467 648; x_wconf 76' lang='grc'>39</span> <span class='ocrx_word' id='word_1_410' title='bbox 2501 597 2617 646; x_wconf 83' lang='lat' dir='ltr'>Post</span> 
     </span>
     <span class='ocr_line' id='line_1_59' title="bbox 1553 661 2615 719; baseline -0.002 -7"><span class='ocrx_word' id='word_1_411' title='bbox 1553 661 1798 714; x_wconf 70' lang='lat' dir='ltr'>consuiam</span> <span class='ocrx_word' id='word_1_412' title='bbox 1854 661 1951 710; x_wconf 77' lang='lat' dir='ltr'>Ad.</span> <span class='ocrx_word' id='word_1_413' title='bbox 1994 679 2041 719; x_wconf 86' lang='lat' dir='ltr'>v,</span> <span class='ocrx_word' id='word_1_414' title='bbox 2079 667 2127 711; x_wconf 84' lang='grc'>9.</span> <span class='ocrx_word' id='word_1_415' title='bbox 2164 668 2227 712; x_wconf 82' lang='grc'>25</span> <span class='ocrx_word' id='word_1_416' title='bbox 2278 663 2460 710; x_wconf 81' lang='lat' dir='ltr'>Diebus</span> <span class='ocrx_word' id='word_1_417' title='bbox 2502 679 2615 710; x_wconf 72' lang='lat' dir='ltr'>sane</span> 
     </span>
     <span class='ocr_line' id='line_1_60' title="bbox 1553 727 2617 838; baseline 0 -64"><span class='ocrx_word' id='word_1_418' title='bbox 1553 727 1766 790; x_wconf 71' lang='lat' dir='ltr'>pauculis</span> <span class='ocrx_word' id='word_1_419' title='bbox 1788 735 1912 838; x_wconf 66' lang='lat' dir='ltr'>ppst,</span> <span class='ocrx_word' id='word_1_420' title='bbox 1928 727 2202 788; x_wconf 77' lang='lat' dir='ltr'><strong>Pamphilus</strong></span> <span class='ocrx_word' id='word_1_421' title='bbox 2218 743 2293 776; x_wconf 86' lang='lat' dir='ltr'>me</span> <span class='ocrx_word' id='word_1_422' title='bbox 2314 727 2461 774; x_wconf 79' lang='lat' dir='ltr'>solum</span> <span class='ocrx_word' id='word_1_423' title='bbox 2478 728 2617 776; x_wconf 87' lang='lat' dir='ltr'>sedu-</span> 
     </span>
     <span class='ocr_line' id='line_1_61' title="bbox 1554 791 2619 854; baseline -0.001 -14"><span class='ocrx_word' id='word_1_424' title='bbox 1554 792 1622 840; x_wconf 87' lang='lat' dir='ltr'>cit</span> <span class='ocrx_word' id='word_1_425' title='bbox 1640 792 1762 840; x_wconf 74' lang='lat' dir='ltr'>foras</span> <span class='ocrx_word' id='word_1_426' title='bbox 1843 807 1885 839; x_wconf 85' lang='lat' dir='ltr'>e.</span> <span class='ocrx_word' id='word_1_427' title='bbox 1910 792 1941 846; x_wconf 87' lang='lat' dir='ltr'>i,</span> <span class='ocrx_word' id='word_1_428' title='bbox 1966 796 2013 840; x_wconf 88' lang='grc'>2.</span> <span class='ocrx_word' id='word_1_429' title='bbox 2033 793 2103 839; x_wconf 81' lang='grc'>69</span> <span class='ocrx_word' id='word_1_430' title='bbox 2147 791 2299 839; x_wconf 85' lang='lat' dir='ltr'>Aiunt</span> <span class='ocrx_word' id='word_1_431' title='bbox 2334 799 2485 839; x_wconf 85' lang='lat' dir='ltr'>tecum</span> <span class='ocrx_word' id='word_1_432' title='bbox 2512 799 2619 854; x_wconf 88' lang='lat' dir='ltr'>post</span> 
     </span>
     <span class='ocr_line' id='line_1_62' title="bbox 1555 855 2617 908; baseline 0.002 -6"><span class='ocrx_word' id='word_1_433' title='bbox 1555 855 1740 904; x_wconf 86' lang='lat' dir='ltr'>duobus</span> <span class='ocrx_word' id='word_1_434' title='bbox 1782 855 2089 904; x_wconf 75' lang='lat' dir='ltr'>concubuisse</span> <span class='ocrx_word' id='word_1_435' title='bbox 2120 871 2225 903; x_wconf 77' lang='lat' dir='ltr'>eam</span> <span class='ocrx_word' id='word_1_436' title='bbox 2260 859 2491 902; x_wconf 85' lang='lat' dir='ltr'>mensibus</span> <span class='ocrx_word' id='word_1_437' title='bbox 2522 856 2617 908; x_wconf 86' lang='lat' dir='ltr'>He.</span> 
     </span>
     <span class='ocr_line' id='line_1_63' title="bbox 1555 919 2621 984; baseline 0 -18"><span class='ocrx_word' id='word_1_438' title='bbox 1555 920 1629 978; x_wconf 83' lang='lat' dir='ltr'>iii,</span> <span class='ocrx_word' id='word_1_439' title='bbox 1652 924 1697 969; x_wconf 72' lang='lat'>3.</span> <span class='ocrx_word' id='word_1_440' title='bbox 1719 925 1781 969; x_wconf 72' lang='grc'>83</span> <span class='ocrx_word' id='word_1_441' title='bbox 1816 919 1910 976; x_wconf 85' lang='lat' dir='ltr'>Qui</span> <span class='ocrx_word' id='word_1_442' title='bbox 1934 929 2093 984; x_wconf 87' lang='lat' dir='ltr'>posset</span> <span class='ocrx_word' id='word_1_443' title='bbox 2111 927 2219 983; x_wconf 87' lang='lat' dir='ltr'>post</span> <span class='ocrx_word' id='word_1_444' title='bbox 2239 921 2387 976; x_wconf 88' lang='lat' dir='ltr'>nosci,</span> <span class='ocrx_word' id='word_1_445' title='bbox 2426 921 2507 982; x_wconf 90' lang='lat' dir='ltr'>qui</span> <span class='ocrx_word' id='word_1_446' title='bbox 2530 920 2621 968; x_wconf 86' lang='lat' dir='ltr'>siet</span> 
     </span>
     <span class='ocr_line' id='line_1_64' title="bbox 1558 983 2613 1041; baseline 0.004 -11"><span class='ocrx_word' id='word_1_447' title='bbox 1558 983 1655 1032; x_wconf 89' lang='lat' dir='ltr'>He.</span> <span class='ocrx_word' id='word_1_448' title='bbox 1687 985 1755 1040; x_wconf 81' lang='lat' dir='ltr'>iv,</span> <span class='ocrx_word' id='word_1_449' title='bbox 1781 990 1821 1034; x_wconf 86' lang='lat'>1.</span> <span class='ocrx_word' id='word_1_450' title='bbox 1844 991 1907 1034; x_wconf 82' lang='lat'>58</span> <span class='ocrx_word' id='word_1_451' title='bbox 1959 985 2103 1041; x_wconf 87' lang='lat' dir='ltr'>Quod</span> <span class='ocrx_word' id='word_1_452' title='bbox 2124 983 2395 1032; x_wconf 81' lang='lat' dir='ltr'>faciundum</span> <span class='ocrx_word' id='word_1_453' title='bbox 2421 985 2613 1034; x_wconf 74' lang='lat' dir='ltr'>fortasse</span> 
     </span>
     <span class='ocr_line' id='line_1_65' title="bbox 1559 1049 2619 1111; baseline 0.001 -16"><span class='ocrx_word' id='word_1_454' title='bbox 1559 1049 1621 1097; x_wconf 81' lang='lat' dir='ltr'>sit</span> <span class='ocrx_word' id='word_1_455' title='bbox 1648 1059 1768 1111; x_wconf 82' lang='lat' dir='ltr'>post,</span> <span class='ocrx_word' id='word_1_456' title='bbox 1788 1049 1913 1096; x_wconf 86' lang='lat' dir='ltr'>idem</span> <span class='ocrx_word' id='word_1_457' title='bbox 1930 1050 2020 1098; x_wconf 82' lang='lat' dir='ltr'>hoc</span> <span class='ocrx_word' id='word_1_458' title='bbox 2037 1065 2163 1097; x_wconf 88' lang='lat' dir='ltr'>nunc</span> <span class='ocrx_word' id='word_1_459' title='bbox 2182 1049 2219 1095; x_wconf 89' lang='lat' dir='ltr'>si</span> <span class='ocrx_word' id='word_1_460' title='bbox 2243 1049 2404 1097; x_wconf 84' lang='lat' dir='ltr'>feceris</span> <span class='ocrx_word' id='word_1_461' title='bbox 2436 1049 2530 1096; x_wconf 84' lang='lat' dir='ltr'>He.</span> <span class='ocrx_word' id='word_1_462' title='bbox 2554 1049 2619 1106; x_wconf 81' lang='lat' dir='ltr'>iv,</span> 
     </span>
     <span class='ocr_line' id='line_1_66' title="bbox 1561 1113 2621 1170; baseline 0 -8"><span class='ocrx_word' id='word_1_463' title='bbox 1561 1117 1611 1162; x_wconf 72' lang='lat'>3.</span> <span class='ocrx_word' id='word_1_464' title='bbox 1636 1118 1666 1161; x_wconf 75' lang='grc'><strong>3</strong></span> <span class='ocrx_word' id='word_1_465' title='bbox 1702 1113 1818 1160; x_wconf 86' lang='lat' dir='ltr'>Post</span> <span class='ocrx_word' id='word_1_466' title='bbox 1840 1114 1900 1160; x_wconf 93' lang='lat' dir='ltr'>de</span> <span class='ocrx_word' id='word_1_467' title='bbox 1924 1120 2066 1161; x_wconf 77' lang='lat' dir='ltr'>matre</span> <span class='ocrx_word' id='word_1_468' title='bbox 2090 1113 2247 1160; x_wconf 84' lang='lat' dir='ltr'>videro</span> <span class='ocrx_word' id='word_1_469' title='bbox 2282 1113 2375 1160; x_wconf 86' lang='lat' dir='ltr'>He.</span> <span class='ocrx_word' id='word_1_470' title='bbox 2396 1113 2464 1170; x_wconf 80' lang='lat' dir='ltr'>iv,</span> <span class='ocrx_word' id='word_1_471' title='bbox 2486 1118 2533 1162; x_wconf 89' lang='grc'>4.</span> <span class='ocrx_word' id='word_1_472' title='bbox 2556 1119 2621 1162; x_wconf 79' lang='grc'><strong>78</strong></span> 
     </span>
     <span class='ocr_line' id='line_1_67' title="bbox 1561 1177 2619 1241; baseline 0 -15"><span class='ocrx_word' id='word_1_473' title='bbox 1561 1177 1837 1226; x_wconf 87' lang='lat' dir='ltr'>Videndum</span> <span class='ocrx_word' id='word_1_474' title='bbox 1881 1185 1969 1235; x_wconf 86' lang='lat' dir='ltr'>est,</span> <span class='ocrx_word' id='word_1_475' title='bbox 2012 1193 2073 1226; x_wconf 88' lang='lat' dir='ltr'>ne</span> <span class='ocrx_word' id='word_1_476' title='bbox 2116 1178 2231 1241; x_wconf 81' lang='lat' dir='ltr'>quid</span> <span class='ocrx_word' id='word_1_477' title='bbox 2277 1177 2446 1226; x_wconf 80' lang='lat' dir='ltr'>faciam</span> <span class='ocrx_word' id='word_1_478' title='bbox 2491 1178 2619 1240; x_wconf 79' lang='lat' dir='ltr'>pius,</span> 
     </span>
     <span class='ocr_line' id='line_1_68' title="bbox 1561 1241 2621 1305; baseline 0.003 -18"><span class='ocrx_word' id='word_1_479' title='bbox 1561 1243 1688 1304; x_wconf 87' lang='lat' dir='ltr'>quod</span> <span class='ocrx_word' id='word_1_480' title='bbox 1726 1249 1838 1305; x_wconf 83' lang='lat' dir='ltr'>post</span> <span class='ocrx_word' id='word_1_481' title='bbox 1873 1258 1946 1290; x_wconf 88' lang='lat' dir='ltr'>me</span> <span class='ocrx_word' id='word_1_482' title='bbox 1986 1242 2135 1289; x_wconf 89' lang='lat' dir='ltr'>minus</span> <span class='ocrx_word' id='word_1_483' title='bbox 2176 1242 2339 1290; x_wconf 84' lang='lat' dir='ltr'>fecisse</span> <span class='ocrx_word' id='word_1_484' title='bbox 2378 1243 2520 1288; x_wconf 69' lang='lat' dir='ltr'>satin-⁴</span> <span class='ocrx_word' id='word_1_485' title='bbox 2560 1241 2621 1290; x_wconf 82' lang='lat' dir='ltr'>sit</span> 
     </span>
     <span class='ocr_line' id='line_1_69' title="bbox 1561 1305 2615 1380; baseline 0 -28"><span class='ocrx_word' id='word_1_486' title='bbox 1561 1305 1662 1356; x_wconf 82' lang='lat' dir='ltr'>He.</span> <span class='ocrx_word' id='word_1_487' title='bbox 1678 1324 1725 1362; x_wconf 87' lang='lat' dir='ltr'>v,</span> <span class='ocrx_word' id='word_1_488' title='bbox 1753 1312 1796 1354; x_wconf 87' lang='lat'>1.</span> <span class='ocrx_word' id='word_1_489' title='bbox 1818 1310 1849 1354; x_wconf 82' lang='grc'><strong>4</strong></span> <span class='ocrx_word' id='word_1_490' title='bbox 1884 1305 1961 1354; x_wconf 89' lang='lat' dir='ltr'>Ne</span> <span class='ocrx_word' id='word_1_491' title='bbox 1982 1307 2096 1380; x_wconf 79' lang='lat' dir='ltr'>quid</span> <span class='ocrx_word' id='word_1_492' title='bbox 2124 1307 2226 1368; x_wconf 80' lang='lat' dir='ltr'>plus</span> <span class='ocrx_word' id='word_1_493' title='bbox 2248 1307 2459 1354; x_wconf 82' lang='lat' dir='ltr'>minusve</span> <span class='ocrx_word' id='word_1_494' title='bbox 2482 1307 2615 1361; x_wconf 81' lang='lat' dir='ltr'>faxit,</span> 
     </span>
     <span class='ocr_line' id='line_1_70' title="bbox 1561 1369 2618 1434; baseline 0.003 -17"><span class='ocrx_word' id='word_1_495' title='bbox 1561 1372 1689 1434; x_wconf 84' lang='lat' dir='ltr'>quod</span> <span class='ocrx_word' id='word_1_496' title='bbox 1714 1386 1800 1417; x_wconf 89' lang='lat' dir='ltr'>nos</span> <span class='ocrx_word' id='word_1_497' title='bbox 1823 1379 1929 1432; x_wconf 83' lang='lat' dir='ltr'>post</span> <span class='ocrx_word' id='word_1_498' title='bbox 1961 1378 2137 1434; x_wconf 73' lang='lat' dir='ltr'>pigent,</span> <span class='ocrx_word' id='word_1_499' title='bbox 2174 1369 2299 1417; x_wconf 80' lang='lat' dir='ltr'>Geta</span> <span class='ocrx_word' id='word_1_500' title='bbox 2346 1371 2437 1418; x_wconf 85' lang='lat' dir='ltr'>Ph.</span> <span class='ocrx_word' id='word_1_501' title='bbox 2478 1371 2545 1428; x_wconf 88' lang='lat' dir='ltr'>iii,</span> <span class='ocrx_word' id='word_1_502' title='bbox 2569 1376 2618 1420; x_wconf 70' lang='lat'>3.</span> 
     </span>
     <span class='ocr_line' id='line_1_71' title="bbox 1562 1435 2619 1498; baseline 0 -14"><span class='ocrx_word' id='word_1_503' title='bbox 1562 1439 1624 1484; x_wconf 87' lang='grc'>21</span> <span class='ocrx_word' id='word_1_504' title='bbox 1664 1435 1803 1482; x_wconf 80' lang='lat' dir='ltr'>Haud</span> <span class='ocrx_word' id='word_1_505' title='bbox 1830 1435 1975 1482; x_wconf 87' lang='lat' dir='ltr'>multo</span> <span class='ocrx_word' id='word_1_506' title='bbox 1998 1443 2103 1498; x_wconf 86' lang='lat' dir='ltr'>post</span> <span class='ocrx_word' id='word_1_507' title='bbox 2124 1450 2229 1482; x_wconf 88' lang='lat' dir='ltr'>cum</span> <span class='ocrx_word' id='word_1_508' title='bbox 2254 1441 2384 1498; x_wconf 76' lang='lat' dir='ltr'>putre</span> <span class='ocrx_word' id='word_1_509' title='bbox 2406 1435 2529 1484; x_wconf 85' lang='lat' dir='ltr'>idem</span> <span class='ocrx_word' id='word_1_510' title='bbox 2548 1451 2619 1484; x_wconf 86' lang='lat' dir='ltr'>re·-</span> 
     </span>
     <span class='ocr_line' id='line_1_72' title="bbox 1563 1491 2255 1561; baseline 0.001 -15"><span class='ocrx_word' id='word_1_511' title='bbox 1563 1499 1686 1561; x_wconf 86' lang='lat' dir='ltr'>cipit</span> <span class='ocrx_word' id='word_1_512' title='bbox 1708 1515 1757 1546; x_wconf 88' lang='lat' dir='ltr'>se</span> <span class='ocrx_word' id='word_1_513' title='bbox 1780 1491 1901 1545; x_wconf 79' lang='lat' dir='ltr'>i&#39;ntro</span> <span class='ocrx_word' id='word_1_514' title='bbox 1936 1500 2026 1546; x_wconf 88' lang='lat' dir='ltr'>Ph.</span> <span class='ocrx_word' id='word_1_515' title='bbox 2051 1517 2095 1555; x_wconf 87' lang='lat' dir='ltr'>v,</span> <span class='ocrx_word' id='word_1_516' title='bbox 2117 1503 2165 1547; x_wconf 83' lang='lat'>6.</span> <span class='ocrx_word' id='word_1_517' title='bbox 2190 1503 2255 1548; x_wconf 80' lang='grc'>39</span> 
     </span>
    </p>

    <p class='ocr_par' dir='ltr' id='par_1_6' title="bbox 1563 1561 2625 2198">
     <span class='ocr_line' id='line_1_73' title="bbox 1630 1561 2620 1625; baseline 0.002 -15"><span class='ocrx_word' id='word_1_518' title='bbox 1630 1563 1815 1610; x_wconf 74' lang='lat' dir='ltr'>Postea.</span> <span class='ocrx_word' id='word_1_519' title='bbox 1882 1562 2009 1619; x_wconf 83' lang='lat' dir='ltr'>Quid</span> <span class='ocrx_word' id='word_1_520' title='bbox 2036 1570 2133 1610; x_wconf 85' lang='lat' dir='ltr'>tum</span> <span class='ocrx_word' id='word_1_521' title='bbox 2156 1563 2356 1625; x_wconf 70' lang='lat' dir='ltr'>postea?</span> <span class='ocrx_word' id='word_1_522' title='bbox 2388 1561 2481 1612; x_wconf 88' lang='lat' dir='ltr'>Eu.</span> <span class='ocrx_word' id='word_1_523' title='bbox 2502 1561 2553 1618; x_wconf 88' lang='lat' dir='ltr'>ii,</span> <span class='ocrx_word' id='word_1_524' title='bbox 2570 1567 2620 1612; x_wconf 73' lang='lat'>8.</span> 
     </span>
     <span class='ocr_line' id='line_1_74' title="bbox 1563 1627 2623 1688; baseline 0 -12"><span class='ocrx_word' id='word_1_525' title='bbox 1563 1631 1646 1676; x_wconf 87' lang='grc'>78.</span> <span class='ocrx_word' id='word_1_526' title='bbox 1696 1627 1765 1688; x_wconf 82' lang='lat' dir='ltr'>iv,</span> <span class='ocrx_word' id='word_1_527' title='bbox 1786 1632 1834 1676; x_wconf 91' lang='grc'>2.</span> <span class='ocrx_word' id='word_1_528' title='bbox 1866 1631 1915 1676; x_wconf 90' lang='grc'>9.</span> <span class='ocrx_word' id='word_1_529' title='bbox 1972 1628 2037 1684; x_wconf 80' lang='lat' dir='ltr'>iv,</span> <span class='ocrx_word' id='word_1_530' title='bbox 2055 1633 2103 1676; x_wconf 93' lang='grc'><strong>7.</strong></span> <span class='ocrx_word' id='word_1_531' title='bbox 2130 1631 2211 1675; x_wconf 78' lang='grc'>23.</span> <span class='ocrx_word' id='word_1_532' title='bbox 2265 1627 2361 1675; x_wconf 79' lang='lat' dir='ltr'>Ad.</span> <span class='ocrx_word' id='word_1_533' title='bbox 2382 1627 2449 1683; x_wconf 80' lang='lat' dir='ltr'>iv,</span> <span class='ocrx_word' id='word_1_534' title='bbox 2473 1634 2519 1676; x_wconf 81' lang='grc'>5.</span> <span class='ocrx_word' id='word_1_535' title='bbox 2546 1632 2623 1676; x_wconf 84' lang='lat'>1⁵.</span> 
     </span>
     <span class='ocr_line' id='line_1_75' title="bbox 1565 1691 2625 1754; baseline 0.001 -16"><span class='ocrx_word' id='word_1_536' title='bbox 1565 1691 1661 1740; x_wconf 86' lang='lat' dir='ltr'>He.</span> <span class='ocrx_word' id='word_1_537' title='bbox 1694 1692 1761 1752; x_wconf 84' lang='lat' dir='ltr'>iv,</span> <span class='ocrx_word' id='word_1_538' title='bbox 1786 1697 1831 1739; x_wconf 86' lang='grc'>1.</span> <span class='ocrx_word' id='word_1_539' title='bbox 1856 1697 1921 1740; x_wconf 76' lang='grc'>86</span> <span class='ocrx_word' id='word_1_540' title='bbox 1968 1691 2111 1740; x_wconf 89' lang='lat' dir='ltr'>Hunc</span> <span class='ocrx_word' id='word_1_541' title='bbox 2133 1706 2216 1752; x_wconf 89' lang='lat' dir='ltr'>pro</span> <span class='ocrx_word' id='word_1_542' title='bbox 2240 1693 2421 1740; x_wconf 87' lang='lat' dir='ltr'>moecho</span> <span class='ocrx_word' id='word_1_543' title='bbox 2458 1699 2625 1754; x_wconf 69' lang='lat' dir='ltr'>postea</span> 
     </span>
     <span class='ocr_line' id='line_1_76' title="bbox 1563 1755 2617 1818; baseline -0.002 -14"><span class='ocrx_word' id='word_1_544' title='bbox 1563 1757 1959 1818; x_wconf 77' lang='lat' dir='ltr'>comprehendere</span> <span class='ocrx_word' id='word_1_545' title='bbox 1980 1756 2105 1804; x_wconf 87' lang='lat' dir='ltr'>intus</span> <span class='ocrx_word' id='word_1_546' title='bbox 2139 1755 2229 1806; x_wconf 78' lang='lat' dir='ltr'>Eu.</span> <span class='ocrx_word' id='word_1_547' title='bbox 2248 1773 2295 1812; x_wconf 81' lang='lat' dir='ltr'>v,</span> <span class='ocrx_word' id='word_1_548' title='bbox 2316 1762 2366 1806; x_wconf 95' lang='grc'>6.</span> <span class='ocrx_word' id='word_1_549' title='bbox 2388 1761 2453 1806; x_wconf 86' lang='grc'>22</span> <span class='ocrx_word' id='word_1_550' title='bbox 2486 1756 2617 1812; x_wconf 88' lang='lat' dir='ltr'>Quid</span> 
     </span>
     <span class='ocr_line' id='line_1_77' title="bbox 1565 1819 2623 1884; baseline 0.002 -18"><span class='ocrx_word' id='word_1_551' title='bbox 1565 1821 1766 1884; x_wconf 82' lang='lat' dir='ltr'>postea?</span> <span class='ocrx_word' id='word_1_552' title='bbox 1811 1819 1910 1868; x_wconf 85' lang='lat' dir='ltr'>Ad.</span> <span class='ocrx_word' id='word_1_553' title='bbox 1948 1821 2015 1876; x_wconf 81' lang='lat' dir='ltr'>iv,</span> <span class='ocrx_word' id='word_1_554' title='bbox 2044 1827 2087 1869; x_wconf 89' lang='grc'>1.</span> <span class='ocrx_word' id='word_1_555' title='bbox 2108 1825 2186 1870; x_wconf 73' lang='grc'>13.</span> <span class='ocrx_word' id='word_1_556' title='bbox 2230 1837 2281 1881; x_wconf 84' lang='lat' dir='ltr'>v,</span> <span class='ocrx_word' id='word_1_557' title='bbox 2302 1825 2349 1868; x_wconf 84' lang='lat'>8.</span> <span class='ocrx_word' id='word_1_558' title='bbox 2371 1825 2403 1869; x_wconf 87' lang='grc'>6</span> <span class='ocrx_word' id='word_1_559' title='bbox 2448 1821 2623 1868; x_wconf 64' lang='lat' dir='ltr'>Posteri</span> 
     </span>
     <span class='ocr_line' id='line_1_78' title="bbox 1565 1883 2617 1945; baseline 0 -11"><span class='ocrx_word' id='word_1_560' title='bbox 1565 1893 1639 1934; x_wconf 85' lang='lat' dir='ltr'>est</span> <span class='ocrx_word' id='word_1_561' title='bbox 1660 1886 1721 1931; x_wconf 85' lang='lat' dir='ltr'>ad</span> <span class='ocrx_word' id='word_1_562' title='bbox 1743 1887 1863 1932; x_wconf 75' lang='lat' dir='ltr'>hanc</span> <span class='ocrx_word' id='word_1_563' title='bbox 1886 1901 2073 1932; x_wconf 80' lang='lat' dir='ltr'>manum</span> <span class='ocrx_word' id='word_1_564' title='bbox 2097 1885 2317 1932; x_wconf 75' lang='lat' dir='ltr'>sacellum</span> <span class='ocrx_word' id='word_1_565' title='bbox 2352 1883 2446 1931; x_wconf 86' lang='lat' dir='ltr'>Ad.</span> <span class='ocrx_word' id='word_1_566' title='bbox 2478 1885 2547 1945; x_wconf 82' lang='lat' dir='ltr'>iv,</span> <span class='ocrx_word' id='word_1_567' title='bbox 2569 1891 2617 1934; x_wconf 87' lang='grc'>2.</span> 
     </span>
     <span class='ocr_line' id='line_1_79' title="bbox 1564 1948 2624 2013; baseline 0.003 -18"><span class='ocrx_word' id='word_1_568' title='bbox 1564 1953 1630 1998; x_wconf 79' lang='grc'>36</span> <span class='ocrx_word' id='word_1_569' title='bbox 1663 1948 1797 1996; x_wconf 85' lang='lat' dir='ltr'><strong>Eho!</strong></span> <span class='ocrx_word' id='word_1_570' title='bbox 1830 1965 1989 2000; x_wconf 88' lang='lat' dir='ltr'>nonne</span> <span class='ocrx_word' id='word_1_571' title='bbox 2022 1951 2123 1996; x_wconf 82' lang='lat' dir='ltr'>haec</span> <span class='ocrx_word' id='word_1_572' title='bbox 2143 1949 2273 2013; x_wconf 73' lang='lat' dir='ltr'>justa</span> <span class='ocrx_word' id='word_1_573' title='bbox 2298 1949 2383 1996; x_wconf 88' lang='lat' dir='ltr'>tibi</span> <span class='ocrx_word' id='word_1_574' title='bbox 2406 1950 2624 1998; x_wconf 81' lang='lat' dir='ltr'>videntur</span> 
     </span>
     <span class='ocr_line' id='line_1_80' title="bbox 1564 2013 2623 2076; baseline 0 -16"><span class='ocrx_word' id='word_1_575' title='bbox 1564 2014 1766 2076; x_wconf 73' lang='lat' dir='ltr'>postea?</span> <span class='ocrx_word' id='word_1_576' title='bbox 1798 2013 1895 2062; x_wconf 83' lang='lat' dir='ltr'>Ad.</span> <span class='ocrx_word' id='word_1_577' title='bbox 1917 2014 1983 2067; x_wconf 85' lang='lat' dir='ltr'>iv,</span> <span class='ocrx_word' id='word_1_578' title='bbox 2006 2020 2055 2064; x_wconf 82' lang='grc'>5.</span> <span class='ocrx_word' id='word_1_579' title='bbox 2078 2020 2143 2062; x_wconf 88' lang='grc'>26</span> <span class='ocrx_word' id='word_1_580' title='bbox 2193 2013 2623 2075; x_wconf 78' lang='lat' dir='ltr'>Denique-minite-</span> 
     </span>
     <span class='ocr_line' id='line_1_81' title="bbox 1566 2075 2623 2140; baseline 0.002 -16"><span class='ocrx_word' id='word_1_581' title='bbox 1566 2093 1685 2134; x_wconf 87' lang='lat' dir='ltr'>mur,</span> <span class='ocrx_word' id='word_1_582' title='bbox 1708 2077 1747 2123; x_wconf 83' lang='lat' dir='ltr'>si</span> <span class='ocrx_word' id='word_1_583' title='bbox 1769 2093 1876 2126; x_wconf 89' lang='lat' dir='ltr'>cum</span> <span class='ocrx_word' id='word_1_584' title='bbox 1899 2077 1979 2126; x_wconf 85' lang='lat' dir='ltr'>ino</span> <span class='ocrx_word' id='word_1_585' title='bbox 2001 2078 2213 2126; x_wconf 80' lang='lat' dir='ltr'>habuerit</span> <span class='ocrx_word' id='word_1_586' title='bbox 2231 2075 2324 2126; x_wconf 77' lang='lat' dir='ltr'>rein</span> <span class='ocrx_word' id='word_1_587' title='bbox 2345 2085 2507 2140; x_wconf 74' lang='lat' dir='ltr'>postea</span> <span class='ocrx_word' id='word_1_588' title='bbox 2528 2078 2623 2126; x_wconf 84' lang='lat' dir='ltr'>He.</span> 
     </span>
     <span class='ocr_line' id='line_1_82' title="bbox 1566 2141 2265 2198; baseline 0.011 -12"><span class='ocrx_word' id='word_1_589' title='bbox 1566 2141 1632 2198; x_wconf 73' lang='lat' dir='ltr'>iv,</span> <span class='ocrx_word' id='word_1_590' title='bbox 1652 2144 1703 2188; x_wconf 68' lang='lat'>⁴0</span> <span class='ocrx_word' id='word_1_591' title='bbox 1720 2146 1785 2190; x_wconf 74' lang='grc'>96</span> <span class='ocrx_word' id='word_1_592' title='bbox 2260 2189 2265 2194; x_wconf 91' lang='grc'>.</span> 
     </span>
    </p>

    <p class='ocr_par' dir='ltr' id='par_1_7' title="bbox 1563 2203 2628 2845">
     <span class='ocr_line' id='line_1_83' title="bbox 1631 2203 2621 2261; baseline 0 -9"><span class='ocrx_word' id='word_1_593' title='bbox 1631 2205 1880 2253; x_wconf 78' lang='lat' dir='ltr'>Posterior.</span> <span class='ocrx_word' id='word_1_594' title='bbox 1914 2205 2170 2254; x_wconf 76' lang='lat' dir='ltr'>Posterius.</span> <span class='ocrx_word' id='word_1_595' title='bbox 2235 2203 2287 2252; x_wconf 91' lang='lat' dir='ltr'>Si</span> <span class='ocrx_word' id='word_1_596' title='bbox 2308 2205 2356 2253; x_wconf 88' lang='lat' dir='ltr'>id</span> <span class='ocrx_word' id='word_1_597' title='bbox 2374 2205 2429 2251; x_wconf 89' lang='lat' dir='ltr'>fit</span> <span class='ocrx_word' id='word_1_598' title='bbox 2445 2205 2621 2261; x_wconf 73' lang='lat' dir='ltr'>dando,</span> 
     </span>
     <span class='ocr_line' id='line_1_84' title="bbox 1566 2270 2623 2334; baseline -0.004 -14"><span class='ocrx_word' id='word_1_599' title='bbox 1566 2276 1709 2333; x_wconf 74' lang='lat' dir='ltr'>atque</span> <span class='ocrx_word' id='word_1_600' title='bbox 1734 2270 2055 2334; x_wconf 82' lang='lat' dir='ltr'>obsequendo,</span> <span class='ocrx_word' id='word_1_601' title='bbox 2078 2286 2173 2316; x_wconf 88' lang='lat' dir='ltr'>non</span> <span class='ocrx_word' id='word_1_602' title='bbox 2197 2271 2475 2332; x_wconf 73' lang='lat' dir='ltr'>posteriores</span> <span class='ocrx_word' id='word_1_603' title='bbox 2490 2271 2623 2332; x_wconf 72' lang='lat' dir='ltr'>(pur-</span> 
     </span>
     <span class='ocr_line' id='line_1_85' title="bbox 1565 2333 2628 2397; baseline 0 -17"><span class='ocrx_word' id='word_1_604' title='bbox 1565 2335 1665 2397; x_wconf 86' lang='lat' dir='ltr'>tes)</span> <span class='ocrx_word' id='word_1_605' title='bbox 1690 2335 1831 2382; x_wconf 79' lang='lat' dir='ltr'>feram</span> <span class='ocrx_word' id='word_1_606' title='bbox 1866 2334 1963 2381; x_wconf 92' lang='lat' dir='ltr'>Ad.</span> <span class='ocrx_word' id='word_1_607' title='bbox 2002 2350 2048 2390; x_wconf 81' lang='lat' dir='ltr'>v,</span> <span class='ocrx_word' id='word_1_608' title='bbox 2070 2339 2119 2382; x_wconf 84' lang='grc'>4.</span> <span class='ocrx_word' id='word_1_609' title='bbox 2142 2339 2207 2385; x_wconf 81' lang='grc'>26</span> <span class='ocrx_word' id='word_1_610' title='bbox 2260 2335 2368 2383; x_wconf 78' lang='lat' dir='ltr'>Jam</span> <span class='ocrx_word' id='word_1_611' title='bbox 2392 2349 2517 2382; x_wconf 87' lang='lat' dir='ltr'>nunc</span> <span class='ocrx_word' id='word_1_612' title='bbox 2538 2333 2628 2382; x_wconf 82' lang='lat' dir='ltr'>tibi</span> 
     </span>
     <span class='ocr_line' id='line_1_86' title="bbox 1563 2397 2624 2460; baseline 0 -16"><span class='ocrx_word' id='word_1_613' title='bbox 1563 2399 1781 2446; x_wconf 83' lang='lat' dir='ltr'>renuntio</span> <span class='ocrx_word' id='word_1_614' title='bbox 1804 2417 1817 2445; x_wconf 76' lang='lat' dir='ltr'>z</span> <span class='ocrx_word' id='word_1_615' title='bbox 1840 2414 1900 2446; x_wconf 86' lang='lat' dir='ltr'>ne</span> <span class='ocrx_word' id='word_1_616' title='bbox 1922 2405 1975 2444; x_wconf 90' lang='lat' dir='ltr'>tu</span> <span class='ocrx_word' id='word_1_617' title='bbox 1997 2399 2085 2446; x_wconf 89' lang='lat' dir='ltr'>hoc</span> <span class='ocrx_word' id='word_1_618' title='bbox 2109 2397 2226 2445; x_wconf 87' lang='lat' dir='ltr'>mihi</span> <span class='ocrx_word' id='word_1_619' title='bbox 2246 2399 2475 2460; x_wconf 75' lang='lat' dir='ltr'>posterius</span> <span class='ocrx_word' id='word_1_620' title='bbox 2492 2397 2624 2446; x_wconf 73' lang='lat' dir='ltr'>dicas</span> 
     </span>
     <span class='ocr_line' id='line_1_87' title="bbox 1563 2461 2623 2527; baseline -0.001 -16"><span class='ocrx_word' id='word_1_621' title='bbox 1563 2462 1629 2511; x_wconf 82' lang='lat' dir='ltr'>A.</span> <span class='ocrx_word' id='word_1_622' title='bbox 1653 2463 1725 2524; x_wconf 84' lang='lat' dir='ltr'>iii,</span> <span class='ocrx_word' id='word_1_623' title='bbox 1744 2467 1790 2513; x_wconf 87' lang='grc'>2.</span> <span class='ocrx_word' id='word_1_624' title='bbox 1814 2467 1879 2513; x_wconf 88' lang='grc'>29</span> <span class='ocrx_word' id='word_1_625' title='bbox 1914 2461 2011 2511; x_wconf 85' lang='lat' dir='ltr'>Iste</span> <span class='ocrx_word' id='word_1_626' title='bbox 2031 2469 2157 2518; x_wconf 85' lang='lat' dir='ltr'>tuus,</span> <span class='ocrx_word' id='word_1_627' title='bbox 2176 2463 2281 2527; x_wconf 81' lang='lat' dir='ltr'>ipse</span> <span class='ocrx_word' id='word_1_628' title='bbox 2302 2463 2473 2511; x_wconf 81' lang='lat' dir='ltr'>sentiet</span> <span class='ocrx_word' id='word_1_629' title='bbox 2494 2471 2623 2525; x_wconf 79' lang='lat' dir='ltr'>post-</span> 
     </span>
     <span class='ocr_line' id='line_1_88' title="bbox 1563 2526 2625 2592; baseline 0 -17"><span class='ocrx_word' id='word_1_630' title='bbox 1563 2528 1686 2575; x_wconf 81' lang='lat' dir='ltr'>erius</span> <span class='ocrx_word' id='word_1_631' title='bbox 1718 2526 1815 2576; x_wconf 81' lang='lat' dir='ltr'>Ad.</span> <span class='ocrx_word' id='word_1_632' title='bbox 1853 2529 1889 2584; x_wconf 87' lang='lat' dir='ltr'>i,</span> <span class='ocrx_word' id='word_1_633' title='bbox 1912 2532 1962 2577; x_wconf 88' lang='grc'>2.</span> <span class='ocrx_word' id='word_1_634' title='bbox 1984 2532 2050 2577; x_wconf 87' lang='grc'>60</span> <span class='ocrx_word' id='word_1_635' title='bbox 2096 2528 2169 2574; x_wconf 82' lang='lat' dir='ltr'>Tu</span> <span class='ocrx_word' id='word_1_636' title='bbox 2213 2529 2343 2592; x_wconf 88' lang='lat' dir='ltr'>quod</span> <span class='ocrx_word' id='word_1_637' title='bbox 2380 2528 2625 2591; x_wconf 49' lang='lat' dir='ltr'>*posterius</span> 
     </span>
     <span class='ocr_line' id='line_1_89' title="bbox 1564 2590 2617 2655; baseline 0 -16"><span class='ocrx_word' id='word_1_638' title='bbox 1564 2607 1753 2655; x_wconf 79' lang='lat' dir='ltr'>purges,</span> <span class='ocrx_word' id='word_1_639' title='bbox 1776 2593 1897 2639; x_wconf 79' lang='lat' dir='ltr'>hanc</span> <span class='ocrx_word' id='word_1_640' title='bbox 1919 2590 2136 2653; x_wconf 81' lang='lat' dir='ltr'>injuriam</span> <span class='ocrx_word' id='word_1_641' title='bbox 2160 2591 2275 2639; x_wconf 82' lang='lat' dir='ltr'>mihi</span> <span class='ocrx_word' id='word_1_642' title='bbox 2295 2592 2423 2639; x_wconf 81' lang='lat' dir='ltr'>nolle</span> <span class='ocrx_word' id='word_1_643' title='bbox 2444 2592 2617 2639; x_wconf 65' lang='lat' dir='ltr'>factam</span> 
     </span>
     <span class='ocr_line' id='line_1_90' title="bbox 1567 2654 1999 2712; baseline 0.005 -11"><span class='ocrx_word' id='word_1_644' title='bbox 1567 2670 1669 2707; x_wconf 76' lang='lat' dir='ltr'>esse</span> <span class='ocrx_word' id='word_1_645' title='bbox 1704 2654 1799 2701; x_wconf 87' lang='lat' dir='ltr'>Ad.</span> <span class='ocrx_word' id='word_1_646' title='bbox 1820 2655 1873 2712; x_wconf 88' lang='lat' dir='ltr'>ii,</span> <span class='ocrx_word' id='word_1_647' title='bbox 1897 2660 1944 2703; x_wconf 92' lang='lat'>1.</span> <span class='ocrx_word' id='word_1_648' title='bbox 1968 2660 1999 2703; x_wconf 85' lang='lat'>8</span> 
     </span>
     <span class='ocr_line' id='line_1_91' title="bbox 1577 2717 2624 2781; baseline 0 -12"><span class='ocrx_word' id='word_1_649' title='bbox 1577 2764 1584 2769; x_wconf 90' lang='lat'><strong>.</strong></span> <span class='ocrx_word' id='word_1_650' title='bbox 1633 2718 1917 2768; x_wconf 82' lang='lat' dir='ltr'>Posthsbeo.</span> <span class='ocrx_word' id='word_1_651' title='bbox 1987 2717 2165 2766; x_wconf 83' lang='lat' dir='ltr'>Omnes</span> <span class='ocrx_word' id='word_1_652' title='bbox 2217 2719 2470 2781; x_wconf 78' lang='lat' dir='ltr'>posthabui</span> <span class='ocrx_word' id='word_1_653' title='bbox 2507 2719 2624 2769; x_wconf 84' lang='lat' dir='ltr'>mihi</span> 
     </span>
     <span class='ocr_line' id='line_1_92' title="bbox 1565 2782 2583 2845; baseline 0.002 -14"><span class='ocrx_word' id='word_1_654' title='bbox 1565 2797 1657 2839; x_wconf 82' lang='lat' dir='ltr'>res,</span> <span class='ocrx_word' id='word_1_655' title='bbox 1680 2782 1744 2829; x_wconf 79' lang='lat' dir='ltr'>ita</span> <span class='ocrx_word' id='word_1_656' title='bbox 1767 2782 1835 2829; x_wconf 84' lang='lat' dir='ltr'>uti</span> <span class='ocrx_word' id='word_1_657' title='bbox 1859 2796 1943 2845; x_wconf 78' lang='lat' dir='ltr'>par</span> <span class='ocrx_word' id='word_1_658' title='bbox 1959 2782 2051 2829; x_wconf 86' lang='lat' dir='ltr'>fuit</span> <span class='ocrx_word' id='word_1_659' title='bbox 2081 2782 2171 2833; x_wconf 90' lang='lat' dir='ltr'>Ph.</span> <span class='ocrx_word' id='word_1_660' title='bbox 2198 2798 2243 2840; x_wconf 83' lang='lat' dir='ltr'>v,</span> <span class='ocrx_word' id='word_1_661' title='bbox 2262 2788 2311 2831; x_wconf 87' lang='grc'>7.</span> <span class='ocrx_word' id='word_1_662' title='bbox 2337 2790 2395 2833; x_wconf 89' lang='grc'>15</span> <span class='ocrx_word' id='word_1_663' title='bbox 2578 2814 2583 2820; x_wconf 75' lang='lat'><em>=</em></span> 
     </span>
    </p>

    <p class='ocr_par' dir='ltr' id='par_1_8' title="bbox 1569 2846 2649 4403">
     <span class='ocr_line' id='line_1_93' title="bbox 1634 2846 2623 2904; baseline 0 -9"><span class='ocrx_word' id='word_1_664' title='bbox 1634 2848 1857 2895; x_wconf 82' lang='lat' dir='ltr'>Posthac.</span> <span class='ocrx_word' id='word_1_665' title='bbox 1924 2846 2145 2904; x_wconf 56' lang='lat' dir='ltr'>Posthac,</span> <span class='ocrx_word' id='word_1_666' title='bbox 2184 2862 2265 2893; x_wconf 74' lang='lat' dir='ltr'>uss</span> <span class='ocrx_word' id='word_1_667' title='bbox 2283 2848 2427 2895; x_wconf 70' lang='lat' dir='ltr'>faciet</span> <span class='ocrx_word' id='word_1_668' title='bbox 2444 2848 2519 2895; x_wconf 79' lang='lat' dir='ltr'>de</span> <span class='ocrx_word' id='word_1_669' title='bbox 2550 2848 2623 2895; x_wconf 82' lang='lat' dir='ltr'>in-</span> 
     </span>
     <span class='ocr_line' id='line_1_94' title="bbox 1569 2910 2627 2973; baseline -0.002 -12"><span class='ocrx_word' id='word_1_670' title='bbox 1569 2916 1701 2973; x_wconf 76' lang='lat' dir='ltr'>tegre</span> <span class='ocrx_word' id='word_1_671' title='bbox 1739 2910 2007 2959; x_wconf 84' lang='lat' dir='ltr'>Comoedias</span> <span class='ocrx_word' id='word_1_672' title='bbox 2056 2910 2118 2958; x_wconf 82' lang='lat' dir='ltr'>A.</span> <span class='ocrx_word' id='word_1_673' title='bbox 2194 2911 2279 2958; x_wconf 82' lang='lat' dir='ltr'>rol.</span> <span class='ocrx_word' id='word_1_674' title='bbox 2309 2916 2375 2960; x_wconf 89' lang='grc'><strong>26</strong></span> <span class='ocrx_word' id='word_1_675' title='bbox 2424 2911 2627 2959; x_wconf 70' lang='grc' dir='ltr'>ΡοεῐΙιεο</span> 
     </span>
     <span class='ocr_line' id='line_1_95' title="bbox 1569 2973 2627 3036; baseline 0.003 -16"><span class='ocrx_word' id='word_1_676' title='bbox 1569 2973 1850 3023; x_wconf 79' lang='lat' dir='ltr'>incolumem</span> <span class='ocrx_word' id='word_1_677' title='bbox 1875 2986 1947 3022; x_wconf 81' lang='lat' dir='ltr'>sat</span> <span class='ocrx_word' id='word_1_678' title='bbox 1968 2974 2065 3024; x_wconf 88' lang='lat' dir='ltr'>scio</span> <span class='ocrx_word' id='word_1_679' title='bbox 2090 2974 2187 3023; x_wconf 78' lang='lat' dir='ltr'>fore</span> <span class='ocrx_word' id='word_1_680' title='bbox 2208 2991 2304 3036; x_wconf 90' lang='lat' dir='ltr'>me,</span> <span class='ocrx_word' id='word_1_681' title='bbox 2326 2992 2453 3023; x_wconf 82' lang='lat' dir='ltr'>nunc</span> <span class='ocrx_word' id='word_1_682' title='bbox 2476 2976 2513 3023; x_wconf 86' lang='lat' dir='ltr'>si</span> <span class='ocrx_word' id='word_1_683' title='bbox 2533 2976 2627 3023; x_wconf 86' lang='lat' dir='ltr'>hoc</span> 
     </span>
     <span class='ocr_line' id='line_1_96' title="bbox 1569 3038 2629 3095; baseline 0.002 -10"><span class='ocrx_word' id='word_1_684' title='bbox 1569 3038 1732 3086; x_wconf 82' lang='lat' dir='ltr'>devito</span> <span class='ocrx_word' id='word_1_685' title='bbox 1770 3038 1961 3087; x_wconf 85' lang='lat' dir='ltr'>malum.</span> <span class='ocrx_word' id='word_1_686' title='bbox 1996 3040 2057 3087; x_wconf 81' lang='lat' dir='ltr'>A.</span> <span class='ocrx_word' id='word_1_687' title='bbox 2094 3040 2168 3095; x_wconf 87' lang='lat' dir='ltr'>iii,</span> <span class='ocrx_word' id='word_1_688' title='bbox 2186 3046 2235 3087; x_wconf 84' lang='grc'>5.</span> <span class='ocrx_word' id='word_1_689' title='bbox 2258 3046 2286 3089; x_wconf 84' lang='grc'><strong>5</strong></span> <span class='ocrx_word' id='word_1_690' title='bbox 2338 3040 2481 3087; x_wconf 88' lang='lat' dir='ltr'>Hunc</span> <span class='ocrx_word' id='word_1_691' title='bbox 2504 3048 2553 3086; x_wconf 87' lang='lat' dir='ltr'>tu</span> <span class='ocrx_word' id='word_1_692' title='bbox 2577 3040 2629 3087; x_wconf 83' lang='lat' dir='ltr'>in</span> 
     </span>
     <span class='ocr_line' id='line_1_97' title="bbox 1573 3103 2627 3167; baseline 0.002 -18"><span class='ocrx_word' id='word_1_693' title='bbox 1573 3104 1699 3151; x_wconf 82' lang='lat' dir='ltr'>aedes</span> <span class='ocrx_word' id='word_1_694' title='bbox 1714 3104 1895 3166; x_wconf 78' lang='lat' dir='ltr'>cogitas</span> <span class='ocrx_word' id='word_1_695' title='bbox 1909 3104 2119 3167; x_wconf 85' lang='lat' dir='ltr'>recipere</span> <span class='ocrx_word' id='word_1_696' title='bbox 2136 3106 2331 3166; x_wconf 82' lang='lat' dir='ltr'>posthac</span> <span class='ocrx_word' id='word_1_697' title='bbox 2351 3104 2369 3151; x_wconf 76' lang='grc' dir='ltr'><strong><em>ἓ</em></strong></span> <span class='ocrx_word' id='word_1_698' title='bbox 2400 3103 2492 3151; x_wconf 84' lang='lat' dir='ltr'>Eu.</span> <span class='ocrx_word' id='word_1_699' title='bbox 2514 3120 2560 3159; x_wconf 81' lang='lat' dir='ltr'>v,</span> <span class='ocrx_word' id='word_1_700' title='bbox 2578 3108 2627 3153; x_wconf 91' lang='grc'>2.</span> 
     </span>
     <span class='ocr_line' id='line_1_98' title="bbox 1571 3166 2627 3232; baseline -0.001 -16"><span class='ocrx_word' id='word_1_701' title='bbox 1571 3172 1639 3217; x_wconf 82' lang='lat'>69</span> <span class='ocrx_word' id='word_1_702' title='bbox 1675 3167 1799 3215; x_wconf 78' lang='lat' dir='ltr'>Nam</span> <span class='ocrx_word' id='word_1_703' title='bbox 1822 3168 2021 3229; x_wconf 80' lang='lat' dir='ltr'>nescias,</span> <span class='ocrx_word' id='word_1_704' title='bbox 2041 3166 2144 3232; x_wconf 70' lang='lat' dir='ltr'>ejus</span> <span class='ocrx_word' id='word_1_705' title='bbox 2165 3167 2228 3213; x_wconf 87' lang='lat' dir='ltr'>sit</span> <span class='ocrx_word' id='word_1_706' title='bbox 2250 3176 2475 3230; x_wconf 78' lang='lat' dir='ltr'>potestas,</span> <span class='ocrx_word' id='word_1_707' title='bbox 2498 3176 2627 3231; x_wconf 89' lang='lat' dir='ltr'>post-</span> 
     </span>
     <span class='ocr_line' id='line_1_99' title="bbox 1572 3231 2629 3297; baseline 0.002 -18"><span class='ocrx_word' id='word_1_708' title='bbox 1572 3232 1679 3291; x_wconf 77' lang='lat' dir='ltr'>hac,</span> <span class='ocrx_word' id='word_1_709' title='bbox 1700 3246 1761 3279; x_wconf 78' lang='lat' dir='ltr'>an</span> <span class='ocrx_word' id='word_1_710' title='bbox 1782 3248 2020 3297; x_wconf 81' lang='lat' dir='ltr'>nunquam</span> <span class='ocrx_word' id='word_1_711' title='bbox 2040 3232 2126 3279; x_wconf 87' lang='lat' dir='ltr'>tibi</span> <span class='ocrx_word' id='word_1_712' title='bbox 2152 3232 2280 3279; x_wconf 83' lang='lat' dir='ltr'>Hea.</span> <span class='ocrx_word' id='word_1_713' title='bbox 2304 3233 2355 3287; x_wconf 83' lang='lat' dir='ltr'>ii,</span> <span class='ocrx_word' id='word_1_714' title='bbox 2372 3236 2422 3280; x_wconf 71' lang='lat'>³.</span> <span class='ocrx_word' id='word_1_715' title='bbox 2445 3236 2537 3283; x_wconf 87' lang='grc'>105</span> <span class='ocrx_word' id='word_1_716' title='bbox 2558 3231 2629 3281; x_wconf 68' lang='lat' dir='ltr'>Aa</span> 
     </span>
     <span class='ocr_line' id='line_1_100' title="bbox 1571 3296 2649 3361; baseline 0.001 -19"><span class='ocrx_word' id='word_1_717' title='bbox 1571 3302 1623 3342; x_wconf 84' lang='lat' dir='ltr'>tu</span> <span class='ocrx_word' id='word_1_718' title='bbox 1648 3296 1729 3361; x_wconf 79' lang='lat' dir='ltr'>pol</span> <span class='ocrx_word' id='word_1_719' title='bbox 1752 3297 1837 3343; x_wconf 90' lang='lat' dir='ltr'>tibi</span> <span class='ocrx_word' id='word_1_720' title='bbox 1855 3297 1970 3344; x_wconf 81' lang='lat' dir='ltr'>istas</span> <span class='ocrx_word' id='word_1_721' title='bbox 1995 3298 2187 3358; x_wconf 83' lang='lat' dir='ltr'>posthac</span> <span class='ocrx_word' id='word_1_722' title='bbox 2210 3296 2505 3360; x_wconf 85' lang='lat' dir='ltr'>comprimito</span> <span class='ocrx_word' id='word_1_723' title='bbox 2526 3308 2649 3343; x_wconf 55' lang='lat' dir='ltr'>rna-s</span> 
     </span>
     <span class='ocr_line' id='line_1_101' title="bbox 1571 3360 2623 3425; baseline 0 -18"><span class='ocrx_word' id='word_1_724' title='bbox 1571 3376 1662 3408; x_wconf 86' lang='lat' dir='ltr'>nus</span> <span class='ocrx_word' id='word_1_725' title='bbox 1694 3360 1816 3410; x_wconf 78' lang='lat' dir='ltr'>Hea.</span> <span class='ocrx_word' id='word_1_726' title='bbox 1837 3362 1907 3418; x_wconf 89' lang='lat' dir='ltr'>iii,</span> <span class='ocrx_word' id='word_1_727' title='bbox 1928 3366 1978 3411; x_wconf 73' lang='lat'>3.</span> <span class='ocrx_word' id='word_1_728' title='bbox 2002 3366 2066 3411; x_wconf 84' lang='grc'>29</span> <span class='ocrx_word' id='word_1_729' title='bbox 2098 3360 2245 3409; x_wconf 80' lang='lat' dir='ltr'>Nulla</span> <span class='ocrx_word' id='word_1_730' title='bbox 2268 3362 2379 3409; x_wconf 85' lang='lat' dir='ltr'>mihi</span> <span class='ocrx_word' id='word_1_731' title='bbox 2400 3377 2471 3409; x_wconf 85' lang='lat' dir='ltr'>res</span> <span class='ocrx_word' id='word_1_732' title='bbox 2493 3369 2623 3425; x_wconf 76' lang='lat' dir='ltr'>post-</span> 
     </span>
     <span class='ocr_line' id='line_1_102' title="bbox 1573 3426 2627 3490; baseline -0.001 -18"><span class='ocrx_word' id='word_1_733' title='bbox 1573 3426 1661 3473; x_wconf 76' lang='lat' dir='ltr'>hac</span> <span class='ocrx_word' id='word_1_734' title='bbox 1686 3433 1839 3487; x_wconf 73' lang='lat' dir='ltr'>potest</span> <span class='ocrx_word' id='word_1_735' title='bbox 1851 3426 1953 3490; x_wconf 81' lang='lat' dir='ltr'>jum</span> <span class='ocrx_word' id='word_1_736' title='bbox 1976 3426 2251 3474; x_wconf 81' lang='lat' dir='ltr'>intervenire</span> <span class='ocrx_word' id='word_1_737' title='bbox 2264 3434 2394 3474; x_wconf 76' lang='lat' dir='ltr'>tanta</span> <span class='ocrx_word' id='word_1_738' title='bbox 2415 3426 2538 3474; x_wconf 75' lang='lat' dir='ltr'>Heu.</span> <span class='ocrx_word' id='word_1_739' title='bbox 2560 3426 2627 3486; x_wconf 81' lang='lat' dir='ltr'>iv,</span> 
     </span>
     <span class='ocr_line' id='line_1_103' title="bbox 1573 3490 2625 3556; baseline 0 -19"><span class='ocrx_word' id='word_1_740' title='bbox 1573 3492 1623 3538; x_wconf 72' lang='lat'>3.</span> <span class='ocrx_word' id='word_1_741' title='bbox 1644 3494 1669 3539; x_wconf 92' lang='lat'>1</span> <span class='ocrx_word' id='word_1_742' title='bbox 1709 3490 1837 3539; x_wconf 80' lang='lat' dir='ltr'>Cave</span> <span class='ocrx_word' id='word_1_743' title='bbox 1862 3492 2073 3556; x_wconf 77' lang='lat' dir='ltr'>posthac,</span> <span class='ocrx_word' id='word_1_744' title='bbox 2095 3490 2135 3537; x_wconf 84' lang='lat' dir='ltr'>si</span> <span class='ocrx_word' id='word_1_745' title='bbox 2156 3506 2231 3541; x_wconf 85' lang='lat' dir='ltr'>me</span> <span class='ocrx_word' id='word_1_746' title='bbox 2252 3506 2395 3545; x_wconf 80' lang='lat' dir='ltr'>amas,</span> <span class='ocrx_word' id='word_1_747' title='bbox 2420 3506 2625 3553; x_wconf 69' lang='lat' dir='ltr'>unquam</span> 
     </span>
     <span class='ocr_line' id='line_1_104' title="bbox 1572 3554 2627 3610; baseline 0.002 -11"><span class='ocrx_word' id='word_1_748' title='bbox 1572 3554 1694 3603; x_wconf 88' lang='lat' dir='ltr'>istuc</span> <span class='ocrx_word' id='word_1_749' title='bbox 1718 3556 1905 3603; x_wconf 80' lang='lat' dir='ltr'>verbum</span> <span class='ocrx_word' id='word_1_750' title='bbox 1924 3571 1982 3603; x_wconf 84' lang='lat' dir='ltr'>ex</span> <span class='ocrx_word' id='word_1_751' title='bbox 2005 3562 2053 3602; x_wconf 86' lang='lat' dir='ltr'>te</span> <span class='ocrx_word' id='word_1_752' title='bbox 2075 3556 2261 3602; x_wconf 74' lang='lat' dir='ltr'>audiam</span> <span class='ocrx_word' id='word_1_753' title='bbox 2295 3554 2415 3601; x_wconf 76' lang='lat' dir='ltr'>Hea-</span> <span class='ocrx_word' id='word_1_754' title='bbox 2454 3571 2501 3610; x_wconf 81' lang='lat' dir='ltr'>v,</span> <span class='ocrx_word' id='word_1_755' title='bbox 2524 3559 2571 3603; x_wconf 80' lang='grc'>4.</span> <span class='ocrx_word' id='word_1_756' title='bbox 2590 3558 2627 3607; x_wconf 79' lang='grc'><strong>8</strong></span> 
     </span>
     <span class='ocr_line' id='line_1_105' title="bbox 1571 3616 2627 3681; baseline 0 -14"><span class='ocrx_word' id='word_1_757' title='bbox 1571 3616 1680 3667; x_wconf 76' lang='lat' dir='ltr'>Jam</span> <span class='ocrx_word' id='word_1_758' title='bbox 1703 3619 1739 3664; x_wconf 88' lang='lat' dir='ltr'>si</span> <span class='ocrx_word' id='word_1_759' title='bbox 1759 3620 1947 3667; x_wconf 81' lang='lat' dir='ltr'>verbum</span> <span class='ocrx_word' id='word_1_760' title='bbox 1969 3636 2113 3666; x_wconf 89' lang='lat' dir='ltr'>uuum</span> <span class='ocrx_word' id='word_1_761' title='bbox 2144 3621 2339 3681; x_wconf 74' lang='lat' dir='ltr'>posthac</span> <span class='ocrx_word' id='word_1_762' title='bbox 2388 3617 2484 3665; x_wconf 83' lang='lat' dir='ltr'>Ad.</span> <span class='ocrx_word' id='word_1_763' title='bbox 2521 3618 2555 3675; x_wconf 84' lang='lat' dir='ltr'>i,</span> <span class='ocrx_word' id='word_1_764' title='bbox 2578 3623 2627 3667; x_wconf 75' lang='lat'>2.</span> 
     </span>
     <span class='ocr_line' id='line_1_106' title="bbox 1572 3681 2628 3745; baseline -0.003 -15"><span class='ocrx_word' id='word_1_765' title='bbox 1572 3687 1635 3730; x_wconf 87' lang='grc'>55</span> <span class='ocrx_word' id='word_1_766' title='bbox 1686 3681 1797 3744; x_wconf 83' lang='lat' dir='ltr'>Nae,</span> <span class='ocrx_word' id='word_1_767' title='bbox 1817 3683 1902 3731; x_wconf 87' lang='lat' dir='ltr'>ille</span> <span class='ocrx_word' id='word_1_768' title='bbox 1924 3684 2184 3731; x_wconf 83' lang='lat' dir='ltr'>continebit</span> <span class='ocrx_word' id='word_1_769' title='bbox 2208 3685 2418 3745; x_wconf 81' lang='lat' dir='ltr'>posthac,</span> <span class='ocrx_word' id='word_1_770' title='bbox 2439 3682 2479 3729; x_wconf 87' lang='lat' dir='ltr'>si</span> <span class='ocrx_word' id='word_1_771' title='bbox 2500 3682 2628 3744; x_wconf 78' lang='lat' dir='ltr'>sapi-</span> 
     </span>
     <span class='ocr_line' id='line_1_107' title="bbox 1572 3746 2627 3809; baseline -0.001 -14"><span class='ocrx_word' id='word_1_772' title='bbox 1572 3753 1643 3807; x_wconf 88' lang='lat' dir='ltr'>et,</span> <span class='ocrx_word' id='word_1_773' title='bbox 1664 3760 1827 3795; x_wconf 78' lang='lat' dir='ltr'>msnus</span> <span class='ocrx_word' id='word_1_774' title='bbox 1859 3746 1956 3795; x_wconf 88' lang='lat' dir='ltr'>Ad.</span> <span class='ocrx_word' id='word_1_775' title='bbox 1977 3748 2041 3803; x_wconf 83' lang='lat' dir='ltr'>iv,</span> <span class='ocrx_word' id='word_1_776' title='bbox 2058 3752 2109 3796; x_wconf 90' lang='grc'>2.</span> <span class='ocrx_word' id='word_1_777' title='bbox 2128 3752 2192 3795; x_wconf 90' lang='grc'>26</span> <span class='ocrx_word' id='word_1_778' title='bbox 2226 3747 2445 3809; x_wconf 86' lang='lat' dir='ltr'>Mihique</span> <span class='ocrx_word' id='word_1_779' title='bbox 2460 3754 2515 3794; x_wconf 88' lang='lat' dir='ltr'>ut</span> <span class='ocrx_word' id='word_1_780' title='bbox 2530 3748 2627 3801; x_wconf 86' lang='lat' dir='ltr'>dis·</span> 
     </span>
     <span class='ocr_line' id='line_1_108' title="bbox 1573 3811 2626 3874; baseline -0.002 -15"><span class='ocrx_word' id='word_1_781' title='bbox 1573 3826 1678 3859; x_wconf 84' lang='lat' dir='ltr'>cere</span> <span class='ocrx_word' id='word_1_782' title='bbox 1698 3827 1844 3859; x_wconf 78' lang='lat' dir='ltr'>novas</span> <span class='ocrx_word' id='word_1_783' title='bbox 1862 3813 2103 3873; x_wconf 79' lang='lat' dir='ltr'>expediat,</span> <span class='ocrx_word' id='word_1_784' title='bbox 2136 3811 2331 3871; x_wconf 75' lang='lat' dir='ltr'>posthac</span> <span class='ocrx_word' id='word_1_785' title='bbox 2355 3811 2505 3874; x_wconf 81' lang='lat' dir='ltr'>pretio</span> <span class='ocrx_word' id='word_1_786' title='bbox 2525 3826 2626 3857; x_wconf 88' lang='lat' dir='ltr'>em·</span> 
     </span>
     <span class='ocr_line' id='line_1_109' title="bbox 1571 3874 2627 3937; baseline -0.007 -11"><span class='ocrx_word' id='word_1_787' title='bbox 1571 3883 1645 3926; x_wconf 73' lang='lat' dir='ltr'>tas</span> <span class='ocrx_word' id='word_1_788' title='bbox 1662 3890 1767 3923; x_wconf 88' lang='lat' dir='ltr'>meo</span> <span class='ocrx_word' id='word_1_789' title='bbox 1800 3876 1895 3923; x_wconf 88' lang='lat' dir='ltr'>He.</span> <span class='ocrx_word' id='word_1_790' title='bbox 1916 3875 2019 3924; x_wconf 87' lang='lat' dir='ltr'>Alt.</span> <span class='ocrx_word' id='word_1_791' title='bbox 2043 3874 2167 3923; x_wconf 78' lang='lat' dir='ltr'><strong>Ptol.</strong></span> <span class='ocrx_word' id='word_1_792' title='bbox 2188 3879 2254 3923; x_wconf 78' lang='lat'>49</span> <span class='ocrx_word' id='word_1_793' title='bbox 2289 3875 2410 3931; x_wconf 72' lang='lat' dir='ltr'>Qum</span> <span class='ocrx_word' id='word_1_794' title='bbox 2432 3876 2627 3937; x_wconf 81' lang='lat' dir='ltr'>posthae</span> 
     </span>
     <span class='ocr_line' id='line_1_110' title="bbox 1573 3938 2623 4001; baseline 0.001 -16"><span class='ocrx_word' id='word_1_795' title='bbox 1573 3940 1730 3987; x_wconf 74' lang='lat' dir='ltr'>futuru</span> <span class='ocrx_word' id='word_1_796' title='bbox 1748 3948 1822 3987; x_wconf 87' lang='lat' dir='ltr'>est</span> <span class='ocrx_word' id='word_1_797' title='bbox 1842 3939 1952 4001; x_wconf 76' lang='lat' dir='ltr'>vita,</span> <span class='ocrx_word' id='word_1_798' title='bbox 1973 3953 2079 3988; x_wconf 87' lang='lat' dir='ltr'>cum</span> <span class='ocrx_word' id='word_1_799' title='bbox 2097 3938 2146 3985; x_wconf 87' lang='lat' dir='ltr'>in</span> <span class='ocrx_word' id='word_1_800' title='bbox 2165 3948 2364 3986; x_wconf 86' lang='lat' dir='ltr'>mentem</span> <span class='ocrx_word' id='word_1_801' title='bbox 2385 3940 2512 3986; x_wconf 85' lang='lat' dir='ltr'>venit</span> <span class='ocrx_word' id='word_1_802' title='bbox 2528 3938 2623 3986; x_wconf 77' lang='lat' dir='ltr'>He.</span> 
     </span>
     <span class='ocr_line' id='line_1_111' title="bbox 1573 4002 2625 4067; baseline -0.002 -16"><span class='ocrx_word' id='word_1_803' title='bbox 1573 4003 1647 4059; x_wconf 84' lang='lat' dir='ltr'>iii,</span> <span class='ocrx_word' id='word_1_804' title='bbox 1671 4008 1718 4052; x_wconf 77' lang='lat'>3.</span> <span class='ocrx_word' id='word_1_805' title='bbox 1739 4008 1801 4053; x_wconf 88' lang='grc'>45</span> <span class='ocrx_word' id='word_1_806' title='bbox 1855 4002 1925 4053; x_wconf 81' lang='lat' dir='ltr'>Ex</span> <span class='ocrx_word' id='word_1_807' title='bbox 1964 4019 2059 4067; x_wconf 92' lang='lat' dir='ltr'>quo</span> <span class='ocrx_word' id='word_1_808' title='bbox 2095 4003 2337 4050; x_wconf 85' lang='lat' dir='ltr'>firmiorem</span> <span class='ocrx_word' id='word_1_809' title='bbox 2376 4003 2497 4051; x_wconf 82' lang='lat' dir='ltr'>inter</span> <span class='ocrx_word' id='word_1_810' title='bbox 2539 4018 2625 4049; x_wconf 67' lang='lat' dir='ltr'>nou</span> 
     </span>
     <span class='ocr_line' id='line_1_112' title="bbox 1575 4066 2625 4131; baseline 0.002 -17"><span class='ocrx_word' id='word_1_811' title='bbox 1575 4068 1675 4115; x_wconf 78' lang='lat' dir='ltr'>fore</span> <span class='ocrx_word' id='word_1_812' title='bbox 1694 4067 1946 4116; x_wconf 78' lang='lat' dir='ltr'>amicitiam</span> <span class='ocrx_word' id='word_1_813' title='bbox 1970 4068 2164 4131; x_wconf 82' lang='lat' dir='ltr'>posthac</span> <span class='ocrx_word' id='word_1_814' title='bbox 2186 4067 2325 4115; x_wconf 88' lang='lat' dir='ltr'>scires</span> <span class='ocrx_word' id='word_1_815' title='bbox 2358 4066 2452 4115; x_wconf 86' lang='lat' dir='ltr'>He.</span> <span class='ocrx_word' id='word_1_816' title='bbox 2488 4068 2551 4128; x_wconf 88' lang='lat' dir='ltr'>iv,</span> <span class='ocrx_word' id='word_1_817' title='bbox 2576 4072 2625 4116; x_wconf 89' lang='lat'>1.</span> 
     </span>
     <span class='ocr_line' id='line_1_113' title="bbox 1577 4131 2629 4195; baseline -0.004 -11"><span class='ocrx_word' id='word_1_818' title='bbox 1577 4137 1642 4184; x_wconf 80' lang='lat'>18</span> <span class='ocrx_word' id='word_1_819' title='bbox 1676 4132 1780 4181; x_wconf 89' lang='lat' dir='ltr'>Nec</span> <span class='ocrx_word' id='word_1_820' title='bbox 1802 4140 2136 4181; x_wconf 85' lang='lat' dir='ltr'>conventurum</span> <span class='ocrx_word' id='word_1_821' title='bbox 2165 4131 2285 4179; x_wconf 81' lang='lat' dir='ltr'>inter</span> <span class='ocrx_word' id='word_1_822' title='bbox 2310 4148 2397 4179; x_wconf 85' lang='lat' dir='ltr'>nos</span> <span class='ocrx_word' id='word_1_823' title='bbox 2434 4134 2629 4195; x_wconf 73' lang='lat' dir='ltr'>posthac</span> 
     </span>
     <span class='ocr_line' id='line_1_114' title="bbox 1577 4195 2627 4261; baseline -0.002 -16"><span class='ocrx_word' id='word_1_824' title='bbox 1577 4212 1680 4245; x_wconf 84' lang='lat' dir='ltr'>esse</span> <span class='ocrx_word' id='word_1_825' title='bbox 1696 4196 1888 4245; x_wconf 79' lang='lat' dir='ltr'>arbitror</span> <span class='ocrx_word' id='word_1_826' title='bbox 1911 4196 2005 4243; x_wconf 86' lang='lat' dir='ltr'>He.</span> <span class='ocrx_word' id='word_1_827' title='bbox 2027 4197 2091 4256; x_wconf 83' lang='lat' dir='ltr'>iv,</span> <span class='ocrx_word' id='word_1_828' title='bbox 2104 4202 2151 4247; x_wconf 79' lang='grc'>4.</span> <span class='ocrx_word' id='word_1_829' title='bbox 2166 4200 2229 4245; x_wconf 75' lang='grc'><strong>37</strong></span> <span class='ocrx_word' id='word_1_830' title='bbox 2258 4195 2471 4251; x_wconf 79' lang='lat' dir='ltr'>Uxorem,</span> <span class='ocrx_word' id='word_1_831' title='bbox 2486 4212 2627 4261; x_wconf 76' lang='lat' dir='ltr'>quam</span> 
     </span>
     <span class='ocr_line' id='line_1_115' title="bbox 1579 4260 2627 4325; baseline -0.001 -17"><span class='ocrx_word' id='word_1_832' title='bbox 1579 4276 1818 4325; x_wconf 80' lang='lat' dir='ltr'>nunquam</span> <span class='ocrx_word' id='word_1_833' title='bbox 1840 4269 1912 4309; x_wconf 88' lang='lat' dir='ltr'>est</span> <span class='ocrx_word' id='word_1_834' title='bbox 1926 4268 2050 4308; x_wconf 77' lang='lat' dir='ltr'>ratus</span> <span class='ocrx_word' id='word_1_835' title='bbox 2069 4262 2265 4325; x_wconf 79' lang='lat' dir='ltr'>posthac</span> <span class='ocrx_word' id='word_1_836' title='bbox 2280 4276 2329 4309; x_wconf 89' lang='lat' dir='ltr'>se</span> <span class='ocrx_word' id='word_1_837' title='bbox 2346 4260 2627 4319; x_wconf 73' lang='lat' dir='ltr'>habitururn,</span> 
     </span>
     <span class='ocr_line' id='line_1_116' title="bbox 1574 4324 2627 4403; baseline 0 -26"><span class='ocrx_word' id='word_1_838' title='bbox 1574 4328 1727 4393; x_wconf 73' lang='lat' dir='ltr'>⁴reddo</span> <span class='ocrx_word' id='word_1_839' title='bbox 1760 4326 1853 4377; x_wconf 85' lang='lat' dir='ltr'>He.</span> <span class='ocrx_word' id='word_1_840' title='bbox 1890 4342 1940 4385; x_wconf 65' lang='lat' dir='ltr'>t,</span> <span class='ocrx_word' id='word_1_841' title='bbox 1956 4330 2089 4387; x_wconf 68' lang='grc'><strong>3.,21</strong></span> <span class='ocrx_word' id='word_1_842' title='bbox 2136 4324 2475 4403; x_wconf 64' lang='lat' dir='ltr'>Nuncsmitte,</span> <span class='ocrx_word' id='word_1_843' title='bbox 2497 4340 2627 4391; x_wconf 61' lang='lat' dir='ltr'>quaea</span> 
     </span>
    </p>
   </div>
  </div>
 </body>
</html>
