3192 4975
643 404 818 472 1598

643 565 788 627 dum,
807 562 946 629 quod
970 560 1166 627 'gaudet
1181 562 1508 627 Pamphilus.
1532 564 1699 614 Dona·

645 646 744 689 tus.

709 720 744 765 7
778 716 860 765 Ito
877 714 1094 778 inquam]
1129 714 1292 766 Quasi
1317 714 1429 777 jam
1453 718 1576 764 ante
1600 712 1705 763 fas·

647 808 751 855 sus,
775 792 914 841 dico.
950 791 1101 839 Idem.

710 870 744 915 8
779 862 902 924 Quis
932 878 1006 913 me
1037 870 1110 914 est
1144 864 1446 925 fortunatior
1482 868 1702 914 vennam-

639 942 799 1005 sieque
820 943 933 989 odeo
953 940 1158 1004 plenior]
1195 940 1282 991 Ob
1305 940 1564 991 beneficia
1602 940 1703 987 Ve-

643 1017 814 1079 neris;
855 1017 939 1085 cui
971 1017 1288 1066 contrarium
1325 1019 1340 1045 ⁴
1361 1013 1704 1075 invenustus,'

645 1092 732 1141 cni
785 1098 970 1142 contra
1023 1091 1289 1155 reciderit,
1351 1091 1491 1157 qnod
1546 1093 1705 1141 amat.

715 1242 1080 1305 Venamisqac
1125 1243 1238 1291 adeo
1295 1240 1504 1307 plenior]
1553 1242 1705 1289 Bene

643 1318 890 1367 Donatus
933 1322 1323 1381 comparatione
1367 1315 1547 1365 similis
1606 1314 1705 1363 loci

645 1392 892 1457 explicat.
901 1392 1006 1441 Sed
1026 1394 1226 1442 Nonius
1248 1393 1530 1442 Marcellus
1553 1405 1705 1455 quor·

645 1482 758 1517 sum
775 1467 1004 1524 excedit,
1021 1482 1138 1517 cum
1159 1473 1441 1517 vetustatem
1456 1466 1539 1516 hic
1557 1465 1705 1515 nobis

645 1558 744 1607 pro
784 1549 1032 1593 venustate
1084 1543 1325 1607 reponit?
1375 1543 1391 1572 ‘
1417 1540 1707 1603 vetustas,'

653 1618 844 1682 inquit,
873 1619 890 1645 ‘
913 1624 972 1667 et
1003 1618 1305 1682 antiquitas,
1328 1618 1410 1666 vel
1435 1614 1583 1679 felix,
1620 1616 1705 1665 vel

643 1696 871 1758 sapiens,
912 1694 996 1744 vel
1037 1701 1306 1744 mansueta
1357 1700 1440 1745 est
1490 1692 1707 1744 habita?

641 1772 924 1821 Terentius
948 1772 1163 1834 Hecyra
1182 1787 1197 1822 ι
1215 1772 1232 1800 ‘
1249 1771 1377 1822 Quis
1394 1786 1478 1820 me
1495 1777 1583 1835 pst
1602 1767 1705 1819 for-

1170 495 1208 510 'Na

645 1847 880 1896 tnnatior
901 1847 1280 1911 vetustatisque
1301 1846 1432 1895 adeo
1455 1845 1657 1907 plenior
1670 1844 1707 1893 Ρ
1766 1872 1773 1877 -

648 1922 770 1971 Non
793 1928 874 1972 est
910 1935 1031 1971 usus
1065 1920 1201 1971 bono
1237 1921 1473 1970 Terentii
1505 1919 1705 1970 codice.

647 2004 742 2049 aut
771 1997 959 2049 habuit
990 1998 1042 2046 in
1077 1996 1247 2049 animo
1282 2011 1360 2048 vs.
1403 2001 1485 2047 18.
1519 1998 1705 2047 Boecze-

645 2088 737 2123 m

645 2224 931 2293 felicitatis.
967 2226 1106 2275 Vide
1130 2226 1264 2274 And.
1286 2231 1392 2276 act.
1408 2239 1446 2274 1.
1481 2239 1555 2274 sc.
1575 2224 1704 2273 5.ad

649 2301 742 2349 illa
765 2318 779 2349 ε
802 2306 819 2329 ⁸
845 2298 1049 2349 Adeon’
1084 2301 1342 2349 hominem
1376 2301 1705 2350 invenustum

650 2388 788 2443 esse,
807 2381 897 2424 aut
919 2372 1184 2423 infelicem
1207 2388 1500 2439 quenquam
1528 2381 1591 2425 ut
1606 2388 1705 2438 ego

645 2462 760 2500 sum
777 2447 816 2497 θ’
849 2446 1318 2500 Μενῐοαεαιιὸοκιιο.

711 2529 764 2573 9.
801 2522 932 2580 Quid
951 2523 1155 2575 donem?
1177 2521 1332 2588 quad?
1363 2524 1706 2590 quidruescio]

644 2597 956 2660 Μελλησμός.
996 2606 1083 2651 nt:
1115 2603 1132 2628 ‘
1152 2601 1407 2662 Pelagine
1446 2602 1594 2652 venis
1624 2617 1706 2652 er-

645 2675 856 2725 roribus
878 2681 1046 2737 actus,
1069 2675 1152 2725 An
1175 2678 1372 2726 monitu
1391 2677 1591 2727 divum:
1638 2693 1705 2726 an

574 2769 581 2772 ·
649 2749 773 2814 quia
809 2754 864 2799 te
899 2747 1112 2800 fortuna
1145 2748 1356 2815 fatigat,
1398 2753 1475 2802 Ut
1525 2755 1705 2802 tristes

643 2825 760 2874 sine
801 2825 910 2874 sole
943 2825 1140 2884 domos,
1178 2827 1298 2877 loca
1333 2827 1560 2891 turbida,
1594 2829 1704 2878 adi·

647 2898 789 2948 res?
822 2900 1061 2951 Donatus.
1105 2939 1109 2944 ,

711 2975 870 3039 Egon’
909 2982 958 3026 te
971 2991 1058 3041 pro
1074 2979 1160 3027 hoc
1175 2980 1348 3028 nuncio
1369 2980 1481 3043 quid
1511 2980 1702 3045 donem]

645 3050 858 3102 Phorm.
903 3059 1006 3102 act.
1028 3069 1079 3102 v·
1129 3067 1270 3106 scen.
1289 3058 1340 3104 7.
1374 3062 1390 3084 ‘
1415 3054 1704 3117 Argentum

645 3125 786 3188 quod
829 3123 992 3175 habes
1037 3126 1386 3178 condonamus
1426 3127 1519 3178 te.’
1573 3129 1703 3178 Mer.

647 3200 970 3250 cambutas.

713 3281 776 3328 11
813 3279 1098 3340 Numaeque
1117 3277 1174 3326 in
1195 3275 1386 3340 nunno]
1417 3276 1586 3340 Magis
1604 3277 1702 3327 sci·

643 3367 705 3403 re
728 3352 858 3418 vult,
875 3367 1030 3417 quam
1055 3367 1238 3402 munus
1256 3352 1514 3416 accipere.
1540 3355 1703 3404 Dom-

654 3433 750 3478 tus.

712 3502 843 3551 Nom
875 3515 1022 3566 neque
1053 3503 1108 3552 in
1143 3503 1330 3564 nuntio,
1360 3516 1506 3566 neque
1540 3502 1594 3551 ia
1630 3515 1705 3552 me

643 3579 747 3641 ipso
793 3577 902 3628 boni
943 3580 1058 3642 quid
1098 3580 1185 3641 sit,
1215 3579 1335 3642 scio]
1367 3580 1558 3640 Facete
1595 3579 1705 3643 agit

643 3653 958 3704 Terentius:
994 3661 1186 3719 quanto
1239 3655 1402 3718 magis
1444 3655 1703 3704 Parmeno

650 3727 886 3778 curiosus
909 3736 1008 3792 cst,
1047 3735 1196 3779 tanto
1219 3730 1386 3792 magis
1407 3729 1577 3780 nescit
1599 3729 1704 3794 illa,

651 3819 767 3870 quae
792 3804 956 3868 cupit.
990 3805 1143 3857 Idem.

711 3880 846 3930 Nom
863 3895 1007 3944 neque
1021 3881 1070 3930 in
1081 3881 1264 3945 nuntio,
1277 3880 1382 3944 &et-J
1403 3880 1701 3930 Monuimus

645 3954 713 4014 ab
735 3955 884 4006 initio
919 3956 1180 4019 peculiare
1196 3949 1345 4022 hujus
1367 3955 1559 4006 fabulas
1578 3955 1701 4003 arti·

644 4027 817 4079 ficium
871 4044 1001 4094 esse,
1055 4032 1213 4080 celari
1263 4031 1517 4096 quedam,
1552 4045 1701 4080 secus

645 4119 798 4169 qnam
821 4104 874 4154 in
893 4106 1006 4155 aliis
1037 4105 1100 4156 fit
1119 4106 1407 4156 comoediis.
1441 4106 1506 4155 Id
1531 4106 1699 4169 poete

641 4178 912 4228 consilinm
935 4183 1072 4230 servi
1104 4182 1253 4246 hujus
1291 4181 1558 4231 curiositas
1580 4183 1701 4232 sub-

645 4252 764 4304 inde
786 4255 1015 4319 laccssit,
1053 4258 1144 4307 sed
1168 4256 1397 4307 frustra:
1438 4257 1475 4307 i.
1490 4271 1538 4307 e.
1581 4272 1701 4308 cou-

635 2164 642 2169 ·
719 2108 1080 2213 &exustumque
1117 2151 1233 2199 odeo
1266 2147 1474 2213 plenior]
1521 2148 1585 2198 Id
1622 2110 1731 2198 est*

1348 420 1564 470 No'rAE
1617 418 2010 471 VARIORUM
2059 422 2139 504 {N

1776 566 2008 627 spectius
2030 562 2225 615 reddit.
2248 562 2354 621 Sed
2378 562 2495 612 hoec
2514 562 2685 612 omnia
2706 577 2739 612 a
2758 572 2837 612 vu.

1774 646 1825 690 9.
1848 656 2006 704 usque
2029 641 2095 690 ad
2115 645 2196 690 39.
2218 640 2305 689 Fr.
2332 639 2569 702 Guyetns
2592 652 2695 688 una
2716 640 2837 687 litu·

1775 730 1835 765 ra
1868 715 2032 766 delet.
2096 716 2169 765 Et
2192 721 2312 764 aunt
2345 728 2467 763 saue
2496 714 2551 762 in
2587 713 2683 773 his,
2715 728 2836 777 quae

1775 803 1927 839 nemo
1951 791 2223 854 quisquam
2257 790 2507 839 hactenus
2539 788 2837 852 explicave-

1774 864 1863 928 rit,
1882 872 1972 913 aut
1990 865 2345 929 explicaturus
2367 862 2507 913 forte
2524 863 2651 912 satis
2672 863 2743 913 sit
2780 862 2834 912 in

1775 945 2063 1003 posterum.
2084 952 2183 989 uec
2206 937 2479 988 sententiae
2504 942 2727 999 tantum,
2742 936 2836 987 sed

1775 1019 1833 1063 ct
1866 1027 2099 1077 personae
2118 1013 2535 1063 commiscentur.
2568 1012 2835 1062 Βαναία-ιε.

1842 1089 2009 1151 Neque
2038 1088 2093 1137 in
2123 1090 2313 1151 nuncio,
2348 1102 2495 1152 neque
2526 1088 2580 1137 in
2608 1102 2683 1137 me
2712 1087 2833 1151 ipso,

1772 1162 1867 1212 tibi
1900 1164 2008 1213 boni·
2030 1165 2143 1227 quid
2162 1165 2248 1226 sie,
2270 1164 2389 1226 scio]
2437 1161 2607 1212 Andr.
2638 1167 2743 1213 act.
2769 1176 2838 1214 ιι.

1776 1252 1849 1289 sc.
1872 1244 1919 1289 1.
1971 1242 1987 1269 ‘
2008 1242 2123 1303 Ego
2147 1240 2368 1291 Charine
2391 1240 2695 1304 neutiquam
2720 1236 2833 1289 offl-

1776 1316 1913 1364 cium
1944 1315 2093 1366 liberi
2128 1330 2244 1365 esse
2281 1314 2501 1364 hominis
2534 1311 2680 1378 puto,
2702 1315 2835 1364 cum

1775 1391 1818 1439 is
1840 1390 1968 1439 nihil
1992 1395 2303 1453 promereat,
2340 1388 2589 1452 postulari
2624 1388 2675 1436 id
2715 1402 2831 1452 gra-

1776 1468 1865 1517 tiae
1890 1468 2079 1531 apponi
2096 1467 2229 1517 sibi!
2260 1468 2390 1517 Mer.
2416 1466 2733 1515 Carnabonta.

1842 1546 1907 1593 16
1944 1545 1989 1593 0
2009 1543 2231 1606 Bacchis,
2254 1558 2281 1592 ο
2298 1556 2405 1592 meu
2428 1541 2651 1604 Bacchis,
2672 1542 2829 1589 mo·

1772 1619 1881 1667 trix
1908 1618 2033 1681 mea]
2066 1620 2213 1668 Bene
2257 1617 2489 1667 additum
2530 1622 2636 1678 est,
2672 1630 2835 1665 seruo-

1775 1694 1880 1743 trix
1897 1708 2020 1743 meo.
2053 1694 2125 1744 Et
2143 1708 2265 1754 meo,
2305 1691 2445 1757 quod
2486 1704 2653 1755 supra
2674 1690 2833 1753 dixit,

1776 1770 2022 1818 amatoris
2044 1757 2157 1819 εει(
2176 1769 2413 1818 Donatus.

1840 1847 1903 1892 17
1938 1844 2106 1893 Factis
2122 1849 2179 1892 nt
2193 1846 2399 1905 wedam,
2411 1842 2567 1905 sacis]
2604 1839 2835 1890 Difficile

1776 1918 1915 1966 enim
1937 1924 2051 1967 erat
2074 1918 2306 1978 credere,
2328 1917 2409 1967 his
2428 1916 2585 1967 rebus
2604 1916 2833 1979 gaudere

1774 1993 2119 2045 meretricem.
2142 1994 2295 2045 Idem.
2654 1988 2659 1993 ’

1841 2068 2024 2131 Paetis,
2044 2076 2099 2119 ut
2118 2072 2322 2133 credam,
2341 2070 2493 2136 focis]
2527 2070 2666 2121 Olim
2712 2085 2831 2121 cum

1775 2144 1953 2194 laetum
1976 2145 2171 2210 aliquid
2216 2145 2373 2195 alicui
2414 2146 2831 2209 gratulabantur.

1776 2228 1833 2271 et
1856 2220 2083 2285 gaudere
2121 2236 2176 2270 se
2200 2222 2397 2271 solenni
2412 2220 2655 2273 Aoi-mula
2678 2219 2829 2284 profi·-

1777 2297 2038 2358 tebantnr,
2054 2297 2404 2361 respondebat
2426 2299 2536 2359 ille,
2558 2299 2640 2348 cui
2656 2304 2832 2359 gratu-

1775 2371 2020 2422 labantur
2046 2388 2062 2433 3
2090 2374 2608 2436 credo,vel,creditur.
2642 2373 2833 2435 Supra,

1780 2452 1883 2499 act.
1906 2461 1995 2498 ιιι.
2032 2462 2107 2498 sc.
2137 2454 2184 2499 5.
2216 2453 2231 2477 ⁴
2256 2449 2401 2498 Bene
2423 2447 2621 2500 factum
2659 2454 2714 2498 tc
2741 2448 2833 2500 ad-

1778 2523 1981 2573 venisse
2018 2523 2311 2586 Pamphile,
2346 2522 2521 2589 Atque
2544 2523 2695 2584 adeo,
2732 2526 2835 2577 ὅτε.

1779 2597 1843 2646 P.
1868 2598 2148 2648 Creditur!
2205 2600 2415 2650 Phorm.
2453 2607 2557 2649 act.
2574 2614 2642 2648 11.
2683 2615 2756 2650 sc.
2786 2604 2834 2650 1.

1780 2681 1795 2702 ⁶
1817 2673 1894 2722 Mi
1918 2680 2122 2737 patrue,
2144 2675 2299 2724 salve.
2322 2677 2517 2724 salvum
2552 2675 2801 2727 advenire
2819 2675 2835 2698 ’

1776 2748 2024 2814 (gaudeo,
2062 2751 2174 2800 scil.
2212 2750 2331 2800 vide
2369 2751 2467 2814 ibi)
2500 2752 2515 2779 ⁴
2540 2751 2608 2802 D.
2640 2751 2837 2801 credo.’

1777 2823 1920 2874 Alibi
1942 2841 2145 2891 quoque
2163 2827 2401 2890 exempla
2438 2826 2833 2878 observantibus

1776 2909 2072 2951 occurrent.
2106 2902 2212 2951 Hic
2250 2903 2407 2967 igitur
2449 2915 2567 2952 cum
2605 2903 2832 2954 Bacchis

1774 2975 1927 3025 solita
1964 2974 2184 3026 formula
2217 2977 2491 3041 Pamphilo
2526 2977 2831 3029 felicitatem

1776 3065 1921 3100 suam
1944 3052 2314 3115 gratularetur,
2332 3067 2437 3102 non
2459 3060 2737 3103 contentus
2768 3054 2831 3103 il·

1777 3126 1826 3174 ie
1880 3125 2105 3189 simplici
2161 3128 2514 3192 responsione,
2580 3129 2598 3156 ‘
2620 3128 2829 3180 Credo:

1774 3200 1929 3250 factis
1946 3201 1960 3224 '
1993 3201 2213 3267 (inquit)
2232 3203 2249 3231 ‘
2276 3209 2331 3252 ut
2355 3204 2565 3253 credam
2587 3202 2755 3255 facis.'
2774 3220 2825 3270 q.

1775 3279 1827 3329 d.
1848 3277 1905 3327 Si
1928 3279 2015 3326 alii
2045 3278 2333 3336 crederem,
2372 3286 2465 3328 aut
2496 3280 2711 3330 credere
2745 3296 2830 3331 me

1776 3354 1959 3403 saltem
1994 3369 2091 3418 pro
2126 3368 2268 3403 more
2313 3355 2697 3418 responderem,
2740 3357 2829 3422 qui

1775 3443 1832 3479 se
1855 3430 2078 3492 gaudere
2100 3430 2463 3494 profiteretur-3
2502 3437 2693 3496 quanto
2722 3446 2831 3482 rna·

1776 3506 1856 3570 gis
1880 3505 1996 3570 tibi,
2016 3507 2102 3556 cui
2136 3507 2457 3571 potissimum
2496 3507 2661 3556 debeo
2694 3507 2829 3557 lianc

1772 3578 2099 3644 felicitatem,
2150 3597 2302 3647 quam
2360 3581 2481 3631 mihi
2521 3582 2831 3644 gratularis?

1776 3654 1908 3706 Haec
1931 3669 2057 3706 vera
2077 3656 2179 3706 loci
2214 3657 2494 3718 sententia,
2515 3671 2666 3721 quam
2690 3657 2832 3707 Don.

1774 3743 1877 3778 non
1913 3736 1997 3779 est
2038 3738 2321 3781 assecutus.
2362 3730 2503 3780 Hinc
2543 3731 2703 3780 etiam
2737 3732 2829 3780 iux

1774 3815 1877 3854 non
1900 3807 1990 3855 uui
2011 3806 2188 3855 Plauti
2212 3805 2346 3867 loco,
2367 3806 2420 3854 in
2442 3805 2642 3855 Sticho.
2680 3805 2832 3856 Anti-

1774 3879 1877 3944 pho
1898 3893 2077 3944 senex,
2112 3881 2479 3945 Pamphilippo
2508 3881 2829 3931 adolescenti

1774 3957 1924 4007 solita
1949 3956 2170 4007 formula
2190 3959 2497 4007 incolumem
2526 3957 2751 4007 reditum
2774 3957 2828 4007 in

1774 4031 1996 4094 patriam
2035 4034 2323 4095 gratulatur
2346 4049 2361 4083 z
2443 4038 2459 4060 ⁶
2484 4032 2568 4081 Ita
2610 4045 2691 4080 me
2735 4031 2829 4082 Dii

1775 4106 1911 4157 bene
1934 4107 2144 4170 ament‚'
2180 4111 2278 4159 dcc.
2319 4107 2603 4170 respondet
2624 4106 2730 4162 ille,
2742 4106 2825 4169 jo-

1773 4196 1915 4245 cose,
1944 4183 1961 4212 ‘
1984 4182 2121 4234 Satis
2134 4184 2227 4234 ab·
2260 4190 2317 4233 te
2336 4182 2607 4245 accipiam,
2629 4179 2729 4230 nisi
2750 4181 2829 4230 vi·-

1774 4257 1923 4309 dcam
1958 4260 2083 4311 mihi
2106 4265 2159 4310 te
2180 4259 2399 4309 amicum
2419 4271 2537 4306 csse
2556 4255 2823 4319 Antipho:
