3192 4975
629 420 800 487 1710
1296 406 1703 469 1111011118113
1753 410 2185 461 eni-monum

625 584 810 643 diana
839 566 1020 636 1736:
1058 562 1263 627 Urbini
1291 564 1472 625 edita.
1515 562 1592 623 Et
1638 558 1911 620 videntur
1960 548 2185 615 eoedein
2212 551 2449 611 lamina
2500 547 2802 623 adhibitae,

629 696 766 758 quae
795 674 970 733 dictoe
997 663 1236 727 editioni
1255 665 1378 742 jam
1407 659 1748 720 inserviere.
2230 688 2241 699 .
2466 712 2475 729 ἱ

716 772 871 833 1774
912 765 1070 845 Lips.
1099 782 1174 821 ex
1199 780 1319 821 ree.
1351 752 1799 833 Lindenbrogii,
1818 770 1873 811 c.
1898 746 2093 829 ejusd.
2122 747 2277 807 Mas.
2320 744 2585 804 leem-et
2620 740 2800 801 obss.

631 879 809 948 atque
855 865 1013 923 Don.
1071 860 1254 938 Eugr.
1311 865 1373 915 et
1423 852 1638 932 Calph.
1684 844 2235 924 Comm.-integris.
2278 834 2710 901 ‘AcanentL-
2738 847 2797 899 et

632 962 844 1025 Faerni
871 960 1036 1019 lectt.
1088 976 1158 1015 ac
1203 953 1557 1033 conjecturoe
1608 964 1837 1018 omnes,
1886 942 1997 1005 sed
2022 943 2083 1002 in
2122 958 2315 1019 comp.
2362 936 2640 1009 redactoe,
2670 937 2808 995 item

629 1055 924 1119 Westerh.
940 1054 1002 1113 in
1029 1050 1394 1111 Scholiastas
1418 1048 1583 1107 lectt.
1613 1062 1685 1104 ac
1712 1041 2092 1121 conjecturae,
2112 1036 2329 1116 quibus
2352 1045 2413 1094 et
2440 1052 2581 1093 suas
2604 1050 2805 1111 asper-

633 1159 710 1218 sit
739 1155 827 1215 M.
857 1154 918 1213 J.
947 1152 1083 1209 Car.
1115 1146 1389 1217 Zeunius,
1416 1142 1536 1223 adj.
1567 1139 1746 1201 Indd.
1776 1141 1837 1199 in
1855 1133 2304 1198 Dum-Bentleii
2330 1132 2391 1191 in
2418 1131 2554 1189 Ter.
2582 1140 2643 1189 et
2664 1126 2809 1185 Zeu-

630 1252 710 1311 nii
751 1254 810 1309 in
839 1247 1152 1325 scriptores
1181 1243 1240 1301 in
1271 1241 1470 1303 Schol.
1501 1239 1725 1299 obvim.
1774 1241 1812 1296 2
1838 1234 2003 1296 Voll.
2036 1236 2095 1295 8.
2128 1231 2331 1293 Editio
2352 1230 2415 1289 in
2442 1244 2621 1307 quam
2648 1225 2805 1307 prioss

631 1367 760 1409 rum
787 1348 944 1405 bona
967 1349 1274 1419 congesta,
1303 1356 1494 1417 eoque
1515 1330 2023 1396 commendabilis.
2116 1390 2123 1395 ,
2172 1344 2203 1375 ··

717 1474 794 1491 ο·-
824 1438 1090 1499 Norimb.
1123 1439 1220 1497 12.

714 1536 926 1598 AEtatis
951 1533 1124 1615 hujus
1153 1530 1442 1593 editiones
1473 1536 1613 1590 sunt
1640 1530 1740 1587 58.

637 2232 646 2242 .
730 2186 1150 2254 ΗΑοτΒΝυε
1182 2180 1548 2267 Bipontini.
1609 2179 1986 2247 Editionem
2016 2178 2599 2266 principem'(quae
2618 2181 2705 2244 ab
2736 2179 2821 2243 iis

643 2284 950 2369 vocatur)
977 2304 1148 2349 anno
1198 2289 1629 2349 annumerant
1654 2284 1849 2348 1469.
1891 2282 2037 2361 sed,
2082 2302 2235 2347 cum
2268 2283 2527 2349 Hatius
2582 2300 2825 2360 annum

637 2406 844 2453 manu
891 2387 1238 2471 appictum
1261 2392 1476 2469 putet,
1523 2386 1669 2450 sine
1698 2404 1887 2450 anno
1936 2386 2166 2470 potius
2210 2384 2607 2470 accipienda
2646 2382 2830 2449 vide-

641 2497 783 2571 tur·;
837 2509 1050 2572 eoque
1095 2489 1308 2572 magis
1347 2488 1487 2554 ista
1525 2488 1731 2555 editio
1775 2489 1901 2554 sub
1946 2489 2155 2554 dubio
2198 2507 2353 2554 esse
2398 2488 2627 2565 debet,
2672 2476 2831 2570 quin

647 2591 1016 2657 secundum
1046 2590 1396 2656 chevalier
1431 2590 1647 2656 d'Elci
1676 2611 1806 2656 non
1844 2591 2195 2675 pauciores
2223 2609 2426 2676 quam
2453 2588 2832 2674 quindecim

645 2693 973 2758 editiones
1019 2695 1342 2777 antiquae,
1383 2714 1665 2778 quarum
1710 2696 1865 2778 ipse
1912 2695 2261 2760 duodecim
2306 2690 2640 2776 possedit,
2687 2691 2831 2754 sine

648 2813 822 2859 anno
875 2795 1304 2860 numerandae
1351 2801 1527 2861 sunt.
1615 2795 1758 2861 Vix
1799 2795 2000 2879 igitur
2042 2795 2245 2860 statui
2272 2799 2497 2879 potest
2524 2811 2834 2878 quaenam

645 2899 816 2962 inter
843 2917 960 2962 eas
1005 2899 1095 2962 sit
1123 2896 1334 2961 editio
1362 2898 1701 2981 princepe,
1746 2915 1961 2981 neque
2006 2895 2117 2961 est
2156 2889 2353 2981 hujus
2388 2895 2528 2961 loci
2571 2894 2837 2980 perqui-

645 3017 811 3064 rere.
901 2997 977 3063 Si
1027 2999 1179 3083 quis
1209 3018 1364 3063 vero
1405 3000 1578 3063 hanc
1606 3019 1742 3063 rem
1775 2999 2108 3064 curiosius
2138 3000 2303 3064 velit
2330 2999 2632 3076 scrutari,
2650 3003 2659 3008 '
2677 3017 2835 3063 con-

649 3099 831 3166 sulat
862 3099 1134 3176 Harles.
1180 3099 1427 3165 Introd.
1457 3101 1528 3162 in
1574 3097 1789 3164 Notit.
1818 3097 1951 3164 Lit.
1992 3098 2191 3164 Rom.
2244 3099 2550 3186 ejusdem
2592 3099 2837 3184 Suppl.

652 3201 742 3266 ad
787 3201 984 3267 Brev.
1019 3201 1236 3265 Notit.
1282 3206 1351 3264 et
1393 3199 1712 3266 Biblioth.
1758 3199 2077 3282 Spencer.
2105 3192 2241 3266 vol.
2273 3219 2358 3266 11.
2402 3221 2471 3284 p.
2498 3201 2652 3265 400.
2682 3199 2835 3284 s'qq.

651 3303 728 3368 Si
754 3303 908 3384 quis
938 3302 1141 3366 etiam
1164 3307 1348 3384 petat
1371 3301 1847 3384 argumentum,
1865 3302 2040 3387 quod
2071 3304 2445 3382 editionem,
2476 3304 2837 3368 secundum

653 3403 1072 3486 Bipontinos,
1105 3404 1296 3468 1470.
1323 3403 1573 3466 nullam
1608 3403 1811 3487 aliam
1841 3425 1995 3470 esse
2024 3426 2224 3489 quam
2254 3407 2616 3496 editionem
2642 3405 2838 3494 1481„

653 3524 696 3569 a
715 3502 1095 3587 Bipontinis
1119 3524 1321 3588 supra
1347 3511 1670 3583 notatam,
1702 3498 1975 3587 statuat,
1991 3507 2195 3594 adeat
2218 3507 2495 3594 eandem
2512 3489 2838 3580 Biblioth.

656 3607 975 3690 Spencer.
1008 3606 1140 3670 vol.
1177 3593 1352 3690 ujp.
1382 3608 1537 3672 402.
1576 3615 1713 3694 not.
1844 3593 1877 3692 J
2024 3665 2034 3680 ,
2079 3686 2087 3694 ἱ
2384 3681 2391 3688 ,

649 3765 656 3774 .
719 3707 972 3796 ⁸Variae
1018 3707 1350 3773 editiones
1384 3707 1927 3797 Mediolanenses
1952 3711 2285 3793 evulgatae
2317 3717 2473 3776 sunt
2517 3731 2679 3780 soec.
2704 3729 2837 3776 xv·

653 3829 931 3896 quarum
957 3811 1291 3874 nonnullae
1343 3807 1653 3890 effugisse
1696 3810 2001 3885 videntur
2030 3805 2455 3896 BipontinoS,
2500 3833 2739 3898 nempe
2772 3834 2837 3881 a.

654 3911 855 3976 1472.
899 3910 1010 3988 sol.
1057 3917 1127 3973 et
1177 3909 1374 3974 1492.
1420 3915 1488 3973 et
1507 3909 1709 3984 1496.
1754 3911 1867 3976 fol.
1896 3932 2051 3978 cum
2098 3923 2455 3982 comment.
2497 3917 2665 3981 AElii
2696 3917 2836 3984 Do·-

651 4013 818 4090 nati,
845 4033 962 4095 pet
992 4011 1262 4080 Ulderic
1294 4010 1703 4091 Zeinzeller.;
1722 4012 1884 4079 ,alia
1913 4014 2119 4078 etiarn
2147 4017 2585 4100 typis÷Zeroti
2608 4018 2795 4084 1481.

741 4113 1126 4192 Terentius,
1173 4133 1226 4178 s.
1259 4131 1321 4177 a.
1351 4111 1400 4177 1.
1444 4118 1511 4175 et
1548 4113 1813 4180 nomine
1856 4115 2305 4199 impressoris,
2340 4121 2482 4187 4to.
2514 4115 2837 4186 Biblioth‘.

659 4215 968 4297 Spencer.
1043 4215 1221 4281 Duae
1247 4213 1359 4294 vel
1391 4219 1521 4282 tres
1549 4214 1701 4284 aliae
1729 4214 1918 4282 editt.
1941 4217 2015 4282 in
2044 4220 2289 4290 celebii
2310 4220 2441 4288 hoc
2463 4221 2735 4302 Museo,
2760 4227 2832 4293 ut
