3192 4975
591 464 722 514 010
807 464 814 474 '

593 612 804 665 conflatu?
817 618 889 659 est
916 604 1010 657 Eu.
1031 624 1080 667 v,
1101 610 1156 658 2:
1168 613 1232 659 35
1263 607 1363 667 Qui
1387 609 1459 656 uti
1475 608 1580 666 scit,
1596 610 1643 657 ei

593 682 754 727 bonu:
788 676 874 732 ini,
910 676 992 738 qni
1025 690 1120 722 non
1163 674 1307 722 utitur
1341 683 1482 730 recte,
1521 675 1643 722 mala

595 744 721 793 Hea.
743 743 775 798 i,
797 746 846 791 2.
866 744 932 788 22
980 738 1049 787 Ut
1069 746 1116 787 te
1139 754 1302 786 omnes
1321 738 1407 795 Di,
1431 738 1643 803 Deaeqne

594 808 728 857 malis
767 804 994 853 exem‘lis
1035 804 1263 867 perdant!
1289 804 1401 852 Ph.
1435 804 1501 859 iv,
1529 808 1579 852 4.
1610 809 1643 853 7

593 872 765 935 Pejor-e
795 884 868 917 rer
915 882 1002 916 oco
1037 882 1132 916 non
1168 875 1322 931 potent
1353 882 1470 924 esse,
1502 883 1643 931 quam

593 936 692 985 Ad.
712 934 782 989 iii,
803 937 854 983 2.
875 936 941 982 46
987 931 1146 981 Alium
1179 946 1274 980 rem
1309 948 1366 980 ex
1401 932 1493 980 alia
1513 933 1643 995 cogi·

590 1009 710 1054 ture.
731 1006 782 1046 et
799 1012 858 1047 ea
879 997 928 1045 in
949 996 1157 1061 pejorem
1179 1004 1354 1060 partem
1389 996 1481 1048 Eu.
1504 996 1571 1053 ἰν,
1593 1002 1646 1047 2.

590 1069 625 1116 4
671 1064 862 1126 Rupere
881 1062 931 1109 in
953 1061 1162 1124 pejorem
1183 1069 1360 1125 partem
1392 1062 1488 1109 Ad.
1515 1060 1644 1109 Prol.

593 1134 625 1179 3
679 1125 858 1177 Melius
880 1128 1046 1191 peju23
1079 1126 1242 1189 pro-it,
1271 1125 1396 1173 obsit
1427 1125 1549 1173 Heu.
1577 1126 1645 1189 iv,

594 1198 644 1243 1.
668 1196 732 1242 30
787 1192 1013 1239 Pessum&
1045 1192 1144 1238 hac
1181 1197 1253 1238 est
1275 1190 1485 1238 meretrix
1519 1189 1643 1237 Heu.

593 1257 663 1314 iii,
684 1256 731 1306 3.
750 1259 816 1306 38
865 1254 1019 1303 Hem!
1064 1254 1180 1319 quid
1219 1254 1355 1311 dixti,
1389 1256 1640 1317 pessuma?

591 1322 685 1370 Eu.
705 1337 753 1377 v,
773 1324 823 1370 7.
847 1324 912 1369 16
961 1318 1112 1367 Immo
1143 1318 1193 1366 id
1231 1327 1304 1367 est
1323 1334 1470 1382 genus
1490 1318 1643 1367 homi-

591 1402 704 1435 num
727 1385 977 1449 pessimum
1009 1385 1073 1433 A.
1093 1383 1162 1445 iv,
1184 1388 1230 1432 1.
1251 1389 1284 1431 5
1604 1410 1611 1415 -

658 1451 886 1499 Mamma.
950 1448 1054 1496 Tuo
1075 1448 1256 1512 nepoti,
1277 1445 1418 1509 hujus
1438 1448 1534 1494 filio
1557 1448 1643 1495 bo-

592 1515 673 1564 die
697 1514 890 1578 primam
913 1528 1156 1561 mammam
1179 1512 1316 1560 dedit
1343 1512 1444 1559 haec
1475 1512 1573 1577 Ati.
1596 1528 1646 1575 v,

659 1642 976 1707 mancipium.
1043 1640 1175 1717 quid
1214 1640 1399 1689 videtur
1431 1642 1524 1689 hoc
1555 1641 1643 1690 tibi

591 1706 1282 1821 333222321323221222
1315 1706 1645 1827 {55231051142

655 1836 858 1885 Mando.
906 1835 1042 1883 Bon:
1057 1842 1214 1882 nostru
1234 1836 1334 1883 haec
1355 1843 1449 1881 tuae
1471 1836 1643 1882 mando

593 1900 704 1949 fidei
736 1899 800 1948 A.
833 1900 867 1955 i.
889 1907 937 1949 5.
958 1904 1020 1949 61
1073 1898 1200 1947 Huic
1221 1899 1433 1958 mandes,
1466 1900 1504 1945 si
1525 1900 1641 1963 quid

590 1974 717 2013 recte
737 1972 949 2013 curatum
986 1963 1101 2011 velis
1134 1961 1230 2011 Ad.
1253 1963 1324 2019 iii,
1345 1967 1393 2011 8.
1418 1966 1498 2011 18.
1549 1964 1639 2011 Ph.

589 2030 659 2086 iv,
679 2035 730 2079 4.
754 2033 786 2079 8
837 2026 985 2077 8αῑίιι’
1020 2029 1114 2079 hoc
1133 2027 1403 2075 mundatum
1431 2035 1503 2075 est
1521 2026 1643 2075 tibi?

593 2092 685 2141 Eu.
705 2094 761 2151 ii,
783 2098 830 2143 1.
850 2098 883 2143 2

656 2158 824 2207 Mane.
899 2157 1216 2207 Observabam
1267 2170 1406 2204 mane
1457 2154 1645 2203 illorum

592 2224 797 2271 servulos
829 2222 894 2273 A.
929 2224 963 2284 i,
987 2228 1034 2271 1.
1055 2226 1118 2271 56
1173 2220 1242 2268 Ut
1273 2220 1462 2268 nunties
1503 2223 1641 2282 patri,

591 2286 846 2338 advocatus
867 2302 1006 2334 mnne
1026 2285 1141 2333 mihi
1171 2300 1272 2333 esse
1295 2291 1347 2331 ut
1380 2284 1643 2332 meminerit

591 2350 686 2400 Eu.
709 2352 761 2406 ii,
785 2355 835 2400 8.
855 2355 922 2399 48
959 2349 1214 2411 Nunquam
1235 2356 1331 2421 jam
1353 2364 1490 2397 mane
1511 2364 1641 2410 egre-

591 2415 698 2463 dior
729 2414 852 2463 Heu.
875 2415 909 2469 i,
939 2417 980 2461 l.
1005 2418 1064 2461 15
1113 2412 1181 2459 Te
1211 2412 1350 2459 miror
1371 2420 1639 2469 tam‘mane,

593 2479 694 2527 beri
727 2478 814 2543 qui
847 2484 1031 2525 tantum
1070 2474 1240 2524 biberis
1283 2475 1405 2524 Heu.
1439 2476 1512 2533 iii,
1532 2481 1584 2526 2.
1608 2481 1639 2526 8

595 2543 712 2592 Cm
741 2557 876 2590 mnne
906 2548 1146 2605 argentum
1168 2540 1282 2588 mihi
1303 2539 1436 2588 miles
1457 2543 1567 2589 dare
1589 2557 1640 2590 se

591 2608 718 2656 dixit
749 2603 841 2657 Ph.
863 2606 938 2661 iii,
957 2610 1005 2656 ²·
1025 2609 1091 2654 46

656 2673 853 2722 Manen.
916 2671 1096 2718 Maneo
1150 2665 1214 2716 A.
1252 2669 1305 2722 ii.
1335 2673 1384 2718 2.
1414 2673 1482 2720 26
1533 2669 1637 2734 Ego

593 2733 703 2786 'vero
725 2751 892 2785 maneo
925 2735 1017 2785 Eu.
1039 2751 1087 2795 v,
1108 2738 1156 2784 2.
1177 2739 1240 2783 55
1277 2733 1408 2790 Quin
1427 2750 1517 2798 ego
1540 2751 1641 2782 mu·

592 2818 685 2852 neo
715 2801 838 2852 Heu.
860 2801 927 2857 iv,
947 2805 996 2849 4.
1022 2804 1080 2848 15
1128 2798 1358 2855 Quamvis
1377 2798 1519 2846 etiam
1539 2815 1635 2847 mn·

591 2882 684 2915 neo
705 2867 880 2914 otiosus
911 2863 987 2912 hic
1021 2849 1116 2912 Ad.
1137 2863 1190 2919 ii,
1210 2867 1259 2912 4.
1285 2868 1366 2912 15·
1401 2863 1555 2920 Adeo,
1578 2879 1639 2910 an

591 2947 778 2988 maneo,
799 2931 912 2978 dum
932 2929 949 2976 ?
984 2928 1076 2977 Ph.
1098 2944 1145 2985 v.
1168 2931 1215 2976 l.
1237 2932 1299 2977 10
1337 2927 1486 2976 Mane
1507 2929 1639 2984 dum,

590 2997 752 3044 sodes.
803 2993 911 3042 Par.
949 2993 1126 3040 Muneo
1170 2991 1264 3040 He.
1298 3008 1347 3047 v,
1369 2997 1417 3043 4.
1437 2997 1468 3040 5
1525 2991 1639 3038 Non

589 3059 786 3107 manes?
819 3059 910 3108 Ph.
935 3075 983 3118 v,
1005 3062 1057 3107 6.
1075 3061 1108 3106 9
1139 3055 1209 3103 At
1228 3065 1424 3112 matura,
1447 3057 1558 3103 dum
1583 3057 1641 3104 li-

589 3124 706 3172 bido
747 3125 913 3172 eadem
954 3124 1055 3170 haec
1097 3129 1256 3168 manet
1307 3121 1398 3183 Pb.
1431 3121 1495 3177 iv,
1526 3126 1574 3168 5.
1605 3125 1637 3170 4

586 3188 779 3246 Paucae,
802 3203 910 3251 quae
921 3184 1096 3236 circum
1110 3184 1240 3233 illam
1256 3193 1428 3241 esseut,
1447 3193 1641 3233 manent

587 3251 682 3300 Eu.
704 3253 772 3314 iii,
790 3257 842 3300 5.
861 3255 924 3300 33
979 3249 1090 3297 Non
1128 3250 1346 3296 manebat
1365 3258 1478 3296 aetns
1499 3250 1639 3312 virgi-

588 3317 662 3364 nis
685 3331 834 3363 meam
857 3313 1190 3378 negligentiam
1223 3313 1314 3362 Ph.
1338 3313 1402 3371 iv,
1421 3319 1467 3362 1.
1487 3317 1519 3361 4
1553 3314 1637 3361 In·

589 3379 712 3428 vitat
731 3379 872 3428 tristis
889 3395 905 3427 t
940 3379 1105 3425 mansit
1136 3376 1228 3428 Eu.
1251 3378 1318 3433 iv,
1342 3382 1433 3427 1.8
1465 3379 1639 3426 Mane-

589 3443 686 3490 bo:
719 3459 782 3491 ne
823 3443 952 3508 quod
988 3449 1190 3490 vostrum
1213 3455 1410 3490 remorer
1430 3457 1637 3490 commo-

585 3509 703 3556 dum
735 3506 800 3556 A.
819 3508 887 3565 iv,
909 3513 957 3558 3.
972 3511 1036 3556 24
1069 3506 1171 3568 Ego
1193 3521 1268 3554 rus
1291 3507 1388 3566 ibo,
1411 3514 1552 3571 atque
1567 3507 1638 3556 ibi

587 3574 787 3622 manebo
821 3572 915 3622 Eu.
937 3572 990 3629 ii,
1015 3577 1060 3619 1.
1085 3575 1146 3619 10
1200 3570 1331 3627 Quid
1373 3572 1512 3619 istic?
1551 3571 1638 3635 sy.

587 3637 810 3686 Manebit
855 3637 979 3686 Heu.
1005 3635 1055 3692 ii,
1077 3640 1127 3685 3.
1151 3638 1250 3684 139
1299 3635 1448 3684 Mane
1479 3635 1545 3683 A.
1566 3636 1634 3696 iv,

589 3707 640 3751 1.
655 3706 738 3752 ⁸4.
772 3702 865 3749 Eu.
885 3702 948 3757 iv,
970 3705 1021 3751 6.
1043 3704 1123 3750 26.
1139 3703 1222 3748 27.
1254 3700 1323 3755 ἰν.
1333 3705 1381 3750 7.
1403 3705 1478 3748 18.
1511 3699 1635 3751 Heu.

590 3766 644 3830 ii,
663 3771 712 3816 3.
731 3771 816 3816 m.
849 3784 900 3825 ν,
923 3772 968 3816 1.
994 3770 1072 3815 17.
1105 3763 1205 3815 Ad.
1223 3779 1269 3821 ν,
1289 3769 1338 3813 8.
1359 3768 1440 3814 34.
1473 3763 1567 3814 He.
1589 3780 1636 3826 v,

588 3835 636 3883 1.
659 3836 720 3883 18
755 3831 908 3879 Hem!
944 3838 1007 3885 st,
1029 3843 1164 3876 mune
1197 3827 1258 3874 A.
1279 3828 1406 3884 iv,l.
1428 3833 1494 3877 59
1523 3828 1637 3876 Mn-

585 3911 679 3945 ne:
713 3911 828 3944 cave
859 3895 921 3944 A.
943 3894 1009 3948 iv,
1029 3898 1077 3942 4.
1099 3898 1162 3942 21
1194 3891 1303 3940 Tibi
1321 3892 1542 3956 equidem
1560 3893 1637 3940 di·

585 3975 662 4018 co,
699 3975 838 4008 mane
870 3959 961 4007 Eu.
981 3959 1034 4022 ii,
1055 3961 1102 4005 3.
1125 3961 1188 4007 87
1244 3956 1392 4019 Apud
1431 3971 1518 4004 nos
1553 3957 1635 4006 hic

585 4041 740 4082 mane,
775 4026 888 4072 dum
921 4023 1011 4071 Eu.
1034 4021 1108 4080 iii,
1129 4026 1178 4071 3.
1201 4025 1265 4071 28
1311 4020 1384 4066 Tu
1405 4019 1516 4068 istic
1539 4035 1637 4068 mu-

585 4103 646 4137 ne
677 4089 770 4138 Eu.
791 4106 838 4146 v,
860 4093 908 4139 2.
929 4093 993 4138 70
1047 4086 1196 4134 Mane
1217 4100 1228 4131 =
1258 4086 1368 4139 hoc.
1391 4087 1520 4148 quod
1541 4099 1637 4132 σω.

585 4153 656 4214 pi,
677 4153 875 4216 primum
897 4166 1104 4201 enarrem
1137 4149 1258 4197 Heu.
1283 4149 1336 4210 ii,
1353 4154 1403 4199 3.
1425 4153 1490 4198 32
1522 4149 1636 4196 Ma-

584 4230 666 4272 ne,
707 4217 869 4264 mnne!
926 4216 1048 4264 Heu.
1075 4214 1147 4271 iii,
1179 4219 1228 4262 3.
1251 4217 1333 4262 52.
1387 4213 1456 4274 ἰν,
1484 4218 1533 4262 4.·
1557 4218 1643 4263 14.

584 4277 681 4327 Ad.
705 4280 760 4340 ii,
779 4285 826 4328 3.
847 4284 906 4329 11
957 4278 1202 4342 Paulisper
1221 4293 1360 4326 mane
1391 4278 1486 4326 Ad.
1508 4278 1564 4334 ii,
1584 4283 1636 4329 2.

579 4347 646 4395 45
669 4343 818 4394 Mane
830 4359 847 4405 3
861 4345 1071 4393 nondum
1085 4343 1276 4404 audisti,
1288 4342 1491 4408 Demea,
1505 4343 1635 4408 quod

1557 454 1797 505 mnnx

1716 608 1813 657 Ad.
1851 610 1921 664 m,
1940 612 2068 659 4.21
2106 606 2215 666 Quo
2236 603 2373 655 nbis?
2406 620 2579 668 mnne3
2608 622 2767 668 mane5

1717 675 1907 739 inquam
1941 674 2036 722 He.
2066 673 2135 729 iii,
2157 680 2205 722 5.
2226 677 2307 723 45.
2325 676 2411 720 46.
2446 672 2536 722 Ph.
2557 674 2593 735 i,
2616 680 2664 723 4.
2686 680 2765 725 39.

1717 742 1781 789 40
1831 739 1977 787 Mune
1998 740 2127 794 dum,
2152 739 2290 785 sodes
2324 736 2417 786 He.
2440 752 2489 793 ν,
2512 742 2557 786 4.
2579 742 2609 786 4
2654 740 2763 787 Ma-

1718 812 1831 851 neto
1862 803 1955 851 He.
1979 803 2046 862 iii,
2068 808 2117 852 4.
2140 807 2207 853 20
2254 802 2381 849 Mihi
2416 817 2477 847 ne
2516 804 2762 851 abscedam

1716 868 1941 931 imperat:
1964 876 2019 915 ut
2035 882 2246 915 tntneum
2262 865 2387 913 solus
2408 880 2513 913 cum
2536 868 2637 914 solu
2669 868 2762 916 Eu.

1715 932 1789 989 iii,
1806 938 1855 981 5.
1878 937 1935 981 31
1974 932 2123 989 Quid.
2144 933 2295 979 sinon
2318 930 2501 978 veniet?
2530 946 2764 993 maneam-

1716 1012 1779 1044 ne
1814 1012 1963 1060 usque
1997 998 2058 1045 nd
2096 994 2375 1061 vesperum?
2408 994 2504 1044 He.
2538 994 2608 1050 iii.
2626 1001 2763 1045 4.28

1717 1060 1919 1125 Nequeo
1940 1070 1989 1109 te
2022 1076 2228 1117 exorare,
2260 1068 2313 1107 ut
2348 1060 2763 1108 maneas-triduum

1718 1126 1843 1174 hoc?
1879 1126 1968 1173 Ph.
1988 1124 2059 1184 iii,
2080 1131 2131 1177 2.
2152 1131 2185 1176 4
2232 1124 2300 1173 Ut
2328 1138 2448 1183 ores,
2476 1124 2669 1188 primum
2708 1134 2767 1175 ut

1716 1190 1905 1237 manent
1958 1189 2049 1241 Eu.
2089 1190 2159 1245 iii,
2191 1194 2241 1239 4.
2277 1192 2344 1237 49
2395 1187 2429 1237 J
2432 1189 2539 1245 ube,
2580 1186 2765 1237 mnneit

1717 1254 1841 1302 Heu.
1862 1253 1926 1312 iv,
1946 1259 1997 1303 4.
2020 1260 2079 1303 15
2114 1254 2244 1311 Quid
2269 1253 2467 1311 vis,-nisi
2490 1254 2559 1304 uti
2584 1264 2766 1302 maneat

1717 1319 1985 1368 Phanium?
2019 1318 2112 1368 Ph.
2130 1319 2183 1375 ii,
2205 1322 2255 1367 2.
2277 1321 2308 1365 8
2340 1315 2545 1380 Nequeo
2562 1314 2766 1376 exorare,

1718 1390 1771 1431 ut
1793 1400 1865 1431 me
1886 1390 2074 1431 maneat
2106 1383 2195 1431 Ph.
2234 1381 2302 1442 iii,
2319 1385 2366 1430 2.
2390 1385 2452 1430 27
2500 1380 2640 1430 Hanc
2680 1383 2768 1445 igi-

1718 1455 1792 1495 tur
1813 1448 2037 1495 mittimus
2056 1447 2073 1494 ?
2108 1447 2190 1496 illa
2210 1445 2427 1493 manent?
2460 1445 2551 1494 Ph.
2574 1464 2621 1501 v,
2638 1451 2685 1495 3.
2700 1453 2767 1497 30

1718 1510 1821 1560 Dos
1839 1512 1917 1561 'hic
1940 1519 2139 1567 maneat.
2166 1510 2407 1573 Demipho
2441 1509 2532 1557 Pb.
2555 1527 2602 1567 v,
2620 1516 2673 1559 7.
2695 1516 2777 1565 33,

1717 1576 1813 1625 Ubi
1838 1576 1961 1633 veni,
1982 1590 2185 1633 causam,
2206 1582 2261 1622 ut
2278 1575 2348 1622 ibi
2379 1588 2630 1632 mutierem,
2657 1592 2763 1639 rep·

1718 1642 1840 1705 perit
1870 1642 1960 1689 Eu.
1983 1641 2051 1697 iii,
2075 1646 2122 1690 3.
2144 1644 2177 1690 6
2232 1639 2325 1687 Ina
2346 1639 2423 1685 hic
2443 1648 2653 1690 muneret
2674 1656 2759 1704 po-

1716 1705 1828 1763 tius,
1864 1714 1915 1753 tu
1958 1706 2071 1753 hinc
2104 1704 2215 1752 isses
2260 1704 2383 1751 foras
2429 1702 2525 1752 He.
2554 1704 2606 1761 ii,
2630 1709 2679 1754 1.
2698 1711 2767 1755 25

1716 1768 1843 1819 Huic
1855 1770 1957 1833 jam
1977 1769 2221 1819 mansisset
2240 1767 2407 1817 unicus
2439 1777 2606 1833 gnatus
2639 1770 2766 1818 domi

1716 1834 1837 1885 Heu.
1860 1835 1934 1895 iii,
1963 1838 2013 1883 2.
2033 1839 2099 1884 29
2153 1833 2310 1890 Quam
2340 1831 2418 1880 hic
2450 1847 2637 1882 manere
2669 1842 2765 1881 tam

1715 1898 1805 1946 diu
1847 1898 1945 1946 Ad.
1980 1899 2031 1957 ii,
2062 1904 2110 1949 2.
2134 1902 2197 1947 27
2252 1896 2451 1944 Munere
2493 1898 2763 1945 affinitatem

1715 1964 1834 2011 hanc
1856 1964 1976 2010 inter
1995 1979 2083 2010 nos
2102 1963 2211 2010 volo
2234 1960 2326 2009 He.
2348 1960 2583 2015 iv,4.101
2620 1963 2768 2011 Com--

1714 2028 1897 2084 modim
1916 2042 2020 2075 esse
2038 2027 2089 2075 in
2113 2040 2275 2074 omnes
2298 2025 2504 2082 arbitror,
2536 2022 2675 2090 quum
2708 2035 2763 2074 ut

1714 2104 1940 2156 coepemn,
1960 2107 2145 2141 manere
2167 2093 2287 2139 hanc
2320 2089 2411 2137 Pb.
2433 2106 2479 2145 v,
2502 2094 2549 2139 ⁸.
2570 2096 2635 2140 32
2678 2091 2763 2139 Sin

1714 2164 1804 2213 est,
1843 2167 1897 2204 ut
1918 2156 2033 2204 velis
2074 2154 2419 2204 manere'illum
2440 2156 2567 2217 apud
2590 2166 2637 2204 te
2672 2157 2761 2204 Pb.

1716 2236 1761 2278 v,
1782 2226 1831 2271 7.
1854 2224 1917 2270 33
1968 2220 2037 2268 Ut
2058 2230 2110 2269 ut
2129 2228 2243 2275 erut,
2276 2233 2484 2266 mansum
2520 2229 2675 2269 tamen
2707 2236 2761 2267 o..

1716 2286 1895 2348 portuit
1914 2284 2035 2333 Heu.
2054 2286 2090 2341 i.
2110 2290 2159 2335 2.
2176 2289 2241 2335 26
2273 2284 2524 2331 Mansurus
2546 2294 2762 2346 patruum

1716 2356 1953 2411 paterent,
1976 2350 2087 2398 dum
2127 2350 2219 2397 huc
2254 2346 2474 2396 adveniat
2504 2348 2689 2407 Phaiii,
2714 2355 2767 2398 l:

1718 2417 1779 2462 16
1834 2413 1985 2461 Hem!
2024 2415 2217 2462 biduum
2259 2412 2337 2461 hic
2378 2415 2661 2461 innuendum
2692 2422 2765 2461 est

1714 2477 1802 2526 soli
1824 2479 1926 2526 sine
1946 2478 2029 2526 ina
2048 2478 2065 2526 ?
2099 2478 2191 2526 Eu.
2210 2478 2279 2545 iv,
2297 2483 2347 2527 2.
2367 2481 2401 2525 9
2510 2508 2515 2516 ·
2732 2513 2735 2518 .
2758 2484 2769 2518 .‘

1778 2543 2075 2606 Munipulus.
2140 2544 2237 2592 Ubi
2258 2542 2467 2593 centurio
2490 2552 2561 2590 est
2592 2543 2768 2608 Sangnj

1714 2614 1764 2655 et
1778 2607 2044 2672 manipulus
2064 2609 2215 2656 furum
2235 2609 2253 2655 ἓ
2289 2607 2380 2657 Eu.
2401 2605 2465 2664 iv,
2486 2612 2536 2655 7.
2556 2611 2591 2656 6
2758 2617 2767 2624 “

1776 2673 1985 2723 Mansio.
2050 2673 2274 2722 Haeccine
2294 2677 2426 2720 erant
2460 2671 2630 2719 itiones
2664 2687 2763 2720 cre-

1712 2737 1825 2798 brae,
1848 2746 1898 2785 et
1918 2737 2182 2786 mansione·
2220 2738 2417 2786 diutinae
2438 2735 2639 2784 Lemni?
2671 2737 2761 2784 Ph.

1713 2818 1760 2858 v,
1778 2807 1825 2850 8.
1850 2806 1913 2852 23
2016 2822 2022 2828 ·
2760 2817 2769 2822 “

1775 2867 2072 2924 Mansuetm,
2087 2883 2132 2923 a,
2147 2883 2244 2914 um.
2288 2867 2405 2914 Haec
2426 2881 2515 2927 ego
2540 2865 2767 2928 putabam

1711 2946 1812 2978 esse
1834 2932 1991 2979 omniu
2008 2933 2200 2980 humani
2222 2931 2405 2994 ingeni,
2436 2930 2765 2994 mansuetique

1712 2995 1856 3043 animi
1878 2996 2031 3045 officia
2068 2997 2126 3044 A.
2149 2997 2182 3052 i,
2207 3001 2253 3044 1.
2276 3001 2337 3045 87

1776 3059 1967 3107 Manus.
2034 3061 2172 3109 Hunc
2208 3060 2323 3108 mihi
2366 3061 2415 3107 in
2458 3074 2645 3106 manum
2680 3060 2763 3107 dut

1713 3122 1776 3172 A.
1798 3125 1833 3184 i,
1853 3130 1903 3174 5.
1926 3129 1990 3174 62
2045 3121 2214 3172 Vidin’
2232 3139 2323 3184 ego
2336 3131 2393 3169 te
2413 3124 2554 3170 modo
2570 3138 2761 3170 manum

1711 3189 1761 3235 in
1782 3189 1932 3236 sinum
1953 3188 2065 3235 huic
2088 3187 2315 3236 meretrici
2336 3186 2571 3234 inserere?
2625 3187 2762 3234 Facis

1710 3254 1831 3300 adeo
1852 3250 2067 3314 injuriain
2088 3252 2178 3308 illi,
2197 3251 2395 3314 quinon
2412 3251 2645 3298 abstineas
2661 3267 2761 3298 ma-

1711 3331 1823 3363 num
1874 3315 1996 3363 Heu.
2017 3315 2087 3373 iii,
2110 3321 2161 3366 3.
2182 3321 2233 3365 2.
2253 3320 2284 3364 4
2328 3315 2415 3364 Est
2435 3317 2494 3362 ad
2516 3317 2640 3363 hanc
2662 3331 2760 3362 rna-

1710 3397 1821 3428 num
1858 3381 2079 3430 sacellum
2129 3381 2224 3428 Ad.
2243 3380 2310 3436 iv,
2333 3387 2382 3431 2.
2404 3385 2465 3430 37
2510 3380 2623 3427 Non
2662 3395 2769 3428 ma-·

1710 3460 1823 3492 num
1866 3446 2089 3501 abstines,
2132 3446 2375 3508 mastigia?
2432 3445 2523 3492 Ad.
2560 3463 2606 3500 v,
2640 3449 2691 3492 2.
2724 3451 2761 3492 6

1710 3509 1815 3556 Eho
1836 3509 1847 3556 !
1873 3509 1969 3567 dic,
1992 3511 2103 3574 quid
2127 3510 2241 3558 velis
2258 3510 2356 3556 duri
2375 3509 2519 3556 tibiin
2540 3509 2759 3560 manum?

1711 3574 1799 3623 Ph.
1822 3574 1890 3635 iv,
1906 3579 1954 3624 8.
1974 3579 2039 3624 29
2090 3574 2192 3637 Ego
2230 3573 2407 3621 liberali
2439 3572 2565 3618 illum
2604 3587 2761 3620 assero

1709 3653 1850 3686 causa
1871 3653 2011 3686 manu
2058 3637 2152 3685 Ad.
2174 3637 2223 3692 ii,
2250 3643 2294 3687 1.
2316 3642 2380 3686 40
2430 3636 2559 3685 Huic
2578 3636 2759 3699 aliquid

1712 3702 1953 3765 paululum
1978 3715 2069 3765 pro
2092 3716 2231 3749 manu
2268 3700 2470 3754 dederis.
2492 3701 2621 3748 unde
2656 3709 2763 3748 uta-

1710 3775 1784 3814 tur
1804 3765 1903 3814 Ad.
1920 3783 1967 3823 v,
1988 3771 2040 3815 0.
2058 3769 2123 3814 23
2154 3765 2262 3813 Tibi
2280 3766 2334 3814 id
2354 3766 2406 3814 in
2428 3769 2675 3820 manu'est,
2698 3781 2761 3813 ne

1709 3831 1793 3878 flat
1822 3831 1916 3882 He.
1938 3830 2008 3887 iii,
2030 3835 2079 3878 5.
2103 3834 2177 3879 43·
2200 3829 2331 3879 Uxor
2369 3829 2485 3894 quid
2523 3831 2686 3885 faciat,
2706 3830 2757 3876 in

1708 3910 1849 3943 manu
1872 3910 1968 3942 non
2003 3902 2078 3943 est-
2095 3909 2199 3944 mea
2245 3895 2341 3943 He.
2360 3895 2430 3951 iv,
2450 3899 2499 3943 4.
2518 3899 2582 3945 44
2633 3893 2757 3942 Nam

1709 3960 1877 4008 emissa
1908 3969 1979 4008 est
2020 3975 2159 4007 manu
2228 3960 2320 4010 Ph.
2341 3975 2390 4016 v,
2413 3966 2461 4009 5.
2482 3964 2515 4009 2
2566 3959 2640 4006 Tu
2676 3959 2759 4022 poi

1710 4025 1797 4072 tibi
1818 4025 1927 4072 istas
1947 4024 2243 4087 comprimito
2266 4040 2427 4072 manus
2470 4023 2590 4071 Heu.
2617 4023 2685 4077 iii.
2708 4027 2756 4074 3.

1710 4093 1775 4138 29
1806 4088 1913 4146 Nae,
1930 4090 2009 4138 ine
2026 4089 2285 4137 continebit
2308 4089 2517 4150 posthac,
2532 4088 2571 4133 ni
2587 4088 2757 4149 sapiet,

1710 4168 1874 4200 manus
1905 4154 2001 4204 Ad.
2024 4154 2091 4210 iv,
2112 4157 2159 4204 2.
2183 4159 2249 4204 26
2296 4153 2450 4209 Quem
2482 4151 2621 4199 credo
2659 4167 2759 4198 ma·

1710 4218 1863 4275 nibus,
1885 4219 2179 4282 pedibusque
2214 4218 2382 4265 obnixe
2414 4215 2571 4262 omnin
2604 4216 2759 4262 factu-

1709 4297 1811 4329 rum
1847 4283 1911 4331 A.
1932 4283 1966 4340 i,
1993 4288 2038 4333 1.
2064 4286 2157 4330 134
2192 4280 2360 4330 Conui
2377 4278 2607 4335 manibus,
2622 4281 2755 4342 pedi·

1709 4347 1795 4394 bus
1828 4347 1893 4397 A.
1914 4347 1979 4406 iv,
2002 4353 2047 4399 1.
2069 4350 2131 4396 53
2186 4346 2341 4406 Quem
2380 4345 2521 4394 modo
2558 4359 2757 4411 puerum
