3192 4975
550 431 554 441 '
640 430 814 497 1614

641 585 872 635 moribus
907 590 1254 649 spectatorem
1299 586 1584 635 Romanum
1625 582 1699 636 of-

640 660 901 711 fenderet.
937 663 1088 711 Idem.

707 737 812 796 Nos
839 736 1084 798 mirarier]
1113 737 1314 785 Recte:
1356 730 1538 793 mirum'
1563 736 1699 783 enim

640 806 692 860 i'n
717 812 1132 860 adolescentibus
1154 812 1454 871 laclirumae,
1487 817 1546 859 ut
1577 824 1699 860 con·

639 896 740 947 tra,
759 886 1078 950 ‘Tristisque
1099 884 1374 935 senectus-‘⁹
1421 886 1570 936 Idem-

649 978 660 985 ·
706 962 812 1009 Nos
829 960 1071 1023 mirarier]
1103 962 1198 1020 Ut,
1221 961 1236 988 ‘
1254 960 1428 1008 Solam
1446 974 1564 1009 nam
1585 956 1697 1023 per-

638 1034 770 1084 fidus
787 1035 877 1084 ille
899 1036 974 1083 Te
997 1034 1204 1084 colere!
1238 1035 1388 1085 Idem.

699 1114 764 1160 43
799 1113 1044 1174 Rogamus
1073 1114 1187 1174 quid
1207 1112 1299 1174 sit]
1331 1111 1471 1164 Quid
1493 1112 1697 1161 lachru-

637 1192 775 1236 met:
809 1202 934 1251 non,
953 1188 1089 1239 Quid
1111 1190 1178 1236 sit
1199 1188 1328 1251 ipse,
1355 1195 1417 1236 ut
1439 1188 1586 1236 stulti
1605 1204 1698 1251 pu·

639 1268 770 1313 tant.
807 1263 958 1313 Idem.
1503 1282 1506 1285 ⁴
1624 1292 1628 1296 -

645 1360 648 1365 ·
704 1336 978 1400 Numquam
1019 1352 1166 1400 oeque,
1206 1336 1382 1399 inquit,
1435 1350 1492 1384 ae
1533 1336 1693 1400 modo]

637 1409 776 1459 Mire
827 1411 1057 1461 ostendit
1094 1426 1301 1474 semper
1341 1412 1439 1459 sibi
1481 1412 1577 1459 hoc
1620 1412 1695 1459 vi-

636 1498 766 1541 sum,
803 1487 936 1549 quod
971 1487 1130 1536 dicit:
1183 1485 1274 1534 sed
1313 1499 1590 1549 numquam
1626 1500 1695 1534 ae-

637 1572 754 1621 que.
795 1560 947 1609 Idem.

700 1638 765 1682 44
799 1636 1069 1698 Paupertas
1097 1634 1219 1683 mihi
1255 1648 1372 1683 onus
1407 1634 1560 1683 visum
1602 1633 1697 1696 est]

635 1708 826 1757 Statim
857 1709 920 1758 fit
951 1710 1146 1759 mentio
1171 1711 1513 1773 paupertatis,
1543 1715 1604 1759 ut
1625 1710 1696 1759 sit

635 1795 792 1833 causa
813 1781 1034 1832 fallaciae
1056 1784 1394 1833 Phormionis.
1436 1783 1587 1833 Idem.

697 1849 760 1904 115
818 1858 964 1905 Modo
1005 1860 1240 1920 quandam
1287 1856 1390 1905 vidi
1437 1858 1697 1921 virginem]

635 1932 783 1981 Be'ne
805 1936 1067 1995 quendam.-
1102 1948 1165 1983 ne
1189 1934 1257 1981 ob
1290 1932 1693 1983 familiaritatem

634 2008 834 2057 laudari
860 2009 1140 2058 videretur.
1179 2009 1330 2056 Idem.

699 2082 846 2130 Modo
877 2084 1109 2145 quandam
1139 2082 1242 2130 vidi
1261 2081 1520 2145 uirginem]
1554 2082 1691 2131 Vide

633 2156 708 2204 sio
733 2156 836 2218 agi,
874 2165 934 2205 ut
963 2172 1063 2205 non
1099 2163 1205 2205 tam
1240 2162 1408 2205 morte
1445 2157 1694 2220 mulieris,

633 2246 786 2294 quam
811 2234 1088 2281 solitudine
1111 2231 1336 2293 pulchra
1353 2231 1564 2294 virginis
1583 2246 1689 2279 mo·

632 2312 818 2353 ventur
835 2303 1070 2355 affectus.
1103 2306 1339 2355 simulet
1361 2320 1422 2354 ea
1445 2305 1691 2369 describi,

551 2401 554 2403 v
633 2394 747 2442 quae
787 2388 1038 2429 matronae
1082 2370 1468 2443 futurae‘magis
1503 2394 1691 2431 eonve-

631 2454 798 2518 niant,
813 2470 969 2519 quam
993 2470 1108 2518 quae
1135 2464 1328 2504 temere
1361 2455 1583 2504 amanda
1604 2457 1687 2507 sit.

633 2531 772 2580 Nam
812 2532 895 2580 hic
937 2532 1109 2580 obitus
1150 2530 1374 2579 foeminae
1424 2529 1489 2578 ad
1533 2532 1691 2580 comi·

633 2617 750 2655 enm
773 2607 968 2656 exitum
993 2613 1229 2670 spectat:
1269 2607 1689 2670 quandoquidem

631 2683 749 2743 plns
784 2696 850 2730 ex
889 2681 1002 2744 ejus
1038 2689 1204 2730 morte
1241 2681 1511 2743 securitas,
1535 2695 1688 2743 quam

631 2758 900 2814 molestiae‚
924 2757 1115 2806 sentiat
1139 2755 1515 2818 argumentum.
1541 2757 1693 2807 Idem.

697 2832 800 2880 Hic
837 2831 1048 2893 viciniae]
1100 2830 1420 2880 Adverbium
1467 2829 1522 2878 in
1573 2832 1687 2880 loco

632 2915 730 2971 est,
759 2910 841 2957 hic
866 2909 1086 2958 viciuioet
1120 2909 1268 2970 eujus
1303 2909 1367 2956 ad
1389 2898 1689 2968 locumstzue

629 2985 835 3034 viciniae.
900 2985 968 3032 Et
1001 2984 1178 3031 statim
1221 2982 1527 3045 proximitas
1564 2982 1687 3030 insi-

629 3065 836 3122 nuatur,
857 3065 916 3108 ut
938 3059 1008 3108 sit
1031 3072 1150 3119 spes
1185 3062 1240 3106 et
1267 3069 1426 3106 eausa
1456 3056 1687 3106 videndi.

632 3133 784 3182 Idem.

693 3211 760 3256 46
793 3205 1048 3268 Miseram]
1094 3203 1178 3254 Ab
1217 3196 1444 3253 affectu:
1477 3211 1533 3253 et
1569 3206 1687 3254 snb-

633 3281 1052 3342 distingueudum
1097 3285 1198 3341 est,
1243 3285 1303 3328 ut
1339 3280 1402 3327 ad
1438 3280 1685 3342 virginem

628 3356 909 3405 referatur.
949 3357 1104 3404 Idm.

693 3432 972 3480 Lomentum·
1007 3427 1265 3490 mortuem]
1309 3427 1358 3476 A
1401 3429 1685 3492 probitate,

630 3522 746 3572 quae
787 3508 888 3572 piis
931 3505 1262 3556 ad‘tribuitur.
1324 3507 1394 3554 Et
1435 3506 1687 3554 lamentari

628 3588 880 3638 mortuam,
919 3581 1243 3645 ambiguitas,
1277 3580 1372 3630 sed
1392 3595 1544 3631 sensu
1577 3597 1682 3631 ma-

627 3657 834 3708 nifesta.
865 3660 1019 3708 Idem.

691 3737 756 3783 47
797 3735 874 3782 Eo
905 3727 1003 3782 sita
1037 3732 1166 3795 eret]
1203 3733 1331 3794 Sua,
1363 3745 1460 3794 pro
1497 3731 1684 3794 posita.

626 3807 898 3857 Sallustius
919 3823 1034 3857 eum
1049 3807 1340 3870 adjectione
1357 3808 1408 3854 in
1425 3807 1495 3856 H.
1517 3808 1533 3835 ‘
1553 3807 1683 3855 Cum

626 3881 923 3944 praedixero
945 3883 1166 3945 positum
1189 3879 1402 3930 insulae.'
1428 3881 1500 3930 Et
1516 3879 1611 3928 hoo
1635 3881 1685 3930 ei

627 3959 951 4021 reciprocum
975 3965 1074 4006 est.
1106 3955 1255 4006 Idem.

693 4034 771 4080 Ea
789 4033 887 4081 sita
907 4038 1011 4081 emt
1031 4032 1360 4094 exadversum]
1406 4033 1681 4095 Expositio

627 4109 966 4170 paupertatis,
991 4115 1048 4156 et
1071 4121 1221 4169 quam
1251 4106 1406 4156 facile
1439 4107 1586 4171 virgo
1612 4108 1681 4156 vi·

627 4181 737 4228 deri
760 4182 947 4244 possit.
981 4182 1132 4232 Idem.

691 4257 770 4305 Ea
821 4258 916 4306 sita
975 4263 1080 4305 erat
1128 4272 1190 4306 ex
1231 4255 1455 4319 advorso]
1511 4257 1681 4307 Collo·

1485 4507 1522 4534 S

1335 441 1552 493 NOTAE
1597 445 2001 494 vamoRUM
2054 445 2131 493 IN

1771 594 1915 647 eata,
1954 601 2047 651 pro
2082 600 2245 647 more,
2278 582 2330 634 iu
2352 584 2613 635 vestibulo
2636 584 2834 652 domus,

1772 664 1931 711 versis
1959 663 2011 712 in
2051 668 2254 725 portam
2294 659 2529 723 pedibus.
2572 662 2702 731 Mer.
2740 666 2833 713 Ce-

1770 738 2023 786 saubonus.

1835 817 1899 861 48
1962 814 2130 875 Neque
2182 806 2339 873 notus,
2392 826 2539 875 neque
2580 814 2832 876 cognatus]

1768 888 1967 949 Αὕξησις
1986 888 2076 937 fit:
2113 887 2232 951 quia
2250 901 2332 935 res
2351 886 2618 947 minuitur,
2637 889 2833 937 crescit

1770 965 2051 1013 sententia.
2124 962 2418 1022 Sallustius,
2451 962 2467 989 ⁸
2494 963 2612 1010 Non
2647 976 2833 1027 repug-

1768 1028 2224 1088 nantibusmodoz
2258 1036 2350 1086 sed
2390 1051 2457 1086 ne
2493 1036 2683 1087 deditis
2718 1040 2829 1103 qui-

1770 1113 1885 1162 dem
1912 1130 1941 1162 a
1968 1114 2001 1161 b
2020 1129 2047 1163 c
2070 1111 2155 1162 m.'
2188 1114 2422 1161 Donatus.
2510 1174 2517 1177 -

1836 1192 2003 1253 Neque
2034 1194 2191 1251 notus,
2228 1181 2379 1251 neque
2411 1193 2657 1249 cognatus,
2690 1194 2832 1239 extra

1768 1281 1909 1315 unam
1950 1264 2209 1327 aniculam]
2254 1265 2389 1314 Haec
2430 1270 2840 1327 praestruuntur,

1771 1333 1827 1389 ut
1850 1342 1920 1390 sit
1946 1356 2061 1403 spes
2084 1339 2351 1403 potiundoe
2374 1338 2603 1401 virginis.
2645 1340 2797 1389 Idem.

1778 1436 1781 1439 ⁴
1835 1416 1998 1478 Neque
2034 1420 2189 1483 notus,
2218 1428 2367 1475 neque
2398 1414 2653 1476 cognatus]
2695 1414 2829 1463 Haee

1770 1489 2048 1553 descriptio
2073 1488 2395 1552 paupertatis
2431 1486 2645 1551 adjuvat
2676 1488 2828 1551 argu-

1769 1558 2025 1625 mentum,¹
2054 1570 2116 1615 ut
2154 1571 2209 1613 et
2246 1564 2411 1612 visere
2444 1564 2672 1611 audeant
2706 1564 2835 1612 ado.

1768 1639 2027 1687 lescentes
2051 1638 2325 1701 virginem,
2346 1643 2401 1687 et
2424 1645 2563 1688 amet
2586 1638 2831 1702 Antipho.

1770 1714 1922 1764 Idem.

1832 1794 1899 1839 49
1934 1791 2035 1845 Qui
2052 1786 2482 1851 adiutaretfuuus]
2518 1786 2693 1852 Ipsum
2716 1786 2828 1837 offi-

1770 1866 2067 1924 ciumfunus
2090 1865 2243 1915 dixit.
2290 1864 2445 1914 Idem.

1832 1940 2108 1988 Miseritum
2146 1939 2242 2001 eat]
2290 1939 2409 1988 Hoc
2450 1942 2533 1985 est
2564 1936 2827 1986 miseritus

1767 2029 1878 2064 sum
1903 2017 2030 2079 ejus.
2084 2017 2155 2064 Et
2184 2016 2270 2064 hic
2308 2014 2516 2064 videtur
2537 2013 2828 2063 ostendisse

1765 2090 2303 2139 cui-lachrumaverit.
2351 2090 2501 2139 Idem.
2614 2084 2617 2089 ’

1830 2166 2106 2214 Miseritum
2122 2166 2217 2227 est]
2242 2164 2436 2213 Heaut.
2456 2171 2560 2213 aet.
2582 2176 2757 2212 unse.
2778 2168 2826 2219 1.

1762 2240 1777 2268 ‘
1802 2241 1876 2289 Ut
1920 2246 2124 2289 tuarum
2168 2238 2455 2288 miseritum
2499 2246 2597 2297 est,
2639 2238 2823 2287 Mene..

1765 2315 1934 2379 deme,
1965 2312 2328 2375 fortunarum‚'
2352 2318 2412 2361 ut
2442 2313 2827 2363 emendatiores

1764 2390 1954 2454 quique
1978 2390 2222 2451 codices3
2254 2403 2357 2437 non
2381 2392 2439 2435 ut
2458 2402 2667 2451 nuperae
2684 2403 2826 2451 quae·

1764 2466 1881 2514 dam
1906 2466 2181 2528 editioneS,
2204 2465 2223 2496 ⁶
2248 2464 2323 2514 Ut
2358 2475 2439 2512 me
2463 2465 2701 2528 tuorum,'
2722 2468 2825 2514 διο.

1765 2543 2020 2605 quomodo
2044 2543 2289 2591 Plautum
2313 2541 2518 2605 quidem
2543 2543 2684 2606 loqui
2722 2553 2823 2591 non

1764 2615 2090 2678 ignoramus:
2126 2615 2218 2664 sed
2262 2615 2416 2664 aliter
2458 2617 2590 2664 solet
2628 2617 2823 2665 Teren·

1765 2691 1885 2740 tius.
1928 2693 2057 2741 Mer.
2087 2690 2410 2740 Casaubouus.

1825 2771 1890 2814 50
1930 2766 2078 2827 Virgo
2111 2766 2215 2827 ipse
2224 2764 2359 2822 facie
2388 2765 2604 2828 egregia]
2641 2766 2686 2814 A
2724 2765 2824 2816 for·

1761 2839 2165 2901 maiudignatio.
2201 2840 2436 2890 Donatus.
2820 2900 2827 2904 ,

1834 2915 1977 2974 Virgo
2014 2915 2139 2977 ipsa]
2172 2915 2315 2962 Bene
2352 2916 2496 2977 ipsa5
2545 2916 2660 2981 quia
2706 2913 2820 2980 'quae

1762 3003 1919 3052 supra
1956 2989 2109 3050 dixit,
2150 3003 2253 3037 non
2293 2989 2357 3037 ad
2394 2989 2577 3053 ipsam,
2616 2991 2707 3038 sed
2754 2989 2822 3039 ad

1762 3071 2004 3112 eventum
2024 3062 2139 3124 ejus
2162 3063 2510 3124 pertinebant.
2563 3066 2714 3113 Idem.

1829 3137 1969 3192 Quid‘
2010 3137 2165 3184 verbis
2216 3151 2330 3199 opus
2384 3139 2481 3200 est]
2548 3139 2635 3188 Sic
2690 3139 2821 3189 dicit

1759 3211 2056 3273 Terentius,
2086 3211 2175 3260 ubi
2205 3210 2270 3258 ad
2292 3209 2537 3261 effectum
2557 3221 2819 3278 properat.

1760 3287 1915 3335 Idem.
2414 3301 2417 3303 ’

1825 3367 1886 3410 51
1948 3363 2217 3422 Commorat
2268 3375 2426 3410 omues
2464 3360 2574 3423 nos]
2624 3363 2821 3426 Figura

2369 3444 2439 3487 at.
2474 3440 2545 3488 Et
2566 3439 2698 3489 bene
2720 3455 2817 3488 om·

2364 3513 2663 3576 ntiphonem
2703 3521 2817 3563 tan·

1766 3439 1983 3498 mucor-ip
1996 3453 2092 3502 pro
2114 3452 2287 3488 sommo

1759 3529 1873 3574 nes,-
1920 3515 2043 3579 quia
2084 3529 2162 3564 res
2206 3513 2273 3562 ad

1761 3595 1867 3638 tum
1893 3595 2115 3653 spectat.
2163 3588 2313 3635 Idem.

1823 3663 1901 3712 Ibi
1921 3664 2139 3712 continuo
2172 3661 2421 3725 Antipho]
2442 3661 2547 3711 Hie
2576 3660 2815 3711 redditur

1758 3751 1945 3786 nomen
1970 3735 2329 3786 adolescentis.
2352 3743 2408 3786 et
2430 3743 2511 3788 est
2530 3735 2815 3800 παρασκευήι

1758 3812 1913 3934 1άὲζο
1930 3885 2141 3955 Voltisne
2161 3887 2319 3934 eamus
2336 3883 2513 3946 visere]
2544 3883 2641 3947 Ut,
2673 3886 2692 3914 ⁸
2710 3885 2813 3934 Po·

1757 3961 1939 4024 palare
1949 3967 2175 4024 penates
2198 3959 2480 4010 Venimus!
2512 3962 2660 4010 Idem.

1828 4036 2038 4085 Voltisne
2088 4048 2251 4083 eamsoe
2296 4031 2473 4096 visere]
2525 4034 2653 4096 Ipse
2694 4035 2813 4084 hor·

1756 4115 1893 4159 tator
1942 4109 2234 4172 inducitur,
2272 4109 2358 4173 qui
2406 4117 2669 4158 amaturus
2712 4117 2811 4159 est.

1755 4185 1979 4325 mamlius,
1998 4274 2177 4322 censeo,
2206 4273 2385 4323 eamus,
2414 4261 2509 4308 duo
2536 4273 2621 4308 nos
2650 4259 2808 4323 sodes]
