3192 4975
581 403 670 472 id

586 565 678 615 sibi
698 565 992 631 postputavit
1010 581 1113 616 esse
1134 581 1230 631 prae
1254 565 1634 634 meo-commodo

586 632 685 680 Ad.
706 631 762 690 ii,
784 635 833 681 8.
856 636 889 680 9
935 631 1026 680 Cui
1062 639 1157 679 tam
1191 632 1347 679 subito
1380 639 1450 678 tot
1481 630 1636 678 conti-

588 695 742 759 gerint
760 697 1007 744 commoda
1038 695 1130 743 Eu.
1154 713 1202 752 v,
1221 700 1269 744 9.
1292 700 1321 744 8
1377 694 1536 742 Multa
1576 709 1635 742 ex

584 776 682 825 quo
704 759 877 808 fuerint
897 761 1164 822 commoda,
1197 759 1299 823 ejus
1336 759 1639 809 incommoda

586 839 774 887 mquam
812 830 884 873 est
918 824 1037 872 ferre
1086 824 1181 872 He.
1216 842 1264 882 v,
1286 829 1337 874 8.
1357 828 1426 874 42
1478 825 1638 881 Quum

584 903 800 936 maxume
820 888 991 936 servire
1012 889 1172 937 vestris
1206 887 1469 938 commodis
1514 887 1639 935 Hea.

586 951 719 1000 Prnl.
736 957 803 1001 50
834 952 957 1001 Hec-
978 950 1085 1004 Alt.
1104 953 1233 1002 Prol.
1253 957 1319 1003 48
1351 953 1522 1001 Matris
1543 966 1640 999 ser·-

587 1017 698 1064 vibo
716 1017 977 1064 commodis
1007 1017 1105 1065 He.
1137 1017 1208 1074 iii,
1229 1023 1278 1067 5.
1297 1021 1361 1066 45
1396 1014 1559 1082 Atque
1580 1031 1639 1064 ex

585 1080 899 1129 incommodis
932 1081 1121 1129 alterius
1160 1097 1246 1130 sua
1279 1089 1335 1129 ιιι
1368 1087 1644 1144 comparent

585 1145 873 1193 commoda?
918 1144 984 1193 A.
1016 1145 1083 1202 iv,
1106 1149 1205 1196 104
1256 1145 1346 1194 Ille
1388 1146 1505 1193 alter
1539 1145 1642 1192 siue

588 1208 749 1258 labore
804 1208 921 1258 atria
951 1210 1133 1272 potitur
1164 1211 1413 1258 commoda
1452 1209 1551 1260 Ad.
1590 1226 1643 1270 v,

586 1278 639 1322 4.
663 1277 724 1323 17
815 1290 846 1321 ιι
864 1272 962 1322 illis
982 1274 1134 1323 fruare
1154 1275 1413 1323 commodis
1458 1275 1549 1323 Eu.
1586 1274 1645 1334 ii,

657 1401 963 1459 commodus,
982 1416 1031 1460 a,
1042 1419 1141 1451 um.
1204 1402 1415 1466 AEdepol
1428 1401 1644 1451 commis·

588 1472 788 1514 satorem
822 1467 947 1514 haud
982 1482 1095 1516 sane
1132 1469 1429 1516 commodum
1461 1467 1557 1516 Ad.
1599 1483 1645 1524 v,

588 1534 639 1580 2.
660 1534 693 1578 8
734 1529 916 1578 Mulier
950 1533 1214 1588 commoda,
1253 1538 1303 1579 et
1337 1533 1509 1588 faceta,
1542 1531 1647 1579 haec

589 1593 804 1642 meretrix
825 1594 949 1642 Hes.
972 1596 1041 1651 iii,
1062 1601 1114 1646 2.
1131 1600 1194 1646 10
1228 1595 1362 1653 Quot
1375 1597 1646 1644 commodas

588 1673 663 1706 res
684 1657 849 1705 attuli!
886 1659 981 1707 He.
1000 1677 1047 1718 v,
1068 1664 1117 1709 8.
1142 1665 1204 1710 19
1250 1660 1300 1708 Si
1330 1659 1383 1707 id
1400 1676 1495 1708 non
1518 1675 1647 1708 com·

590 1723 784 1769 modum
806 1729 895 1778 est,
918 1731 972 1770 ιιι
990 1725 1155 1772 redeat
1187 1723 1281 1776 Eu.
1317 1724 1389 1781 iii,
1408 1730 1458 1774 2.
1478 1729 1545 1773 49
1593 1722 1647 1771 Si

590 1787 889 1834 commodum
910 1794 1017 1847 est;
1048 1790 1177 1851 apud
1198 1805 1275 1837 me
1296 1789 1361 1836 sis
1381 1788 1491 1836 volo
1523 1788 1672 1854 Hes..

588 1849 629 1904 i.
674 1855 723 1898 1.
773 1854 867 1900 1⁰9
949 1851 1152 1900 Dabitur
1192 1869 1222 1900 a
1265 1868 1343 1901 me
1386 1859 1647 1916 argentum,

591 1914 705 1961 dum
728 1913 819 1962 erit
838 1917 1137 1964 commodum
1157 1915 1253 1964 Ad.
1275 1917 1313 1973 i.
1332 1921 1384 1966 2.
1404 1921 1469 1966 88
1500 1917 1647 1973 Quod

589 1979 683 2025 erit
702 1979 818 2025 mihi
840 1979 1033 2036 bonum,
1055 1995 1083 2028 a
1136 1996 1197 2029 ue
1218 1981 1517 2028 commodum
1559 1981 1651 2028 Ph.

592 2043 629 2098 i,
650 2047 700 2091 2.
724 2047 785 2091 81
822 2043 1081 2106 Exsequias
1148 2046 1359 2100 bremeti,
1380 2046 1553 2108 quihus
1572 2053 1652 2093 est

590 2107 909 2162 commodum,
930 2108 1017 2166 ire,
1053 2109 1193 2157 bem!
1230 2117 1415 2172 tempus
1453 2118 1526 2157 est
1559 2110 1652 2158 Pb.

592 2188 641 2227 v,
660 2175 709 2220 8.
728 2176 794 2220 87
848 2171 959 2220 Hoc
980 2180 1032 2220 et
1062 2174 1213 2230 vobis.
1234 2181 1284 2221 et
1303 2189 1420 2222 meae
1442 2189 1651 2222 commo-

591 2236 707 2282 dum
728 2236 865 2283 samm
888 2237 1083 2284 arbitror
1117 2237 1212 2286 He.
1245 2238 1314 2298 iv,
1349 2242 1397 2289 2.
1416 2239 1451 2286 9
1506 2239 1650 2286 Com-

592 2299 847 2347 modiorem
878 2300 1132 2359 hominem,
1156 2303 1427 2357 adventum,
1448 2309 1652 2365 tempus,

594 2377 693 2409 non
712 2363 810 2410 vidi
843 2362 909 2412 A.
951 2380 997 2422 v,
1036 2370 1083 2414 2.
1122 2370 1151 2414 8
1204 2365 1512 2415 Commodius
1548 2381 1650 2414 esse

592 2426 766 2488 opinor
782 2427 964 2491 duplici
998 2443 1083 2491 spe
1120 2429 1240 2478 utier
1272 2430 1360 2478 ΡΙ).
1402 2429 1466 2486 iv,
1503 2433 1552 2479 2.
1587 2434 1650 2479 18

590 2491 673 2538 Sic
698 2491 777 2553 pol
808 2494 1101 2541 commodius
1122 2509 1225 2544 esse
1261 2495 1312 2542 in
1346 2510 1507 2543 omnes
1528 2494 1652 2543 arbi-

596 2562 691 2601 tror
724 2554 813 2605 ΡΙ).
833 2572 881 2613 v,
905 2560 953 2606 3.
975 2560 1033 2607 81

662 2620 969 2668 Commoneo.
1034 2620 1251 2669 Aliorum
1276 2623 1493 2687 exempla
1519 2639 1654 2671 com·

592 2692 789 2731 monent
812 2682 877 2732 A.
896 2686 959 2742 iv,
982 2691 1030 2734 5.
1051 2690 1113 2734 17
1144 2687 1215 2735 Ut
1234 2704 1387 2752 neque
1402 2704 1547 2745 amor,
1564 2704 1649 2736 ne·

592 2764 688 2811 que
720 2749 875 2811 pudor
908 2759 1216 2808 commoveat,
1254 2768 1409 2815 neque
1444 2768 1651 2801 commo·

594 2819 724 2874 neat,
743 2821 797 2860 ut
817 2828 993 2863 servem
1016 2816 1191 2863 fidem?
1224 2816 1285 2865 A.
1307 2818 1346 2877 i,
1362 2823 1411 2866 5.
1432 2820 1496 2865 45

661 2876 1004 2927 Commonstro.
1072 2880 1216 2936 Quod
1258 2889 1387 2944 peto,
1432 2888 1482 2928 et
1524 2881 1652 2939 volo,

596 2949 811 3003 parentes
837 2958 963 2990 meos
980 2950 1033 2990 ut
1044 2954 1377 2993 commonstres
1394 2946 1507 2992 mihi
1528 2946 1651 2993 Hea.

594 3021 644 3065 v,
662 3010 712 3055 4.
731 3009 763 3053 4
818 3006 1074 3056 Hominem
1116 3010 1517 3057 commonstrarier
1535 3010 1653 3059 mihi

592 3069 737 3116 istum
758 3070 866 3118 volo
900 3072 988 3119 ΡΙ).
1010 3072 1064 3130 ii,
1088 3077 1133 3122 1.
1154 3078 1217 3123 75

663 3133 968 3184 commorior.
1090 3136 1208 3185 Eam
1283 3137 1654 3187 Commorientes

594 3197 794 3245 Plautus
815 3199 932 3245 fecit
951 3200 1156 3247 fabulam
1190 3201 1288 3250 Ad.
1312 3200 1439 3248 Prol.
1456 3206 1489 3251 7

662 3262 950 3309 Commoror.
1017 3262 1148 3319 Quid
1168 3263 1266 3312 illic
1288 3272 1381 3311 tarn
1398 3266 1499 3323 diu,
1521 3280 1651 3328 quae-

596 3339 668 3382 so,
689 3324 831 3385 igitur
850 3327 1192 3374 commorabare
1211 3328 1229 3373 ?
1263 3327 1352 3375 ΡΙ).
1374 3328 1441 3384 iv,
1468 3334 1511 3378 1.
1532 3334 1562 3379 7

663 3386 966 3438 commoveo.
1033 3389 1279 3439 commovi
1313 3390 1377 3441 A.
1413 3393 1465 3449 ii,
1500 3398 1549 3443 6.
1585 3398 1649 3443 25

596 3448 867 3498 Commorat
887 3468 1157 3501 omnesnos
1190 3456 1280 3505 ΡΙ).
1301 3455 1335 3513 i,
1357 3460 1405 3504 2.
1428 3462 1491 3506 51
1527 3457 1651 3505 Dor-

596 3514 779 3561 miunt:
850 3516 894 3561 ol
934 3533 1023 3582 ego
1057 3517 1171 3567 istos
1192 3522 1495 3570 commovebo
1526 3522 1652 3571 Hea.

594 3578 661 3635 iv,
681 3582 730 3627 4.
753 3584 784 3627 8
867 3596 989 3644 eque
1009 3598 1155 3645 amor,
1174 3600 1329 3648 neque
1351 3587 1504 3649 pudor
1522 3603 1651 3635 com-

595 3650 799 3700 moveat,
842 3660 998 3708 neque
1040 3656 1352 3706 commoneat,
1386 3658 1438 3697 ιιι
1476 3666 1652 3699 servem

596 3707 737 3755 fidem
758 3708 776 3755 ἓ
811 3707 877 3756 A.
907 3709 945 3766 i,
966 3717 1017 3761 5.
1038 3715 1102 3762 45
1137 3712 1310 3777 Neque
1332 3722 1653 3763 commovetur

594 3772 781 3820 animus
814 3772 867 3819 in
889 3789 947 3822 ea
982 3791 1032 3825 re
1053 3782 1209 3825 tamen
1242 3776 1306 3825 A.
1325 3778 1368 3835 i,
1389 3785 1436 3828 1.
1478 3783 1541 3828 67
1592 3780 1653 3825 In

594 3836 685 3885 hac
706 3845 966 3886 commotus
987 3854 1086 3887 sum
1124 3841 1217 3892 Eu.
1254 3842 1326 3899 iii,
1358 3848 1408 3892 5.
1448 3846 1509 3891 19
1557 3842 1655 3891 Vix

596 3914 699 3947 sum
722 3902 849 3963 apud
867 3918 963 3959 me,
977 3905 1043 3951 ita
1060 3904 1244 3952 animus
1281 3913 1541 3953 commotus
1582 3915 1656 3955 est

596 3970 726 4011 metu
759 3964 825 4013 A.
845 3983 894 4024 v,
912 3972 962 4016 4.
980 3972 1045 4018 84
1078 3968 1318 4025 Quidnam
1341 3969 1425 4017 ille
1445 3986 1654 4019 commo-

598 4033 672 4073 tus
696 4030 861 4077 venit?
894 4031 986 4084 ΡΙ).
1005 4032 1039 4088 i,
1054 4037 1103 4082 4.
1126 4037 1159 4081 6
1213 4033 1317 4096 Ego
1331 4032 1433 4096 jam
1454 4042 1503 4083 te
1522 4051 1653 4085 com·

597 4099 777 4138 motum
810 4093 1004 4143 reddam
1034 4095 1100 4146 A.
1124 4114 1171 4153 v,
1193 4102 1242 4147 2.
1264 4102 1326 4147 28

632 4214 646 4227 ·
664 4155 991 4209 Communico.
1053 4159 1231 4209 Nonne
1273 4160 1402 4225 prius
1444 4178 1653 4214 commu·

599 4225 807 4267 meatum
830 4223 1077 4287 oportuit?
1110 4224 1177 4275 A.
1200 4225 1235 4284 i,
1257 4232 1307 4276 5.
1330 4231 1363 4278 4

1555 393 1793 466 innan

1776 559 2068 628 Communis,
2091 577 2136 610 e.
2172 556 2303 610 Leuo
2323 575 2448 622 sum,
2469 561 2651 624 ἥκοις
2670 575 2772 626 per·

1709 627 1858 677 nieles
1872 626 2130 677 communis
2145 625 2515 674 adolescentium
2536 627 2635 676 Ad.
2653 627 2709 686 ii,
2725 632 2772 679 1.
2799 673 2814 684 ,

1711 697 1775 744 84
1831 691 2010 740 Eccum
2045 691 2180 738 adest
2212 691 2475 740 communis
2507 691 2774 756 corruptela

1711 765 1918 805 nostrum
1933 755 2127 804 liberum
2144 753 2242 802 Ad.
2262 751 2310 811 ἢ,
2325 759 2375 804 8.
2389 759 2420 804 7
2453 754 2774 820 Quemquam·

1710 837 1773 870 ne
1809 821 1966 870 animo
2007 827 2102 867 tam
2141 819 2380 867 communi
2407 833 2526 877 esse,
2557 828 2641 868 aut
2679 817 2776 868 leni

1711 886 1881 950 putas?
1903 883 2027 933 Hes.
2048 900 2096 941 v,
2119 889 2166 933 1.
2187 887 2253 933 89
2308 881 2490 931 Vitium
2523 900 2777 934 commune

1713 951 1923 999 omniurn
1944 956 2033 1006 est,
2056 949 2185 1012 quod
2218 946 2313 995 Ad.
2335 965 2383 1004 v,
2411 952 2458 997 8.
2478 952 2542 998 80
2595 949 2655 997 Id
2689 965 2774 997 oro

1714 1022 1778 1072 te,
1799 1015 1847 1062 in
1864 1029 2112 1062 commune
2132 1019 2188 1060 ut
2207 1013 2424 1060 consutas
2462 1012 2524 1060 A.
2547 1012 2614 1070 iii,
2635 1017 2683 1062 8.
2709 1017 2774 1064 16

1715 1079 1778 1127 Et
1801 1081 1920 1136 haee,
1957 1077 2225 1127 communia
2263 1077 2470 1124 omnium
2512 1093 2620 1142 qum
2663 1086 2776 1125 sunt

1717 1151 1899 1208 patrum
1917 1142 2013 1192 He.
2036 1141 2075 1203 i,
2089 1147 2136 1192 2.
2157 1145 2222 1191 42
2247 1140 2530 1190 Communia
2545 1158 2646 1190 esse
2657 1143 2772 1190 ami-

1717 1224 1876 1256 corum
1891 1208 2014 1255 inter
2033 1221 2084 1253 se
2105 1207 2264 1254 omnia
2284 1205 2378 1254 Ad.
2399 1223 2448 1262 v,
2471 1210 2519 1254 8.
2538 1211 2600 1255 18
2633 1207 2777 1255 Com·

1717 1273 1879 1320 munia
1891 1287 1992 1319 esse
2009 1271 2143 1318 haec:
2169 1270 2267 1318 fieri
2292 1285 2429 1334 posse
2451 1270 2539 1318 ΡΙ).
2559 1271 2617 1326 ii.
2640 1276 2689 1320 1.
2715 1277 2773 1322 15

1783 1337 2058 1386 commuto.
2147 1334 2242 1382 Ubi
2287 1335 2427 1382 satias
2471 1337 2616 1396 coepit
2659 1336 2777 1393 fieri,

1719 1408 1955 1449 commuto
1978 1400 2134 1448 locum
2168 1399 2261 1447 Eu.
2292 1415 2338 1454 v,
2374 1404 2423 1449 6.
2446 1403 2477 1448 8
2529 1399 2640 1446 Tria
2678 1415 2774 1448 non

1719 1464 2067 1513 commutabitis
2089 1465 2232 1511 verba
2253 1463 2394 1511 hodie
2415 1464 2536 1511 inter
2557 1479 2641 1511 vos
2683 1464 2776 1512 ΡΙ).

1719 1529 1785 1586 iv,
1809 1534 1857 1578 8.
1879 1533 1943 1579 88
1999 1528 2170 1583 Crede,
2193 1542 2432 1592 nunquam
2454 1527 2596 1575 hodie
2619 1535 2775 1576 tecum

1718 1601 2106 1642 commutaturum
2127 1600 2302 1656 patrem
2314 1607 2459 1640 unum
2473 1607 2575 1640 esse
2587 1594 2778 1640 verbum

1721 1657 1786 1706 A.
1811 1657 1864 1714 ii,
1886 1662 1934 1708 4.
1956 1662 1989 1708 7

1786 1722 1955 1771 Como.
2003 1720 2132 1769 Dum
2155 1721 2425 1778 moliuntur,
2449 1721 2562 1768 dum
2583 1736 2778 1770 comun—

1721 1792 1812 1842 tur,
1835 1802 1984 1834 annus
2006 1794 2077 1834 est
2108 1786 2230 1835 Hes.
2254 1786 2307 1840 ii,
2329 1789 2380 1834 2.
2405 1790 2464 1834 11

1787 1851 2046 1900 Comoedia.
2111 1848 2583 1907 Συναποθνῇσκοννες
2602 1850 2777 1915 Diphi-

1722 1914 1755 1962 li
1778 1915 2024 1964 Comoedia
2047 1922 2119 1962 est
2150 1915 2249 1962 Ad.
2276 1914 2403 1962 Prol.
2427 1919 2461 1964 6
2507 1914 2578 1960 Ex
2601 1916 2780 1978 integra

1723 1978 1908 2037 Graeca,
1928 1979 2158 2042 integram
2182 1979 2473 2028 Comoediam
2512 1980 2654 2028 hodie
2675 1996 2778 2028 sum

1724 2053 1911 2092 acturus
1933 2043 2055 2093 Hea.
2093 2043 2220 2092 Ptol.
2258 2049 2287 2091 5
2338 2041 2556 2106 Adporto
2591 2060 2781 2102 novam,

1724 2108 2153 2171 Epidicazomenon
2198 2123 2338 2170 quam
2381 2116 2554 2155 vocant
2595 2109 2780 2157 Comoe—

1724 2173 1853 2220 diam
1875 2172 2028 2220 Graeci
2063 2172 2157 2221 ΡΙ).
2178 2172 2303 2220 Prol.
2326 2177 2391 2221 26
2440 2172 2642 2221 Posthac
2663 2189 2780 2236 quas

1724 2236 1868 2284 faciet
1905 2237 1967 2285 de
1987 2238 2171 2300 integro
2193 2236 2458 2285 Comoedias
2479 2236 2543 2286 A.
2565 2238 2692 2285 Prol.
2714 2241 2780 2288 26

1727 2300 1910 2357 Placet,
1947 2317 2044 2348 non
2083 2301 2182 2349 fieri
2215 2302 2306 2348 hoc
2325 2301 2513 2358 itidem,
2534 2301 2660 2349 utin
2682 2302 2779 2351 Co-

1725 2365 1910 2412 moediis
1941 2365 2035 2414 He.
2060 2382 2108 2423 v,
2130 2370 2180 2414 4.
2198 2369 2265 2415 26

1793 2429 2076 2493 comperce.
2142 2429 2288 2486 Quod
2309 2429 2390 2477 ille
2431 2431 2658 2479 unciatim
2693 2429 2773 2479 vix

1725 2494 1788 2542 de
1811 2495 2032 2543 demenso
2071 2510 2176 2552 suo,
2208 2511 2340 2543 suum
2382 2496 2664 2545 defraudans
2698 2513 2780 2559 ge·

1726 2559 1876 2616 nium,
1899 2561 2150 2623 comparsit
2169 2560 2308 2607 miser
2340 2559 2428 2610 Ph.
2453 2561 2490 2616 i,
2517 2566 2564 2610 1.
2590 2565 2652 2611 lo

1793 2623 2046 2687 Comparo.
2112 2621 2192 2671 An
2229 2624 2386 2687 potius
2406 2624 2472 2671 ita
2492 2640 2568 2673 me
2589 2640 2780 2689 compa-

1723 2704 1839 2744 rem,
1867 2704 1965 2735 non
1987 2690 2172 2751 perpeti
2206 2689 2496 2737 meretricum
2537 2699 2781 2737 contume-

1723 2753 1845 2800 lias?
1879 2752 1971 2800 Eu.
2006 2753 2043 2807 i,
2069 2758 2112 2801 1.
2135 2758 2167 2803 2
2219 2753 2374 2799 Immo
2410 2754 2534 2800 enim
2569 2755 2606 2801 si
2643 2755 2784 2811 scias,

1757 2819 1852 2865 uod
1875 2818 2052 2865 donum
2073 2818 2183 2865 huic
2206 2817 2334 2864 dono
2357 2825 2520 2865 contra
2541 2827 2784 2881 comparet

1724 2833 1816 2929 Eu.
1838 2882 1889 2938 ii,
1911 2886 1960 2931 8.
1983 2886 2046 2931 68
2084 2881 2280 2938 Aurum,
2303 2889 2446 2945 atque
2466 2890 2662 2938 vestem,
2683 2884 2784 2946 qui,

1725 2954 1921 2994 tenesne
1941 2946 1960 2994 ἰ
2008 2945 2100 2994 ch.
2136 2946 2254 2995 com
2293 2947 2427 2993 aret?
2476 2948 2562 3012 Sy.
2611 2948 2670 2995 Id
2707 2948 2782 3010 ip-

1725 3026 1826 3057 sum
1849 3010 1972 3059 Hea.
1995 3009 2059 3066 iv,
2082 3016 2129 3061 5.
2152 3014 2217 3059 80
2311 3026 2363 3057 es
2401 3012 2484 3074 qui
2525 3027 2707 3069 aurum,
2727 3028 2784 3061 ac

1723 3082 1916 3129 vestem,
1936 3082 2079 3138 atque
2101 3075 2210 3131 alia,
2231 3091 2337 3138 quae
2359 3091 2478 3137 opus
2499 3084 2625 3132 sunt,
2649 3092 2777 3125 com-

1724 3148 1858 3201 paret
1888 3139 2011 3187 Hea.
2031 3140 2097 3197 iv,
2119 3144 2168 3188 8.
2193 3143 2254 3188 15
2310 3138 2472 3202 Atque
2506 3156 2564 3187 ex
2600 3141 2784 3189 incom-

1723 3203 1876 3251 modis
1913 3204 2102 3253 alterins
2141 3218 2226 3251 sua
2262 3211 2314 3250 ut
2347 3212 2622 3265 comparent
2653 3220 2784 3253 com-

1723 3267 1898 3314 moda?
1932 3266 1996 3317 A.
2016 3268 2081 3325 iv,
2106 3273 2152 3317 1.
2172 3272 2205 3317 4
2251 3268 2318 3316 Ut
2338 3284 2394 3315 ex
2423 3267 2552 3315 illius
2573 3284 2782 3325 commo·

1723 3330 1786 3379 do
1809 3347 1963 3379 meum
1985 3347 2300 3396 compararem
2323 3332 2620 3380 commodum
2658 3333 2785 3382 Hea.

1721 3394 1778 3451 ii,
1800 3399 1851 3445 4.
1879 3401 1939 3446 17
1990 3396 2058 3445 Di
2079 3404 2278 3445 vostram
2299 3396 2470 3445 fidem!
2501 3398 2573 3445 ita
2591 3412 2784 3461 compa-

1724 3466 1868 3506 ratam
1890 3476 1991 3509 esse
2015 3462 2253 3509 bominum
2292 3467 2504 3510 naturam
2540 3461 2782 3511 omniurn?

1723 3522 1846 3571 Hea.
1870 3524 1942 3582 iii,
1967 3531 2013 3576 1.
2035 3530 2099 3575 97
2147 3524 2406 3589 Nunquam
2439 3526 2538 3573 vidi
2575 3526 2782 3589 iniquius

1724 3586 2118 3637 concertationem
2153 3599 2488 3653 comparatam,
2509 3605 2647 3652 quam
2682 3588 2782 3637 Ad.

1723 3652 1778 3707 ii,
1801 3658 1851 3703 2.
1869 3658 1900 3702 4
1953 3654 2110 3711 Quam
2133 3653 2297 3717 inique
2319 3662 2638 3718 comparatum
2675 3662 2748 3702 est
2768 3654 2780 3701 !

1723 3716 1814 3764 ΡΙ).
1835 3716 1869 3773 i,
1913 3720 1958 3765 1.
1995 3722 2028 3767 7
2081 3717 2162 3766 Αιι
2182 3718 2193 3765 !
2229 3734 2290 3766 ne
2323 3720 2666 3782 comparandus
2708 3718 2786 3767 hic

1724 3781 1916 3843 quidem
1939 3782 1998 3828 ad
2022 3782 2152 3829 illum
2177 3789 2249 3830 est
2281 3782 2375 3830 Eu.
2398 3783 2464 3839 iv,
2480 3789 2530 3834 4.
2553 3788 2616 3833 14

1791 3844 2075 3907 Compedes.
2139 3846 2295 3894 Herus
2317 3848 2358 3895 si
2379 3848 2598 3895 redierit:
2631 3862 2786 3909 vapu-

1726 3908 1917 3956 landum
1938 3925 1951 3957 =
1987 3910 2216 3959 habenda
2259 3914 2512 3976 compedes
2548 3911 2638 3959 Ph.
2660 3910 2712 3974 ii,
2735 3915 2784 3961 1.

1790 4038 2063 4103 Compei-io.
2107 4039 2213 4088 rior.
2280 4040 2639 4105 comperiebam
2661 4056 2673 4085 ε
2706 4038 2779 4085 ni·

1725 4101 1792 4151 ΙιίΙ
1815 4106 1877 4152 ad
1899 4103 2200 4167 Pamphilum
2221 4105 2476 4168 quicquam
2495 4106 2695 4153 attinere
2717 4102 2785 4151 A.

1725 4166 1762 4223 ἱ,
1786 4172 1833 4217 1.
1856 4172 1919 4217 68
1966 4167 2120 4233 Atqui
2158 4178 2288 4218 certo
2309 4170 2516 4233 comperi
2550 4170 2642 4217 Eu.
2660 4182 2711 4224 v,
2737 4171 2786 4218 1.

1725 4234 1760 4279 9
1813 4232 1908 4281 Ubi
1930 4233 2137 4298 comperi
2157 4250 2214 4283 ex
2236 4234 2312 4292 iis,
2333 4234 2418 4296 qui
2447 4234 2493 4283 ei
2515 4234 2644 4283 suere
2667 4247 2785 4281 con-
