3192 4975
573 410 854 481 clxxxii

572 584 624 631 3.
643 582 676 628 ’1
729 576 840 625 Hoc
873 576 952 640 qul
990 574 1172 639 nequit.
1211 574 1412 623 fateatur
1447 578 1629 625 nescire

573 641 979 757 ..ἕψω
1135 704 1633 766 0...

1395 738 1409 753 o
1455 739 1471 762 ῃ
1529 737 1544 753 ο

575 772 691 825 Hic,
733 770 804 817 ita
838 777 893 817 ut
937 768 1107 816 liberos
1137 777 1211 817 est
1253 784 1460 831 aequom,
1493 768 1634 817 dictis

576 832 896 885 confutabitur
938 832 1059 879 Hea.
1095 848 1142 891 v,
1163 837 1214 881 1.
1236 834 1302 882 ⁷6
1356 833 1546 882 Pudore
1585 842 1639 881 et

577 898 852 950 liberalitate
869 897 1038 945 liberos
1053 895 1249 945 retinere
1259 896 1404 945 satius
1418 912 1518 945 esse
1535 912 1636 945 cre-

576 964 659 1020 do,
682 976 822 1025 quam
845 969 974 1011 metu
1005 960 1104 1010 Ad.
1131 961 1167 1023 i,
1189 967 1234 1010 1.
1257 965 1320 1010 32
1375 961 1474 1018 Qui
1503 961 1640 1009 illum⁴

576 1030 825 1077 decrerunt
845 1026 1061 1088 dignum,
1082 1040 1191 1073 suos
1214 1026 1289 1073 cui
1314 1025 1484 1073 liberos
1506 1041 1639 1073 com·

576 1091 819 1141 mitterent
849 1089 946 1137 He.
963 1088 1020 1149 ii,
1049 1094 1093 1139 1.
1115 1094 1176 1139 16
1227 1089 1279 1139 Si
1299 1106 1357 1137 ex
1378 1106 1456 1139 me
1475 1090 1558 1138 ina
1577 1090 1636 1138 li-

576 1158 712 1204 beros
731 1154 876 1204 vellet
893 1152 980 1203 sibi
1016 1153 1110 1203 He.
1135 1154 1204 1211 iv,
1223 1158 1272 1203 4.
1294 1158 1358 1202 33

643 1219 832 1269 Libere.
898 1217 1042 1274 Hem,
1091 1217 1238 1267 libero
1291 1218 1356 1266 A.
1397 1218 1450 1275 ii,
1483 1221 1532 1267 2.
1569 1221 1633 1267 16

581 1284 737 1340 Quam
771 1283 972 1345 primum
1011 1284 1102 1329 hoc
1136 1296 1212 1329 me
1234 1281 1379 1331 libera
1415 1282 1637 1331 miserum

578 1354 708 1396 metu
741 1346 808 1397 A.
831 1346 882 1403 ii,
903 1351 954 1397 2.
977 1350 1039 1395 14
1085 1346 1330 1395 Liberatus
1352 1362 1454 1395 sum
1475 1347 1637 1404 hodie,

577 1412 736 1469 Dave,
759 1423 842 1461 tua
864 1424 1008 1474 opera
1035 1408 1100 1462 A.
1125 1410 1182 1474 ii,
1202 1415 1254 1461 2.
1275 1415 1336 1459 33

645 1476 876 1524 Libertas.
942 1474 1146 1522 Hiccine
1201 1475 1460 1522 libertatem
1503 1473 1639 1521 aiunt

581 1556 622 1587 ε
657 1554 764 1589 uam
785 1555 887 1589 esse
905 1538 1154 1586 omnibns?
1187 1538 1282 1588 Ad.
1305 1539 1357 1599 ii,
1374 1542 1418 1588 1.
1442 1542 1506 1588 29

689 1605 877 1651 ibertus.
943 1602 1072 1659 Feci.
1107 1620 1134 1651 e
1172 1618 1302 1651 servo
1338 1611 1391 1649 ut
1425 1618 1551 1651 esses
1583 1601 1642 1648 li.

581 1670 738 1723 bertus
760 1668 874 1715 mihi
908 1667 970 1715 A.
1007 1668 1042 1722 i,
1068 1672 1114 1717 1.
1141 1671 1203 1715 10
1257 1667 1409 1714 Immo
1431 1668 1560 1730 apud
1581 1665 1639 1713 li·

582 1734 767 1781 bertum
791 1731 990 1780 Discum
1023 1730 1115 1779 Eu.
1135 1730 1212 1787 iii,
1231 1736 1279 1781 6.
1301 1736 1367 1780 60

647 1796 880 1845 Licentia.
944 1795 1110 1843 Nimia
1138 1794 1262 1843 illaec
1305 1795 1494 1845 licentia
1529 1810 1641 1841 eva-

582 1861 667 1909 det
700 1861 751 1908 in
791 1868 1011 1923 magnum
1053 1861 1228 1907 malum
1272 1858 1367 1906 Ad.
1407 1858 1478 1915 iii,
1501 1863 1550 1907 4.
1571 1863 1641 1907 63

583 1924 854 1973 Deteriores
887 1938 1048 1971 omnes
1083 1938 1242 1971 sumus
1284 1921 1477 1971 licentia
1517 1922 1641 1971 Hea.

586 1988 640 2037 iii
685 1994 731 2038 l.
752 1993 816 2037 74

645 2024 799 2101 iLicet.
864 2050 941 2099 Sic
988 2058 1042 2097 ut
1082 2051 1286 2115 quimus,
1332 2050 1546 2114 quando,
1589 2058 1644 2098 ut

582 2118 817 2175 volumus,
839 2132 936 2164 non
970 2115 1081 2163 licet
1114 2116 1176 2165 A.
1206 2116 1272 2177 iv,
1293 2120 1341 2163 6.
1367 2119 1428 2163 10
1482 2114 1647 2175 Pater,

584 2181 761 2229 licetne
804 2180 996 2245 pauca?
1030 2179 1097 2227 A.
1128 2198 1174 2236 v,
1211 2185 1258 2230 3.
1293 2184 1359 2229 22
1415 2177 1559 2234 Quod
1604 2179 1647 2226 si

585 2244 796 2308 personis
821 2246 984 2291 iisdem
1007 2245 1077 2291 uti
1115 2244 1217 2291 aliis
1235 2258 1334 2291 non
1367 2243 1510 2291 lieet:
1545 2242 1645 2298 Qui

587 2309 735 2371 magis
776 2308 906 2367 licet,
947 2316 1181 2355 currentes
1218 2322 1372 2355 servos
1409 2307 1641 2355 scribere?

587 2372 679 2420 Eu.
703 2372 835 2418 Ptol.
853 2376 931 2419 36.
953 2375 1018 2418 36
1064 2370 1234 2419 Jamne
1269 2384 1510 2431 erumpere
1551 2372 1641 2417 hoc

589 2436 702 2483 licet
723 2434 834 2481 mihi
858 2434 1080 2497 gaudium
1101 2435 1118 2480 ?
1152 2433 1244 2481 Eu.
1265 2434 1338 2492 iii,
1361 2438 1408 2481 6.
1431 2438 1462 2481 2
1511 2434 1562 2481 Si
1582 2434 1643 2480 il-

587 2500 670 2546 lud
695 2514 792 2548 non
815 2499 924 2546 licet
957 2497 1046 2544 Eu.
1068 2499 1134 2554 iv,
1156 2503 1205 2546 2.
1229 2503 1287 2547 11
1337 2497 1508 2546 Fruare
1529 2500 1645 2544 dum

590 2565 704 2610 licet
733 2562 860 2612 Hea.
890 2562 945 2618 ii,
968 2567 1016 2610 3.
1043 2566 1136 2610 104
1187 2562 1300 2609 Non
1341 2561 1453 2609 licet
1493 2563 1645 2610 homi-

589 2642 698 2674 nem
721 2642 822 2675 esse
845 2641 971 2689 saepe
991 2627 1060 2672 ita
1079 2633 1132 2673 ut
1153 2627 1252 2673 volt
1283 2625 1406 2673 Hea.
1429 2627 1492 2681 iv,
1509 2632 1554 2675 1.
1577 2630 1643 2674 53

587 2691 863 2754 Triumpho,
883 2690 922 2738 si
943 2691 1053 2737 licet
1071 2707 1145 2738 me
1168 2690 1311 2738 latere
1333 2697 1458 2738 tecto
1482 2693 1647 2738 absce-

590 2756 701 2803 dere
735 2755 860 2804 Hea.
880 2754 945 2813 iv,
960 2759 1008 2802 2.
1027 2761 1055 2802 6
1090 2754 1214 2802 Aliis
1236 2755 1276 2801 si
1295 2754 1424 2810 licet,
1440 2755 1523 2802 tibi
1548 2770 1648 2801 non

591 2820 705 2868 licet
737 2820 861 2867 Hea.
879 2819 948 2876 ir,
971 2825 1019 2867 6.
1043 2824 1109 2868 49
1141 2818 1285 2873 Here,
1309 2819 1518 2868 licetne?
1553 2819 1646 2868 ch.

593 2883 805 2947 Loquere
841 2883 962 2932 Heu.
987 2899 1032 2938 ν,
1054 2888 1102 2932 2.
1125 2888 1190 2934 20
1244 2882 1377 2930 Dum
1415 2897 1499 2944 per
1533 2890 1649 2930 aeta-

593 2957 688 2995 tem
727 2948 839 2996 licet
871 2945 966 2995 Ad.
998 2947 1031 3002 i,
1055 2951 1102 2995 2.
1127 2952 1193 2996 28
1246 2947 1345 3002 Qui
1383 2947 1472 2993 tibi
1501 2946 1651 3010 magis

597 3011 712 3059 licet
749 3025 898 3060 meam
923 3011 1128 3058 habere?
1164 3009 1261 3058 Ad.
1281 3011 1332 3067 ii,
1359 3016 1401 3058 1.
1423 3015 1485 3059 25
1541 3011 1651 3060 Hoc

595 3075 710 3124 iicet
730 3077 919 3138 impune
943 3075 1096 3123 facere
1134 3075 1262 3132 huic,
1300 3075 1370 3123 illi
1405 3089 1503 3122 non
1538 3075 1655 3122 licet

529 3195 540 3202 -
595 3137 694 3187 Ad.
715 3158 763 3196 v,
787 3145 833 3189 3.
857 3144 921 3188 38
974 3139 1178 3202 Impune
1211 3147 1374 3201 optare
1395 3139 1516 3186 istuc
1540 3139 1653 3187 licet

597 3204 690 3252 He.
713 3205 782 3260 iii,
807 3209 856 3252 5.
882 3207 944 3252 14
995 3203 1048 3250 Si
1083 3211 1174 3264 est,
1209 3211 1261 3250 ut
1296 3202 1409 3250 velit
1430 3203 1652 3252 reducere

596 3283 805 3322 uxorem,
828 3266 940 3315 licet
973 3267 1064 3314 He.
1084 3267 1156 3322 iii,
1179 3273 1228 3316 6.
1251 3272 1313 3316 61
1348 3266 1494 3323 Here,
1517 3267 1652 3315 licet·-

599 3347 662 3380 ne
683 3332 798 3380 scire
821 3346 875 3377 ex
899 3337 945 3376 te
965 3330 982 3376 ?
1023 3330 1111 3378 Pa.
1135 3330 1247 3379 Non
1270 3331 1382 3380 licet
1411 3331 1506 3379 He.
1529 3347 1577 3391 v,
1599 3335 1651 3381 4.

600 3399 682 3443 33.
705 3398 768 3443 34
823 3393 940 3442 Post
975 3393 1058 3440 illa
1088 3394 1208 3458 jam,
1246 3403 1300 3443 ut
1332 3395 1482 3451 lubet,
1517 3395 1653 3443 ludas

599 3459 709 3505 licet
745 3457 834 3505 Ph.
856 3457 906 3514 ii,
929 3461 977 3505 2.
1001 3463 1063 3506 33
1120 3459 1218 3507 Soli
1253 3459 1366 3508 licet
1383 3461 1462 3508 hic
1485 3460 1556 3506 bis
1571 3459 1653 3522 ju-

601 3523 776 3570 dicium
801 3521 1048 3585 adipiscier
1080 3523 1170 3572 Ph.
1191 3523 1244 3582 ii,
1269 3529 1317 3572 3.
1339 3528 1402 3573 68
1442 3523 1572 3571 Dum
1596 3525 1651 3570 li-

599 3596 697 3647 cet,
716 3587 958 3652 loquimini
991 3603 1191 3648 mecum,
1223 3588 1435 3651 Antipho
1468 3588 1559 3635 Ph.
1582 3589 1655 3646 iii,

598 3653 646 3699 3.
666 3655 728 3700 16
751 3651 825 3699 Ire
845 3652 985 3714 igitur
1001 3651 1088 3698 tibi
1109 3653 1232 3709 licet,
1249 3652 1542 3700 Nausistrata
1564 3653 1654 3700 Ph.

596 3732 644 3774 v,
669 3720 716 3764 3.
739 3721 802 3764 30
835 3715 940 3763 Illic
956 3717 1078 3763 haud
1101 3716 1293 3778 licebat,
1313 3717 1404 3763 nisi
1425 3717 1654 3779 praefinito

600 3779 732 3842 loqui
765 3780 859 3830 He.
881 3781 914 3835 i,
937 3784 984 3828 2.
1008 3784 1071 3829 19
1101 3781 1213 3829 Tibi
1235 3797 1329 3827 non
1354 3780 1490 3830 licuit
1509 3787 1654 3844 perte

600 3846 717 3892 mihi
757 3847 867 3894 dare
900 3844 1021 3890 Hea.
1045 3861 1090 3901 v,
1112 3849 1161 3894 2.
1189 3850 1248 3894 12
1304 3844 1435 3892 Dum
1473 3846 1654 3893 licitum

601 3919 674 3955 est
691 3909 754 3965 ei,
789 3909 964 3956 amavit
996 3907 1060 3955 A.
1082 3909 1135 3964 ii.
1157 3914 1206 3958 6.
1233 3914 1292 3958 12
1349 3909 1504 3964 Quam
1538 3911 1654 3956 mihi

603 3987 687 4034 per
728 3973 964 4022 silentium
1007 3989 1245 4036 nunquam
1294 3989 1430 4036 agere
1474 3973 1656 4020 licitum

600 4045 673 4084 est
705 4037 799 4086 He.
821 4038 922 4084 Alt.
945 4037 1073 4084 Ptol.
1095 4043 1158 4088 22
1213 4038 1344 4084 Dum
1365 4037 1449 4084 illo
1473 4037 1654 4086 licitum

604 4110 678 4148 est
709 4101 803 4150 He.
824 4119 872 4159 v,
895 4106 941 4149 3.
964 4106 1027 4150 39
1059 4103 1234 4150 Saltem
1257 4103 1344 4149 hoc
1371 4101 1529 4149 licebit
1561 4103 1656 4150 Eu.

606 4163 675 4218 iv.
697 4170 745 4214 2.
768 4171 831 4216 12
885 4165 1060 4221 Quaeso
1098 4167 1252 4214 hercle
1283 4174 1336 4213 ut
1357 4165 1514 4223 liceat,
1544 4167 1657 4214 dare

606 4228 717 4274 huic
754 4243 860 4290 quae
881 4230 1094 4279 volumus
1129 4231 1218 4280 Eu.
1252 4229 1320 4288 iii,
1341 4234 1389 4280 2.
1412 4233 1472 4278 13
1527 4231 1658 4280 Date

608 4300 907 4356 potestatem,
929 4295 1045 4344 mihi
1077 4295 1310 4346 statarium
1348 4309 1484 4362 agere
1514 4304 1567 4344 ut
1600 4295 1655 4344 li.—

1548 426 1799 477 {Nnrtx

1706 584 1813 625 eeat
1846 588 1929 638 per
1964 574 2201 624 silentium
2235 570 2357 627 Hea.
2376 574 2503 624 Prol-
2522 577 2591 625 36
2640 570 2773 625 Mihi‘

1707 641 1903 688 amicam
1940 639 2155 697 adduxti,
2174 656 2313 703 quam
2352 656 2451 689 non
2492 642 2635 690 liceat
2664 650 2773 691 tan-

1708 720 1817 767 gere
1850 704 1973 751 Hea.
1992 704 2059 765 iv,
2072 710 2123 753 6.
2146 710 2207 753 16
2241 705 2395 753 Modo
2420 706 2561 753 liceat
2582 708 2769 766 vivere3

1708 776 1782 816 est
1802 783 1909 831 spes
1942 767 2065 815 Hea.
2088 782 2137 825 v,
2158 773 2208 817 2.
2232 773 2297 819 28
2348 768 2531 819 Eodem
2570 780 2627 817 ut
2654 770 2769 832 jure

1708 834 1781 880 uti
1820 846 1979 880 senem
1999 832 2163 892 liceat,
2202 848 2299 895 quo
2331 834 2426 881 He.
2456 834 2561 881 Alt.
2582 834 2712 883 Prol.
2734 840 2765 884 3

1710 897 1881 961 Itaque
1901 911 1997 943 una
2020 897 2143 944 inter
2162 912 2249 945 nos
2270 912 2297 943 a
2328 914 2404 945 ere
2419 905 2607 945 atatem
2627 896 2777 947 liceat·

1710 960 1805 1009 He.
1826 961 1875 1016 ii,
1902 965 1947 1009 1.
1976 966 2037 1008 10
2088 960 2163 1007 Ita
2184 977 2259 1009 me
2338 962 2351 1008 i
2373 962 2493 1010 bene
2512 970 2691 1020 ament,
2716 970 2771 1009 nt

1710 1025 1827 1073 mihi
1848 1025 1989 1073 liceat
2010 1031 2105 1071 tam
2126 1024 2227 1081 diu,
2242 1026 2367 1089 quod
2390 1042 2516 1081 amo,
2533 1025 2649 1072 frui!
2674 1026 2767 1075 Ph.

1710 1090 1747 1147 i,
1770 1093 1818 1137 3.
1840 1092 1903 1137 1⁸
1938 1088 2016 1135 Ibi
2028 1090 2169 1137 homo
2184 1090 2328 1152 coepit
2342 1106 2416 1138 me
2438 1092 2700 1153 obsecrare,
2714 1098 2775 1139 ut

1710 1154 1803 1201 sibi
1839 1153 2001 1201 liceret
2035 1154 2213 1201 discere
2234 1154 2283 1201 id
2322 1154 2385 1202 de
2421 1170 2497 1202 me
2532 1154 2625 1203 Eu.
2646 1154 2697 1216 ii,
2717 1159 2767 1202 2.

1712 1221 1774 1268 31
1812 1217 1888 1264 Ita
1909 1219 2273 1274 obsecraturum,
2292 1226 2345 1265 ut
2366 1218 2529 1266 liceret
2542 1219 2633 1265 sibi
2648 1220 2773 1267 hane

1714 1296 1905 1331 uxorem
1926 1281 2097 1329 ducere
2130 1282 2228 1328 Ad.
2248 1282 2320 1338 iii,
2345 1287 2393 1330 2.
2414 1285 2481 1332 36
2512 1281 2613 1330 Sibi
2635 1282 2773 1331 licere

1714 1345 1766 1394 id
1801 1346 1973 1400 facere,
2012 1352 2148 1408 putat
2186 1345 2311 1394 Hea.
2334 1346 2460 1393 Prol.
2483 1350 2545 1395 21
2604 1346 2775 1395 Tibine

1714 1413 1816 1459 hoc
1838 1408 2014 1456 diutius
2036 1408 2174 1457 licere
2196 1424 2355 1471 speras
2373 1409 2545 1467 facere,
2568 1424 2643 1457 me
2664 1411 2775 1458 vivo

1714 1482 1847 1539 patre
1868 1474 1885 1520 ?
1922 1472 2042 1521 Hea.
2066 1473 2104 1531 i,
2128 1478 2176 1521 1.
2198 1478 2259 1522 61
2294 1473 2511 1521 Hoccine
2534 1489 2609 1521 me
2630 1475 2773 1522 mise-

1714 1554 1818 1585 rum
1858 1552 1957 1584 non
1998 1538 2137 1585 licere
2182 1553 2287 1585 meo
2331 1539 2472 1585 modo
2529 1532 2778 1603 ingenium

1715 1601 1841 1651 frui!
1876 1601 2001 1649 Hea.
2022 1601 2073 1663 ii,
2093 1605 2143 1650 4.
2166 1605 2225 1649 21
2274 1601 2525 1650 Crederem
2550 1602 2663 1649 mihi
2684 1602 2775 1649 irn-

1752 1666 1890 1715 unius
1907 1666 2045 1714 licere
2079 1664 2201 1713 Hea.
2225 1665 2293 1722 iii,
2314 1668 2443 1715 2.60
2476 1665 2653 1721 Video,
2676 1678 2777 1714 non·

1717 1684 1878 1787 iicere,
1894 1738 1950 1777 ut
1964 1741 2214 1794 eoeperam.
2230 1730 2323 1777 hoe
2344 1730 2622 1792 pertendere
2654 1730 2776 1781 Heu..

1717 1812 1765 1852 v,
1788 1802 1837 1843 6.
1857 1800 1891 1844 9
1940 1795 1993 1842 Si
2032 1808 2219 1841 uxorem
2256 1793 2389 1851 velit,
2425 1793 2532 1857 lege
2563 1791 2614 1841 id
2638 1794 2779 1844 licere

1717 1860 1872 1908 facere
1905 1858 1999 1907 Ph.
2018 1858 2057 1921 i,
2078 1863 2127 1907 2.
2150 1860 2217 1907 66
2770 1870 2775 1877 ’

1783 1923 1993 1985 Ligurio.
2059 1922 2199 1983 Quae,
2252 1936 2361 1969 cum
2413 1928 2617 1969 amatore
2670 1936 2777 1985 suo,

1719 2002 1827 2035 cum
1846 1992 2052 2043 coenant,
2076 1986 2305 2049 liguriunt
2335 1984 2427 2033 Eu.
2450 2003 2497 2045 v,
2518 1990 2570 2034 4.
2597 1988 2657 2033 14

1782 2050 1968 2100 Limen.
2032 2049 2140 2098 Jam
2162 2058 2217 2096 ut
2238 2050 2383 2097 limen
2404 2050 2673 2111 exirem‚ad
2695 2066 2776 2113 ge-

1720 2130 1817 2163 nua
1837 2114 2029 2175 accidit,
2046 2116 2309 2162 lacrumans
2341 2113 2436 2161 He.
2456 2114 2525 2170 iii,
2546 2119 2595 2163 3.
2618 2118 2683 2163 18
2768 2144 2775 2151 ·

1782 2180 1961 2236 Limus,
1990 2193 2036 2235 a,
2058 2194 2155 2225 um.
2220 2177 2324 2240 Ego
2347 2178 2469 2225 limis
2490 2186 2669 2240 specto,
2708 2177 2777 2225 sie

1721 2258 1804 2306 per
1822 2243 2058 2290 flabellum
2082 2242 2349 2290 clanculum
2383 2242 2477 2291 Eu.
2501 2243 2569 2301 iii,
2590 2248 2639 2291 6.
2664 2247 2729 2289 63

1785 2306 1949 2354 Linea.
2015 2306 2157 2355 Certe
2196 2313 2397 2353 extrema
2453 2307 2577 2353 linea
2624 2320 2779 2354 amare

1718 2372 1847 2418 haud
1867 2371 1986 2419 nihil
2008 2379 2082 2419 est
2112 2370 2205 2417 Eu.
2227 2372 2292 2427 iv,
2314 2375 2362 2418 2.
2382 2374 2443 2418 12

1787 2435 1987 2498 Lingua.
2054 2434 2179 2482 Perii
2198 2434 2209 2481 Ξ
2264 2434 2425 2498 lingua
2466 2434 2611 2481 haeret
2653 2440 2780 2481 metu

1719 2498 1811 2550 Eu.
1837 2516 1882 2552 v.
1904 2504 1953 2548 6.
1974 2505 2005 2548 7
2054 2499 2259 2547 Facilem
2282 2499 2653 2562 benevolumque
2689 2500 2779 2546 lin·

1722 2579 1813 2626 gua
1836 2571 1917 2611 tua
1930 2563 2033 2626 jam
2055 2564 2143 2611 tibi
2170 2579 2247 2612 me
2284 2563 2493 2611 reddidit
2544 2563 2641 2614 He.
2665 2581 2711 2621 v,
2736 2569 2784 2615 1.

1785 2691 1976 2755 Liquet.
2040 2691 2199 2746 Illum,
2223 2691 2377 2754 liquet
2394 2691 2511 2738 mihi
2549 2689 2779 2753 dejerare,

1721 2771 1930 2819 prorsum
1952 2771 2048 2803 non
2073 2755 2244 2804 vidisse
2278 2755 2368 2802 Eu.
2389 2756 2440 2811 ii,
2464 2760 2511 2803 3.
2533 2760 2597 2803 39

1786 2820 2008 2884 Liquido.
2074 2821 2126 2867 Si
2181 2834 2302 2882 opus
2356 2820 2417 2866 sit
2452 2818 2781 2881 jusjurandum

1722 2883 1854 2939 mihi,
1878 2892 1931 2931 ut
1954 2883 2136 2946 liquido
2155 2885 2327 2946 possim
2361 2882 2428 2931 A.
2446 2883 2513 2937 iv.
2533 2888 2580 2931 3.
2607 2887 2668 2932 14

1790 2949 1885 2996 Lis.
1950 2947 2080 2996 Lites
2102 2953 2211 2995 sunt
2227 2949 2353 2995 inter
2373 2963 2455 2994 eos
2475 2947 2612 2994 factae
2653 2962 2781 2996 max-

1722 3028 1843 3060 umae
1877 3012 1969 3059 Eu.
1988 3012 2057 3069 iv,
2080 3018 2129 3060 6.
2150 3017 2181 3060 8
2237 3013 2419 3059 Paratae
2462 3012 2569 3059 lites
2612 3009 2713 3062 Ad.
2734 3029 2784 3068 v,

1723 3081 1771 3127 3.
1797 3081 1828 3125 6
1864 3077 2034 3140 Neque
2055 3077 2161 3123 lites
2184 3075 2291 3122 ullae
2307 3075 2432 3122 inter
2451 3091 2533 3122 eas
2563 3075 2657 3126 He.
2679 3076 2714 3131 i,
2735 3080 2783 3125 2.

1726 3145 1818 3190 106
1870 3141 1999 3187 Mihi
2021 3148 2195 3202 paratas
2217 3139 2323 3186 lites
2354 3138 2445 3187 Ph.
2468 3138 2508 3197 i,
2522 3143 2571 3186 2.
2584 3143 2649 3187 83
2684 3139 2784 3186 He-

1723 3221 1800 3253 rus
1822 3204 2022 3252 liberalis
2044 3211 2135 3265 est,
2154 3210 2205 3250 et
2238 3202 2445 3264 fugitans
2483 3202 2633 3249 litium
2690 3203 2786 3252 Ph.

1720 3269 1787 3325 iv,
1809 3273 1857 3316 3.
1880 3274 1942 3317 18
1976 3266 2119 3314 Nunc
2139 3282 2215 3314 me
2236 3267 2469 3328 hospitem
2491 3266 2597 3314 lites
2618 3267 2777 3330 sequi,

1762 3347 1865 3380 uam
1906 3331 1985 3379 hic
2022 3330 2140 3379 mihi
2177 3331 2237 3378 sit
2274 3331 2415 3378 facile
2470 3329 2536 3378 A.
2558 3331 2624 3390 iv,
2645 3337 2693 3379 6.
2720 3337 2782 3382 16

1770 3395 1911 3452 otius,
1934 3411 2074 3460 quam
2099 3397 2202 3443 lites
2236 3411 2403 3459 sequar
2455 3394 2555 3443 Ad.
2579 3397 2627 3452 ii,
2648 3401 2698 3445 2.
2720 3399 2786 3444 40

1722 3460 1795 3508 Tu
1812 3459 1913 3523 jam
1934 3460 2041 3508 lites
2062 3461 2225 3508 audies
2259 3461 2350 3508 Pu.
2374 3460 2407 3516 i,
2430 3464 2479 3510 4.
2498 3463 2563 3508 42
2596 3459 2785 3517 Potius,

1726 3541 1867 3589 quam
1890 3525 1996 3572 lites
2017 3532 2166 3572 secter
2197 3526 2289 3572 Ph.
2310 3525 2363 3580 ii,
2388 3529 2434 3572 3.
2456 3526 2516 3572 61
2554 3523 2621 3569 Ut
2641 3522 2781 3570 herus

1728 3589 1801 3636 his
1821 3590 2017 3636 desistat
2036 3589 2197 3636 litibus
2227 3589 2317 3636 Ph.
2339 3587 2405 3646 ἰν,
2427 3590 2474 3634 3.
2495 3590 2561 3634 29

1792 3653 1977 3701 Literre.
2042 3653 2080 3699 F
2082 3667 2136 3700 ac
2158 3651 2416 3716 periculum
2437 3650 2489 3697 in
2511 3649 2656 3698 literis
2689 3649 2783 3700 Eu.

1726 3716 1782 3765 iii
1822 3723 1871 3766 2.
1892 3721 1955 3766 23

1784 3752 1968 3843 'Litng
2030 3779 2188 3826 Etiam
2225 3795 2410 3827 mecum
2446 3778 2632 3842 litigas?
2691 3777 2787 3827 He.

1727 3845 1797 3901 iii,
1820 3852 1868 3894 6.
1902 3851 1964 3895 67
2022 3845 2141 3893 Cum
2164 3843 2247 3890 illa
2286 3845 2443 3907 litigat
2495 3843 2560 3894 A.
2585 3861 2631 3901 v,
2653 3847 2700 3892 2.
2727 3845 2789 3890 12

1729 3910 1859 3968 Quid
1881 3909 1977 3958 illic
1997 3909 2235 3956 hominum
2260 3909 2476 3972 litigant!
2508 3908 2573 3955 A.
2592 3908 2660 3962 iv,
2680 3912 2728 3957 4.
2750 3910 2783 3955 6

1794 3973 1979 4023 Locito.
2046 3972 2203 4036 Agelli
2224 3983 2297 4020 est
2318 3975 2394 4021 hic
2415 3975 2503 4022 sub
2525 3975 2637 4020 urbe
2670 3984 2783 4033 pau-

1730 4039 1846 4096 lum,
1871 4039 1999 4102 quod
2023 4037 2187 4085 locitas
2208 4039 2333 4086 foras
2363 4037 2461 4085 Ad.
2484 4055 2530 4091 v,
2553 4041 2603 4085 8.
2624 4040 2689 4083 26

1796 4103 1941 4152 Loco.
2006 4102 2076 4150 Ut
2088 4103 2243 4164 potui,
2260 4110 2460 4164 nuptum
2477 4099 2698 4162 virginem
2716 4098 2785 4144 lo-

1728 4167 1835 4215 cavi
1856 4167 1965 4217 huic
1982 4166 2271 4216 adolescenti
2303 4167 2392 4215 Ph.
2412 4182 2459 4224 v,
2475 4170 2521 4213 1.
2538 4169 2599 4212 26
2634 4163 2789 4218 Quae·

1730 4249 1805 4347 Εἰ
1823 4232 2169 4349 qnidasiflliam
2189 4245 2321 4285 suam
2353 4231 2538 4279 unicam
2576 4225 2785 4277 locaret?

1808 4333 1823 4350 0
1845 4313 1912 4358 ιν.
1971 4330 1984 4348 .
2612 4309 2617 4314 ι
