3192 4975
603 419 835 480 ccxxx

601 585 682 631 85.
702 583 770 630 ,59
801 575 1040 632 Minuta,
1057 591 1221 626 omnen
1241 591 1324 625 vos
1338 591 1444 626 nmo
1467 577 1556 626 Ph.
1579 579 1647 636 iii,

603 651 652 694 1.
675 648 736 694 14
770 641 880 690 Una
899 657 1060 689 omnes
1081 657 1166 688 nos
1187 650 1270 689 aut
1291 642 1425 699 scire,
1464 651 1546 690 eut
1565 658 1649 690 ne·

601 709 718 758 scire
757 709 848 770 hoc
889 705 996 753 volo
1030 705 1120 753 Ph.
1165 723 1213 766 v,
1233 711 1281 754 8.
1301 711 1366 756 26
1421 706 1541 764 Quae
1563 723 1651 754 nos

599 787 782 834 semper
801 769 1016 818 omnibus
1035 769 1244 818 cruciant
1263 770 1410 818 modis
1465 771 1556 820 Eu.
1593 771 1652 832 ii,

602 839 651 885 ⁸.
673 841 736 886 92
771 835 874 898 Ego
895 835 1032 882 istam
1052 834 1212 884 invitis
1233 834 1447 882 omnibus
1483 835 1575 882 Ad.
1594 834 1651 891 ii,

601 904 649 950 1.
670 904 702 950 4
735 898 964 947 Omnibus
987 897 1140 946 modis
1159 899 1295 946 miser
1315 913 1416 945 sum
1448 898 1542 947 He.
1583 899 1651 955 iv,

599 968 652 1014 4.
673 968 740 1013 79
792 961 1160 1011 Incommoditas
1189 961 1393 1025 denique
1425 963 1519 1010 huc
1551 979 1653 1010 om-

597 1027 669 1074 nis
709 1027 832 1076 redit
881 1025 944 1082 A.
987 1027 1059 1082 iii,
1079 1030 1128 1078 3.
1149 1031 1210 1075 35
1249 1025 1428 1074 Omnis
1461 1042 1533 1075 res
1555 1069 1562 1076 .
1581 1035 1655 1076 est

593 1091 694 1156 Jnm
718 1093 768 1138 in
789 1088 910 1139 vado
939 1089 1007 1139 A.
1029 1106 1078 1147 ν.
1099 1095 1148 1140 2.
1169 1096 1201 1141 4
1253 1090 1314 1138 In
1337 1098 1438 1138 tuto
1459 1100 1531 1140 est
1553 1107 1655 1138 om·

599 1157 674 1204 nis
695 1172 766 1204 res
785 1153 883 1202 Ad.
903 1155 956 1210 ii,
979 1159 1028 1204 4.
1052 1160 1082 1204 3
1116 1155 1176 1202 In
1199 1162 1246 1202 te
1269 1171 1376 1218 spes
1396 1155 1546 1203 omnis
1567 1171 1653 1202 no-

599 1220 674 1268 bis
693 1221 782 1268 sita
813 1229 885 1266 est
935 1218 1034 1266 Ad.
1077 1218 1151 1280 iii,
1167 1223 1217 1268 4.
1238 1224 1273 1269 9
1325 1219 1384 1266 Ῑιι
1421 1227 1468 1268 te
1501 1220 1655 1268 omnis

597 1285 746 1332 heret
763 1283 1023 1346 culpaaeoln
1074 1282 1168 1331 He.
1213 1284 1264 1338 ii,
1288 1288 1334 1333 1.
1357 1287 1420 1334 32
1475 1283 1536 1331 In
1579 1299 1655 1332 me

601 1347 754 1396 omnis
795 1363 904 1410 spes
944 1345 1056 1394 mihi
1091 1356 1166 1394 est
1206 1346 1298 1395 Ph.
1337 1349 1372 1403 i.
1393 1352 1442 1396 2.
1463 1352 1530 1397 89
1577 1348 1655 1396 Ita

601 1419 770 1460 nostrae
789 1419 864 1460 est
882 1411 1012 1460 omni
1031 1411 1202 1458 fautrix
1239 1411 1428 1459 familia».
1477 1411 1566 1461 Eu.
1605 1429 1653 1469 v,

597 1482 648 1527 9.
669 1481 734 1526 22
783 1475 908 1524 Rem
947 1491 1131 1523 omnem
1163 1491 1192 1523 n
1225 1476 1456 1539 principio
1491 1476 1653 1524 audies

599 1540 664 1590 A.
679 1542 721 1596 i.
750 1545 792 1590 1.
813 1545 874 1590 21
910 1539 1032 1596 Quae
1055 1539 1168 1587 mihi
1187 1556 1370 1588 omnem
1383 1541 1536 1590 vitam
1553 1556 1653 1588 cre-

519 1607 526 1613 '
601 1605 726 1654 didit
747 1603 820 1655 A.
858 1604 892 1661 i,
911 1611 959 1653 5.
980 1608 1043 1655 37
1093 1603 1222 1652 Novi
1243 1621 1340 1652 rem
1361 1619 1544 1654 omnem
1588 1604 1654 1652 A.

599 1669 670 1732 iv,
684 1675 734 1719 4.
756 1673 820 1718 50
852 1668 1046 1718 Vestem
1066 1683 1252 1716 omnem
1273 1669 1449 1719 misere
1465 1669 1657 1716 discidit

603 1733 696 1781 Eu.
715 1733 852 1789 ina.
875 1736 908 1782 4
942 1731 1024 1780 Ad
1047 1738 1092 1780 te
1113 1732 1310 1788 attinere
1332 1733 1452 1782 hanc
1468 1741 1655 1782 omnem

603 1798 732 1846 rem?
767 1797 858 1846 Eu.
879 1797 944 1852 iv,
965 1801 1017 1846 6.
1037 1801 1068 1845 7
1111 1797 1185 1844 Tu
1207 1798 1282 1844 isti
1305 1813 1438 1846 narra
1467 1813 1651 1846 omnem

603 1877 702 1910 rem
721 1861 885 1909 ordine
937 1859 1029 1909 Eu.
1063 1877 1110 1918 v,
1133 1867 1180 1910 5.
1201 1866 1290 1912 28·
1311 1861 1472 1909 In‘me
1511 1861 1655 1924 plane

603 1925 674 1975 Di
711 1931 988 1990 potestatem
1025 1940 1154 1972 suam
1189 1941 1373 1976 omnem
1409 1927 1663 1990 ostendere¹

604 1990 698 2048 Eu.
711 2006 770 2055 x,
788 1995 838 2040 9.
857 1994 906 2040 3.
921 1989 1058 2038 Prius
1072 1989 1360 2052 proditurum
1377 1997 1423 2037 te
1441 2001 1566 2038 tuam
1585 1989 1655 2038 vi-

601 2063 720 2110 tum,
751 2062 801 2102 et
831 2054 957 2118 prius
987 2054 1238 2117 pecuniam
1276 2070 1478 2111 omnem,
1515 2071 1655 2118 quam

603 2117 726 2168 Heu.
761 2118 832 2177 iii,
857 2123 904 2169 1.
927 2122 987 2167 71
1041 2117 1110 2166 Ut
1130 2126 1258 2166 recta
1276 2119 1352 2166 via
1376 2127 1657 2176 rem-narret

601 2184 766 2232 ordine
801 2197 1001 2234 omnem.
1067 2183 1208 2246 Spem
1246 2183 1511 2247 nuptiarum
1539 2193 1655 2232 'om-

601 2263 711 2298 nem
731 2247 872 2310 eripis
914 2246 1036 2294 Hea-
1078 2247 1142 2301 iv,
1167 2251 1216 2295 3.
1237 2251 1319 2297 28.
1339 2251 1401 2296 35
1454 2246 1657 2298 Omnem

601 2311 828 2362 familiam
848 2309 1072 2358 mulcavit
1093 2326 1240 2372 usque
1263 2312 1324 2358 nd
1341 2319 1534 2362 mortem
1556 2310 1657 2360 Ad.

603 2375 641 2431 i,
663 2379 713 2424 2.
732 2380 765 2424 9
801 2373 868 2422 Ut
885 2375 998 2424 iram
1019 2375 1140 2421 hanc
1161 2373 1212 2419 in
1229 2390 1309 2421 eos
1325 2389 1538 2422 evomam
1555 2391 1659 2424 om-

602 2454 732 2489 nem.
796 2436 1004 2501 Hegioni
1026 2452 1119 2484 rem
1149 2452 1334 2484 omnem
1363 2445 1548 2484 narrato
1583 2454 1657 2484 or·

603 2502 718 2551 dine
769 2500 864 2550 Ad.
907 2501 977 2558 iii,
1009 2506 1057 2550 2.
1091 2504 1168 2550 14.
1201 2506 1264 2550 53
1319 2501 1522 2549 Omnem
1561 2518 1657 2550 rem

603 2567 746 2615 modo
759 2566 860 2618 seni
878 2580 1140 2613 enarramus
1149 2565 1312 2614 ordine
1333 2565 1432 2614 Ad.
1450 2565 1520 2622 iii.
1533 2570 1579 2615 3.
1594 2571 1657 2616 10

603 2630 744 2695 Solus
764 2641 948 2680 omnem
969 2630 1197 2677 familiam
1213 2637 1443 2677 sustentat
1471 2628 1572 2681 Ad.
1587 2630 1659 2687 iii,

605 2699 654 2747 4.
675 2700 738 2745 35
792 2694 917 2742 Hem
955 2694 1068 2741 tibi!
1104 2694 1294 2745 rescivit
1335 2710 1519 2753 ornnem
1561 2710 1660 2745 rem

605 2759 704 2808 Ad.
726 2777 771 2818 v„
795 2764 842 2808 3.
859 2765 888 2809 5
937 2758 1180 2811 miseriam
1203 2774 1388 2807 omnem
1409 2772 1498 2822 ego
1519 2758 1659 2823 capio

603 2822 706 2872 Ad.
743 2840 789 2881 v,
811 2828 859 2873 4.
880 2826 944 2872 22
992 2822 1206 2871 Traduce
1225 2823 1450 2871 familiam
1473 2839 1659 2873 omnem

605 2888 667 2935 nd
691 2905 776 2937 nos
809 2886 907 2937 Ad.
941 2904 989 2945 v,
1011 2891 1058 2935 7.
1081 2891 1142 2937 12
1177 2887 1336 2940 Habes
1356 2903 1542 2935 omnem
1562 2904 1659 2937 rem

607 2951 703 3001 He.
725 2954 758 3009 i,
777 2958 828 3003 2.
850 2956 947 3003 119
980 2950 1180 2999 Omnem
1202 2967 1299 2999 rem
1319 2952 1538 3009 narrabit,
1561 2953 1660 3000 scio

605 3016 703 3065 He.
735 3016 803 3072 iii,
826 3020 874 3063 2.
898 3020 957 3065 15
1004 3014 1206 3065 Omnem
1241 3032 1336 3064 rem
1367 3017 1484 3075 scio,
1512 3024 1569 3063 ut
1600 3018 1663 3064 sit

605 3088 742 3143 gesta
773 3079 866 3128 He.
902 3079 972 3137 iii,
994 3085 1042 3129 5.
1065 3085 1129 3131 18
1183 3080 1289 3129 Hae
1311 3096 1378 3140 re,
1398 3081 1662 3135 etteomni

607 3145 744 3193 turba
762 3144 948 3193 evolves
979 3143 1068 3196 Eu.
1101 3144 1168 3200 iv,
1189 3149 1238 3193 4.
1261 3149 1324 3193 56
1354 3144 1515 3207 Ipsam
1551 3160 1660 3195 cum

604 3210 738 3261 omni
757 3208 934 3257 familia
954 3210 1013 3255 ad
1036 3224 1110 3255 me
1141 3208 1398 3270 profectam
1431 3224 1532 3257 esse
1565 3210 1660 3257 aie·

607 3274 724 3323 bant
755 3273 846 3322 Ph.
875 3272 943 3329 iv,
964 3278 1008 3319 1.
1029 3277 1060 3319 5
1113 3270 1206 3320 Cui
1227 3272 1374 3335 magis
1397 3274 1532 3321 bonae
1553 3273 1659 3321 seli·

530 3395 532 3397 v
605 3336 776 3385 citates
791 3351 952 3383 omnes
975 3336 1177 3383 adversae
1199 3337 1321 3384 sient
1351 3337 1443 3385 Eu.
1463 3338 1514 3393 ii,
1530 3342 1577 3385 3.
1595 3342 1659 3387 33

601 3400 751 3455 ,Foras
771 3398 909 3447 simul
928 3411 1088 3448 omnes
1109 3408 1348 3463 proruunt,
1363 3417 1415 3449 se
1441 3401 1552 3451 -Eu.
1586 3401 1660 3459 iii,

608 3469 659 3513 5.
681 3469 740 3513 51
794 3463 862 3512 Ut
887 3463 1044 3511 stultae
1062 3472 1113 3512 et
1132 3464 1294 3517 misere
1315 3480 1476 3513 omnes
1499 3481 1661 3513 sumus

607 3528 834 3591 religiosae
867 3527 991 3575 Hea.
1019 3528 1086 3583 iv,
1111 3534 1156 3579 1.
1179 3533 1242 3577 36
1289 3530 1482 3577 Matres·
1499 3543 1659 3585 ornnes

607 3592 718 3641 filiis
758 3594 808 3640 in
851 3601 1048 3655 peccato
1079 3592 1332 3655 adjutlices
1369 3594 1522 3647 solent
1559 3610 1660 3643 esse

607 3656 732 3707 Hea.
773 3674 818 3715 v,
841 3661 891 3707 2.
915 3660 978 3706 38
1023 3657 1084 3704 In
1105 3673 1200 3721 quo
1215 3665 1392 3711 ‘nostrae
1414 3674 1540 3721 spes,
1560 3674 1659 3708 om·

601 3736 785 3785 „neuque
822 3720 1076 3784 opes,sitae
1118 3728 1250 3769 erant
1293 3722 1388 3771 Ad.
1421 3722 1492 3779 iii,
1520 3727 1568 3772 2.
1595 3726 1657 3773 33

607 3786 739 3845 Utin'
763 3801 923 3834 omnes
955 3786 1164 3833 mulieres
1195 3787 1360 3835 eadem
1392 3802 1527 3850 oeque
1559 3793 1659 3833 stu-

603 3852 768 3899 deant.
841 3850 946 3897 Uno
970 3850 1126 3897 animo
1162 3866 1324 3899 omnes
1359 3866 1516 3899 socrus
1543 3851 1660 3898 ode—

603 3924 714 3963 runt
735 3930 876 3963 nurus
917 3913 1014 3963 He.
1052 3914 1104 3975 ii,
1129 3918 1174 3963 1.
1197 3920 1246 3963 2.
1267 3921 1300 3965 4
1347 3914 1437 3962 Nae
1468 3930 1554 3962 nos
1583 3929 1659 3961 su-

605 3995 710 4027 mus
750 3979 912 4041 inique
955 3980 1088 4041 aeque
1129 3993 1290 4026 omnes
1335 3978 1500 4033 invisae
1552 3978 1659 4025 viris

577 4088 592 4103 x
605 4050 797 4107 propter
818 4056 1019 4106 paucasz
1044 4058 1151 4106 quae
1173 4058 1334 4089 omnes
1353 4042 1534 4089 faciunt
1553 4043 1659 4105 dig-

595 4106 682 4155 ‘nae
701 4116 754 4155 ut
774 4108 1013 4155 videamur
1033 4108 1156 4154 malo
1189 4106 1282 4153 He.
1302 4105 1356 4164 ii,
1380 4110 1428 4155 3.
1454 4111 1501 4155 1.
1521 4110 1552 4155 2
1592 4106 1659 4153 11-

607 4168 701 4219 lioo
725 4186 884 4219 omnes
901 4171 1038 4219 simul
1059 4170 1178 4217 laetae
1197 4170 1476 4225 exclamant,
1501 4170 1657 4217 venit!

613 4232 708 4280 He.
728 4235 799 4296 iii,
819 4239 866 4282 3.
889 4239 919 4285 7
955 4234 1105 4297 Cujus
1127 4250 1232 4297 spes
1251 4250 1458 4299 opesque
1480 4243 1590 4287 sunt
1610 4236 1659 4281 in

599 4304 658 4347 ‚te
681 4312 774 4345 uno
797 4313 956 4353 omnes
977 4298 1078 4349 sitae
1111 4300 1202 4351 Ph.
1235 4299 1316 4366 iii„
1331 4304 1378 4356 1.
1397 4304 1432 4351 6
1473 4299 1656 4363 Impru-
1676 4304 1681 4308 “

1567 423 1806 476 INDEX

1722 579 1843 628 dens
1860 588 2029 634 rerum,
2050 576 2329 642 &nurusque
2350 576 2559 628 onmium
2606 575 2697 626 Ed.
2731 577 2779 636 >if

1690 660 1693 664 ·
1722 647 1773 690 2.
1796 647 1861 695 56
1894 642 1993 698 Qui
2013 659 2115 690 esse
2138 643 2311 706 primos
2326 657 2376 688 se
2396 642 2603 690 omnium
2626 659 2777 692 rerum

1724 706 1907 766 volunt,
1928 723 2015 754 nec
2038 715 2165 754 sunt.
2213 707 2437 754 OmnIum
2455 709 2779 764 rerumsheus,

1726 770 1995 819 vicissitudo
2016 778 2091 818 est
2119 770 2213 822 Eu.
2235 771 2287 828 ii,
2309 775 2359 831 2.
2385 776 2463 820 17.
2484 774 2548 819 45
2586 775 2629 818 Ο
2648 781 2777 818 mea-

1724 849 1823 880 rum
1848 835 2139 897 voluptatum
2161 835 2365 882 omnium
2398 834 2643 882 inventor!
2684 835 2783 884 En.

1725 915 1773 954 v,
1794 903 1845 946 9.
1866 904 1899 948 4
1949 900 2076 948 Mihi
2104 915 2231 947 nunc
2258 898 2377 946 nihil
2399 915 2545 946 rerum
2568 899 2781 946 omnium

1724 968 1817 1018 est,
1848 963 2187 1026 quod.malim‚
2219 978 2377 1026 quam.
2440 962 2583 1020 Quod
2628 978 2783 1010 rerum

1726 1027 1932 1078 omnium
1950 1035 2023 1075 est
2045 1028 2243 1090 primum
2279 1027 2401 1074 Hea.
2432 1027 2488 1084 ii,
2507 1032 2556 1076 3.
2576 1031 2656 1075 26.
2683 1031 2783 1076 123·
2806 1088 2810 1090 ῃ

1728 1089 1851 1139 Cum
1892 1107 2075 1140 mecum
2142 1092 2287 1138 vitam
2330 1100 2477 1138 tunm·
2518 1091 2783 1152 considero,

1727 1154 2028 1219 omniumque
2048 1157 2170 1204 adeo
2199 1165 2454 1204 vostrarum
2500 1155 2620 1204 Hea-
2656 1155 2711 1214 ii,
2730 1159 2785 1204 4.

1726 1223 1761 1266 6
1791 1218 1975 1283 Nuper,
1996 1221 2152 1276 credo,
2170 1219 2271 1282 jam
2302 1220 2513 1268 omnium
2550 1219 2783 1283 (meretri-

1727 1283 1862 1346 cum)
1888 1285 2091 1332 taedebat
2140 1284 2235 1331 Ad.
2272 1284 2306 1341 i,
2328 1288 2377 1332 2.
2397 1288 2462 1332 70
2510 1283 2785 1330 Nostrarum

1727 1347 1869 1394 vitam
1888 1349 2094 1396 omnium
2108 1387 2114 1392 .
2128 1347 2225 1395 Ad.
2264 1347 2333 1402 iii,
2358 1351 2406 1396 2.
2427 1351 2491 1395 33
2524 1348 2661 1394 Intus
2683 1361 2785 1394 sum

1728 1411 1933 1460 omnium
1954 1428 2103 1460 rerum
2125 1419 2251 1458 satur
2284 1412 2381 1459 Ad.
2402 1427 2450 1472 v,
2478 1415 2524 1460 1.
2547 1417 2577 1458 3
2614 1411 2783 1460 Conti-

1728 1491 1824 1522 nuo
1849 1477 2037 1524 .voltum
2070 1491 2227 1524 earum
2258 1475 2385 1522 sensi
2416 1475 2650 1523 immutari
2682 1491 2787 1522 om-

1728 1541 1859 1589 nium
1892 1541 1991 1590 He.
2005 1540 2081 1598 iii,
2101 1545 2150 1590 3.
2172 1544 2205 1588 9
2248 1538 2403 1588 Deleo
2424 1553 2587 1586 omnes
2606 1539 2791 1588 dehinc

1728 1620 1787 1652 ex
1804 1604 1959 1654 animo
1983 1605 2195 1652 mulieres
2226 1603 2319 1650 Eu.
2352 1603 2409 1660 ii,
2430 1607 2481 1652 3.
2506 1609 2535 1651 5
2572 1602 2651 1650 Ita
2672 1619 2785 1651 con-

1731 1670 1927 1717 turbanti
1947 1668 2284 1718 minitationes
2322 1681 2485 1716 omnes
2528 1665 2619 1714 Eu.
2653 1683 2699 1724 v,
2732 1672 2783 1717 2.

1728 1736 1793 1782 30
1842 1732 2014 1782 Relevi
2052 1733 2183 1780 dolia
2220 1732 2395 1787 omnin.
2429 1746 2591 1778 omnes
2644 1731 2785 1779 serias

1728 1797 1853 1847 Heu.
1890 1799 1959 1854 iii,
1985 1803 2032 1846 1.
2056 1802 2118 1846 51
2166 1796 2377 1844 Ancillas
2398 1811 2567 1844 omnes·
2582 1795 2787 1844 Bacchi-

1728 1862 1801 1911 dis
1822 1864 2015 1910 traduce
2034 1863 2127 1909 huc
2146 1863 2207 1909 ad
2236 1876 2319 1910 vos
2345 1875 2543 1923 propere
2576 1859 2695 1908 Heu.
2716 1860 2788 1923 iv,

1727 1930 1775 1974 4.
1798 1925 2096 1988 22·Ιιῄιιι·ἱιιε
2127 1925 2215 1972 viri
2234 1940 2395 1974 omnes
2414 1925 2531 1974 fene
2552 1924 2643 1974 He.
2676 1923 2715 1983 i,
2732 1928 2785 1974 2.
2836 1953 2839 1965 =

1728 1993 1791 2038 91
1811 1990 1979 2038 Socrus
1996 2005 2159 2038 omnes
2177 2005 2279 2037 esse
2295 1989 2479 2052 iniquas
2492 1987 2585 2037 He.
2598 1988 2657 2044 ii,
2678 1991 2729 2037 3.
2750 1994 2784 2036 6

1730 2053 1810 2102 Sic
1832 2056 2007 2118 optime
2030 2069 2191 2102 omnes
2210 2069 2377 2102 cau-sas
2403 2053 2649 2116 praecidam
2683 2067 2785 2100 om·

1731 2119 1869 2166 nibus
1902 2119 1995 2169 He.
2024 2120 2090 2176 iv,
2112 2123 2161 2168 2.
2181 2122 2249 2168 22
2294 2117 2406 2174 Quo
2442 2117 2787 2179 magnorum

1729 2198 1801 2230 res
1844 2183 2063 2243 cautius‚-
2083 2198 2145 2231 ne
2185 2189 2354 2230 temere
2384 2182 2593 2237 facium·
2616 2194 2787 2230 accur-o

1730 2246 1824 2294 He.
1846 2264 1893 2304 v,
1914 2254 1961 2297 1.
1988 2253 2046 2297 11
2082 2247 2176 2296 Seu
2200 2246 2283 2294 tibi
2300 2245 2526 2308 morigera
2540 2245 2631 2294 fuit
2646 2247 2695 2292 in
2712 2260 2785 2294 re·

1729 2310 1817 2360 bus
1838 2311 2053 2360 omnibus
2084 2310 2149 2358 A.
2188 2309 2223 2367 i,
2247 2317 2296 2360 5.
2316 2316 2381 2361 59
2426 2309 2629 2361 Relictis
2644 2309 2785 2358 rebus
2856 2309 2859 2316 '

1730 2375 1963 2434 omnibus,
1986 2375 2183 2438 quaesivi
2216 2375 2307 2422 Eu.
2330 2375 2364 2430 i,
2386 2379 2435 2423 2.
2458 2378 2521 2424 86
2538 2374 2657 2437 -Ego
2672 2389 2783 2422 vero

1723 2437 1891 2501 jubeo,
1913 2439 2032 2489 etin
2056 2441 2143 2488 hnc
2165 2455 2231 2497 re,
2253 2447 2304 2486 et
2322 2438 2426 2486 aliis
2440 2437 2659 2489 omnibus
2679 2436 2784 2486 Ad.

1732 2518 1778 2559 v,
1800 2508 1847 2552 8.
1866 2510 1899 2554 2
1945 2504 2099 2551 Omne
2122 2504 2251 2567 quod
2284 2504 2573 2559 eat.interea,
2597 2510 2783 2565 tempus

1730 2566 1825 2618 He.
1848 2568 1919 2626 iii,
1943 2573 1989 2617 1.
2011 2572 2041 2617 7
2074 2568 2198 2616 Tute
2210 2569 2307 2617 hoc,
2319 2568 2515 2617 intristi:
2543 2567 2633 2615 tibi
2646 2582 2789 2617 omne

1732 2639 1803 2679 est
1823 2634 2115 2681 exedendum
2148 2633 2237 2682 Ph.
2260 2633 2314 2694 ii,
2331 2637 2379 2681 2.
2404 2637 2435 2681 4
2482 2630 2552 2681 At
2573 2639 2625 2679 ut
2644 2647 2786 2683 omne

1730 2696 1913 2745 reddat.
1944 2697 2031 2761 Sy.
2066 2698 2221 2745 Omne
2258 2698 2456 2745 reddet:
2502 2704 2606 2747 tace
2644 2698 2785 2747 modo

1731 2758 1831 2811 Ad.
1850 2761 1907 2817 ii,
1927 2765 1977 2811 4.
1999 2766 2061 2811 16
2091 2760 2362 2825 Perreptavi
2381 2776 2529 2824 usque
2542 2774 2680 2813 omne
2698 2776 2785 2824 op-

1732 2824 1898 2886 pidum
1926 2824 2028 2875 Ad.
2064 2825 2131 2881 iv,
2152 2830 2201 2875 6.
2222 2830 2253 2875 3
2304 2824 2361 2873 Id
2386 2826 2449 2873 de
2468 2826 2596 2875 lucro
2618 2832 2785 2887 putato

1732 2903 1835 2938 esse
1855 2905 1993 2939 omne
2040 2889 2145 2939 Ad.
2186 2907 2233 2945 v,
2257 2894 2305 2937 3.
2330 2893 2389 2939 31
2449 2890 2509 2937 Ιιι
2551 2904 2655 2938 eam
2693 2891 2787 2941 hoe

1732 2968 1873 3001 omne
1892 2970 2101 3001 evomam
2136 2954 2229 3003 He.
2248 2953 2317 3010 iii,
2340 2960 2389 3005 5.
2412 2959 2475 3005 65
2518 2952 2673 3007 Omne·
2692 2954 2785 3004 boc

1732 3024 1879 3067 mater
1900 3019 2079 3069 auferet
2108 3018 2197 3065 Ph.
2220 3020 2254 3073 i.
2280 3024 2325 3067 1.
2349 3024 2407 3067 15
2452 3017 2678 3066 Omne-id
2700 3020 2785 3066 de-

1734 3089 1899 3143 putare
1934 3098 2036 3130 ease
2074 3083 2124 3129 in
2158 3082 2287 3131 lucro
2335 3082 2425 3129 Ph.
2458 3082 2513 3137 ii,
2552 3088 2595 3130 1.
2624 3086 2701 3130 16.
2722 3086 2785 3133 21

1732 3144 1845 3193 Sine
1879 3146 2007 3193 omni
2042 3144 2217 3209 periclo
2260 3144 2327 3192 A.
2365 3146 2418 3201 ii,
2441 3150 2489 3193 3.
2514 3150 2573 3198 17
2624 3145 2788 3203 Facta,

1734 3216 1963 3259 transacta
1984 3210 2141 3260 omnia
2172 3209 2238 3257 A.
2260 3210 2293 3265 i,
2316 3215 2363 3258 5.
2388 3214 2447 3260 13
2472 3210 2635 3257 -Haud
2669 3209 2789 3266 scio,

1732 3289 1793 3325 an
1814 3275 1909 3321 sint
1929 3290 2037 3323 vern
2056 3274 2213 3323 omnia
2244 3273 2310 3323 A.
2330 3274 2400 3330 iii,
2420 3278 2469 3323 2.
2482 3279 2557 3323 45.
2579 3273 2627 3321 N
2634 3274 2787 3337 nptia-

1732 3352 1833 3385 rum
1856 3339 2005 3401 gratin
2023 3340 2125 3385 haec
2147 3346 2257 3385 sunt
2287 3339 2477 3401 incepta
2518 3338 2691 3387 onmia·-
2722 3338 2784 3389 A.

1732 3416 1781 3457 v,
1806 3406 1851 3451 1.
1875 3406 1936 3451 17
1971 3404 2143 3452 Omnia
2165 3410 2389 3468 apparata
2402 3402 2503 3465 jam
2522 3410 2635 3452 sunt
2656 3402 2783 3453 intus

1732 3464 1802 3514 A.
1840 3484 1885 3523 v,
1908 3471 1956 3516 2.
1978 3473 2011 3517 6
2060 3467 2121 3517 In
2146 3483 2301 3515 amore
2326 3468 2427 3515 haec
2448 3466 2605 3516 omnia
2624 3467 2787 3517 insunt

1733 3530 1852 3579 vitia
1877 3531 1975 3581 Eu.
1998 3534 2030 3589 i,
2055 3538 2101 3581 1.
2124 3536 2185 3581 14
2222 3532 2393 3579 Omnia
2412 3531 2515 3577 haec
2536 3545 2661 3580 nunc
2681 3545 2783 3577 ver-

1733 3595 1797 3643 ba
1834 3595 1927 3643 huc
1960 3597 2159 3644 redeunt
2192 3595 2401 3656 denique
2442 3594 2546 3641 ·Eu.
2585 3593 2621 3649 i.
2643 3598 2693 3645 2.
2717 3598 2781 3643 78

1735 3658 1807 3707 Ut
1838 3666 1969 3722 grata
2004 3659 2119 3706 mihi
2154 3658 2265 3719 sint,
2288 3658 2419 3720 'qum’
2442 3656 2588 3719 facio,
2626 3657 2785 3708 omnin

1732 3722 1827 3773 Eu.
1862 3722 1934 3779 iii,
1959 3727 2005 3771 1.
2028 3728 2061 3772 6
2108 3722 2227 3771 Haec
2252 3731 2361 3769 sunt
2383 3730 2539 3771 tamen
2560 3724 2619 3769 nd
2643 3722 2785 3775 virtu-

1733 3787 2008 3839 temomnin
2040 3786 2163 3836 Heu.
2202 3786 2237 3843 i,
2258 3791 2308 3836 2.
2332 3790 2393 3835 33
2446 3786 2634 3849 Cuique
2654 3794 2783 3834 erant

1735 3859 1867 3915 grata
1877 3851 2049 3905 omnia,
2065 3851 2349 3914 proterruisti
2365 3850 2475 3899 hinc
2508 3851 2629 3902 Hea.
2649 3851 2719 3907 iii,
2734 3855 2780 3903 l.

1734 3918 1820 3967 36,
1846 3914 1951 3963 Nec
1968 3915 2120 3973 nihil,
2154 3931 2309 3979 neque
2335 3915 2498 3971 ,omnia
2528 3918 2629 3966 haec
2657 3923 2783 3969 sunt,

1734 3994 1841 4043 quae
1862 3979 1979 4027 dicit
2008 3979 2107 4027 Ad.
2143 3978 2179 4037 i,
2198 3985 2247 4029 2.
2270 3984 2329 4029 61
2383 3979 2536 4034 Fient,
2558 3995 2664 4043 quae
2682 3978 2783 4029 fieri

1735 4060 1919 4108 aequum
1942 4050 2030 4101 est,
2052 4046 2210 4094 omnia
2239 4044 2337 4094 Ad.
2371 4041 2443 4105 iii,
2462 4049 2513 4092 4.
2536 4048 2599 4091 60
2634 4042 2785 4105 Cujus

1736 4108 1837 4157 haec
1860 4108 1979 4155 fiunt
1999 4108 2195 4157 consilio
2216 4108 2371 4165 omnia
2417 4108 2511 4158 He.
2554 4106 2625 4162 iii,
2646 4112 2694 4155 5.
2714 4112 2783 4157 64

1734 4174 1781 4219 Α
1803 4172 2051 4237 Myrrhina
2072 4173 2174 4221 haec
2196 4180 2305 4221 sunt
2323 4179 2479 4225 exorta
2497 4171 2653 4221 onmia
2682 4168 2783 4221 He.

1734 4236 1799 4294 iv,
1818 4241 1865 4286 4.
1894 4241 1957 4286 10
1990 4238 2225 4291 Meditata
2248 4236 2357 4283 mihi
2376 4241 2486 4281 sunt
2504 4234 2663 4286 omnia.
2680 4250 2785 4285 mea

1736 4299 1947 4359 consilia.
1972 4352 1979 4357 ,
2012 4302 2104 4351 Sed
2142 4300 2277 4351 satin’
2314 4300 2474 4350 omnin
2497 4315 2555 4349 ex
2590 4307 2783 4351 senten-
